1859 3326
283 213 459 247 Lxxxn
914 205 1121 244 HEYNE

288 312 390 349 modi
413 321 458 345 ac
490 306 687 352 temporis.
730 304 773 337 In
799 303 928 337 multis
966 312 1074 344 eum,
1106 302 1170 347 qui
1197 300 1292 335 haec
1322 301 1443 345 primo
1464 305 1740 337 commentatus

291 376 392 412 erat,
418 376 619 402 occurrere
645 363 813 397 voluisse
839 361 1006 394 arbitror
1030 369 1235 404 regnorum
1260 359 1508 403 corruptelis,
1538 361 1740 405 pravisque

291 436 424 473 regum
459 424 639 458 moribus.
696 420 839 453 Latent
875 418 996 462 igitur
1029 419 1067 450 in
1100 416 1159 451 his
1193 417 1375 450 nonnulla
1405 418 1613 463 antiquitus
1640 408 1740 461 apud

291 484 500 531 Aegyptios
524 483 561 515 in
589 480 687 513 hunc
709 486 852 510 morem
878 476 1073 517 instituta,
1099 474 1167 508 sed
1193 478 1379 508 exornata
1403 475 1478 508 ista
1501 485 1568 518 pro
1592 473 1741 508 consilii

290 546 463 583 ratione,
489 544 528 574 et
556 539 604 572 ad
628 546 710 571 eam
739 535 930 567 notionem
955 533 1209 576 amplificata,
1230 542 1341 577 quam
1366 537 1500 566 auctor
1521 525 1660 566 animo'
1671 540 1741 565 suo

291 597 594 638 circumferebat.
638 594 697 627 Ita
731 595 836 625 recte
866 594 1063 630 narratur,
1097 589 1196 635 quod
1220 599 1250 623 c.
1273 589 1340 624 74.
1365 590 1412 624 de
1439 591 1576 635 populo
1600 591 1638 623 in
1661 593 1743 623 tres

291 660 446 696 ordines
472 653 592 688 diviso
618 649 804 689 traditur3
827 647 866 680 in
890 648 1006 682 tertio
1029 652 1204 681 aratores
1226 649 1266 680 et
1289 651 1463 690 pastores
1487 647 1744 688 habebantur3

289 718 354 763 qui
387 711 561 747 mercede
589 708 796 742 constituta
829 704 1091 746 sacerdotum,
1127 705 1231 749 regis
1267 709 1308 738 et
1339 706 1519 747 militum,
1544 716 1659 750 agros
1683 714 1729 738 co

288 785 392 823 lere,
415 772 589 805 armenta
610 774 769 810 pascere
794 763 952 807 putandi
977 767 1085 805 sunt3
1109 766 1188 796 tum
1214 762 1370 807 opifices
1395 767 1434 796 et
1455 764 1636 796 artifices.

380 833 422 864 ln
454 826 600 861 caussis
631 819 869 866 superstitiosi
908 819 1104 854 bestiarum
1127 820 1243 855 cultus
1280 819 1486 854 reddendis
1513 823 1561 864 (c.
1583 817 1744 860 83-90)

291 893 468 926 auctores
493 884 624 926 utique
657 879 828 913 Graecos
860 888 975 923 super
1000 879 1244 923 Aegyptiacis
1273 877 1614 922 superstitionibus.
1636 885 1747 920 argu-

290 953 417 983 tantes
431 941 544 988 [125]Δ
560 938 759 980 exscribit3
781 946 853 970 nec
869 936 974 970 videt
986 947 1114 970 veram
1134 946 1306 970 caussam
1328 939 1367 970 et
1380 936 1567 969 rationem
1585 944 1671 968 esse
1683 942 1746 978 pe-

290 1005 443 1039 tendam
464 1000 510 1033 ab
530 996 759 1041 antiquitate
779 998 990 1037 temporum
1011 1004 1189 1028 successu
1204 996 1392 1038 corrupta.
1427 993 1468 1026 In
1486 991 1748 1036 religionibus,

292 1072 388 1108 quae
414 1057 597 1103 symbolis
623 1057 662 1088 et
687 1051 949 1095 hieroglyphis
975 1052 1280 1093 continebantur,
1305 1060 1463 1096 quorum
1479 1048 1748 1092 interpretatio

293 1131 367 1153 non
394 1117 465 1150 nisi
498 1117 602 1147 certo
635 1111 827 1145 hominum
854 1109 998 1151 ordini,
1022 1109 1285 1142 sacerdotibus
1311 1109 1487 1153 inquam,
1506 1106 1749 1139 institutione

295 1188 363 1223 per
398 1183 531 1208 manus
565 1169 728 1210 tradita,
758 1167 1046 1208 innotescebat,
1091 1167 1176 1200 lieri
1213 1166 1327 1199 aliter
1361 1176 1434 1199 non
1460 1165 1603 1208 potuit,
1634 1171 1746 1208 quam

294 1240 335 1267 nt
357 1232 460 1275 vulgi
485 1229 599 1262 animi
626 1223 887 1269 hieroglyphis
914 1224 1257 1264 adhaerescerent,
1278 1222 1529 1267 tandemque,
1555 1219 1750 1265 depressis

295 1292 343 1326 ad
374 1289 618 1327 servitutem,
655 1282 910 1329 ignorantiam
940 1289 988 1314 ae
1023 1286 1163 1315 metum
1191 1281 1401 1323 mentibus,
1439 1279 1487 1313 ad
1513 1278 1751 1323 superstitio-

294 1359 375 1383 sam
417 1345 655 1390 opinionem,
698 1340 803 1374 nulla
840 1339 990 1373 ratione
1036 1340 1310 1378 substructam,
1348 1339 1479 1376 omnia
1510 1338 1749 1371 revocarent.

294 1406 392 1441 'Nam
429 1413 476 1436 ne
510 1405 678 1440 statuas,
715 1397 804 1431 inde
840 1397 886 1430 ab
919 1398 1158 1431 incunabulis
1190 1407 1259 1442 per
1291 1397 1419 1430 omnia
1442 1395 1573 1429 secula
1594 1397 1750 1438 gentem

293 1461 564 1506 Aegyptiacam
591 1456 748 1497 eodem,
781 1458 823 1488 ut
849 1456 970 1489 nostri
994 1455 1135 1500 Negri,
1169 1464 1276 1488 more
1302 1454 1512 1486 animantia
1541 1459 1609 1497 pro
1633 1451 1751 1485 numi-

294 1521 402 1555 nibus
430 1518 635 1556 adorasse,
660 1517 765 1547 vetat
790 1522 873 1546 cum
896 1514 1088 1558 antiquior
1112 1523 1239 1546 rerum
1263 1512 1362 1555 apud
1390 1512 1527 1545 Mosen
1555 1510 1751 1549 memoria,

292 1583 371 1612 tum
398 1576 544 1619 reliqua
585 1582 681 1618 quae
725 1571 772 1605 de
803 1571 995 1615 sapientia
1027 1572 1302 1615 Aegyptiorum
1336 1573 1549 1603 memorata
1572 1570 1626 1601 ita
1650 1571 1752 1609 sunt,

292 1640 335 1670 ut
360 1634 485 1669 refelli
520 1634 721 1676 nequeant.
768 1630 977 1664 Firmatam
1013 1638 1099 1662 esse
1125 1628 1435 1671 superstitionem
1463 1637 1550 1661 mox
1585 1627 1751 1660 aliisra-

292 1693 460 1727 tionibus
509 1700 582 1725 non
616 1698 773 1733 negem:
819 1690 979 1731 potuere
1006 1686 1106 1720 enim
1140 1687 1218 1719 alia
1245 1685 1455 1719 animantia
1479 1685 1649 1725 servari,
1674 1684 1753 1717 alia

293 1751 499 1794 diligenter
524 1747 672 1787 curari,
706 1748 862 1790 propter
891 1744 1098 1783 utilitatem
1130 1744 1296 1787 aliquam
1327 1745 1538 1788 insignem,
1564 1742 1754 1776 cadavera.

293 1814 454 1853 potuere
492 1805 622 1846 condi,
653 1814 700 1837 ne
733 1805 902 1849 proiecta
939 1812 1070 1836 aerem
1103 1806 1412 1847 corrumperent3
1450 1801 1577 1835 omnia
1609 1799 1704 1833 haec
1728 1808 1753 1832 a.

296 1867 407 1900 iustis
439 1864 583 1897 caussis
617 1861 790 1907 profecta
817 1861 857 1893 in
884 1860 1111 1904 religionem
1137 1860 1236 1894 verti
1261 1863 1420 1904 potuere
1445 1862 1601 1904 propter
1623 1867 1754 1893 rerum

298 1923 578 1968 cognationem.
606 1919 669 1963 (cf.
694 1917 838 1954 Herod.
861 1917 907 1958 11,
928 1917 1015 1961 67.)

390 1980 496 2020 Quae
535 1978 576 2010 de
604 1987 703 2010 more
739 1974 933 2019 sepeliendi
968 1979 1003 2008 et
1031 1972 1220 2009 condiendi
1245 1975 1583 2019 mortuosnarrat,
1621 1974 1669 2015 (c.
1689 1970 1756 2007 91.

300 2038 384 2081 92.)
411 2047 484 2070 non
521 2045 568 2068 ex
603 2036 686 2067 visu
720 2034 900 2067 audituve
932 2032 1067 2074 habet,
1099 2042 1231 2066 verum
1273 2042 1320 2074 ex
1344 2031 1594 2074 scriptoribus
1623 2032 1755 2076 utique

298 2096 426 2141 petiit,
457 2093 520 2139 qui
553 2093 630 2126 alia
667 2092 873 2132 vidissent,
915 2091 991 2124 alia
1027 2091 1282 2134 antiquiorum
1317 2093 1474 2125 narrata
1508 2090 1759 2133 accepissent.

300 2154 423 2187 Multa
456 2153 584 2195 itaque
621 2149 760 2190 tradit,
792 2158 889 2193 quae
928 2149 960 2181 si
987 2149 1159 2181 severius
1184 2147 1266 2190 ipse
1292 2147 1508 2190 exegisset,
1541 2147 1580 2178 in
1607 2145 1757 2179 tabulas

301 2220 390 2243 suas
422 2210 486 2241 vix
520 2208 729 2242 retulisset.
790 2207 917 2239 Etiam
950 2207 988 2239 in
1018 2206 1102 2239 loco
1137 2203 1179 2237 de
1206 2202 1429 2247 sapient-ibus
1463 2202 1658 2244 Graeciae,
1693 2204 1758 2248 qui

301 2269 515 2311 Aegyptum
545 2265 687 2298 adiisse
729 2267 769 2297 et
803 2264 922 2297 multa
965 2262 1051 2296 hinc
1094 2263 1271 2295 instituta
1317 2264 1536 2306 reportasse
1572 2259 1760 2300 feruntur,

301 2326 525 2368 scriptorem
550 2322 779 2367 Aegyptium
802 2322 1101 2365 graecissantem
1120 2324 1209 2353 ante
1235 2319 1364 2353 oculos
1390 2317 1568 2352 habuisse
1586 2317 1761 2364 videtur3

302 2382 341 2415 id
369 2381 467 2426 quod
491 2385 655 2424 arguunt
681 2380 844 2423 repetita
868 2379 916 2412 ab
938 2378 1138 2422 Aegyptiis
1161 2387 1272 2410 sacra
1295 2376 1550 2417 Graecorum,
1574 2378 1654 2408 tum
1679 2385 1759 2420 my-

302 2440 421 2473 steria
448 2443 486 2471 et
512 2448 575 2472 res
601 2437 770 2472 infel-aet
794 2434 969 2482 quodque
996 2437 1034 2468 in
1060 2434 1117 2468 his
1138 2444 1270 2479 parum
1298 2433 1559 2470 verisimiliter
1583 2432 1760 2474 traditur,

302 2496 351 2529 ad
378 2497 548 2530 locorum
572 2495 675 2540 apud
708 2494 916 2538 Memphim
949 2493 1063 2526 situm
1096 2492 1181 2526 loca
1216 2493 1342 2526 infera
1366 2491 1600 2525 Graecorum
1620 2489 1760 2523 fabulis

304 2563 390 2587 esse
416 2553 617 2597 descripta.
666 2552 785 2586 lmmo
810 2562 920 2592 vero,
955 2561 1037 2584 cum
1060 2551 1157 2584 istae
1185 2549 1336 2583 fabulae
1371 2559 1418 2582 ex
1442 2548 1605 2581 naturali
1629 2557 1759 2580 rerum

305 2611 431 2654 specie
455 2610 502 2643 ad
525 2609 758 2654 probabilem
780 2610 944 2654 aliquam
967 2609 1153 2642 rationem
1171 2607 1285 2652 [126]
1308 2606 1500 2640 aGraecis
1521 2605 1684 2649 ingeniis
1701 2614 1759 2638 es-

305 2671 391 2700 sent
426 2668 603 2701 inrentae
638 2674 678 2700 et
710 2671 895 2708 ornatae,
924 2666 996 2699 suit
1022 2668 1232 2710 Aegyptius
1271 2665 1408 2708 aliquis
1443 2673 1581 2708 graece
1615 2663 1759 2705 doctus,

309 2725 372 2768 qui
397 2724 480 2757 loca
507 2726 607 2758 circa
634 2723 841 2768 Memphim
864 2725 910 2757 iis
942 2725 1168 2756 assimilavit
1187 2726 1226 2757 et
1256 2722 1405 2755 fabulas
1428 2723 1531 2765 ipsas
1558 2720 1606 2754 ad
1634 2730 1680 2753 ea
1702 2730 1760 2752 re-

306 2782 402 2814 tulit.
450 2783 565 2815 Caret
595 2782 694 2815 enim
733 2783 834 2815 omni
867 2782 1037 2824 ratione,
1070 2781 1207 2815 funera
1239 2780 1407 2825 quotidie
1441 2779 1478 2811 in
1504 2788 1589 2812 eum
1615 2787 1757 2811 morem

307 2838 440 2881 ducta,
476 2844 515 2874 et
548 2849 726 2883 corpora,
759 2839 899 2875 iudicio
932 2838 1083 2881 habito,
1116 2842 1223 2874 trans
1248 2837 1499 2874 Acherontem
1525 2845 1611 2870 esse
1635 2838 1755 2870 vecta.
