1859 3326
341 202 457 235 XLVI
654 196 1077 232 WESSELINGH
1124 193 1488 226 PRAEFATIO.

338 301 468 348 pravis
499 301 539 333 et
570 298 752 332 momenti
783 294 959 335 levioris,
998 292 1122 327 locum
1154 290 1304 327 indulsi.
1351 291 1447 326 Ante
1484 289 1634 336 quidem
1665 290 1794 334 pulcre

339 359 547 397 meditatus
581 365 706 396 eram,
743 352 988 386 temerarium
1014 350 1085 384 hoc
1111 355 1224 396 atque
1250 349 1430 382 audacius
1462 349 1583 382 visum
1614 348 1672 381 iri.
1719 347 1795 381 Sed

339 416 429 463 quid
457 414 620 448 facerem
648 409 813 456 quaeso‘ss
860 410 1141 443 Proiiceremne
1172 418 1309 452 gazas,
1344 410 1449 439 tanto
1475 405 1620 446 studio,
1663 408 1795 449 totque

338 474 509 518 inpensis
542 470 706 513 undique
731 467 934 500 conductas
961 470 999 499 et
1021 467 1247 506 arcessitas,
1288 464 1550 508 negligenter,
1587 467 1630 495 ut
1655 462 1796 495 sactum

339 538 605 573 nonnunquam
641 524 912 563 animadverti,
955 524 992 556 in
1018 523 1230 568 publicum&
1277 523 1358 566 Ego
1382 531 1472 553 vero
1500 531 1650 564 semper
1673 519 1797 552 amavi

340 594 486 636 patrem
521 585 704 623 familias,
745 582 807 625 qui
839 581 1108 614 munditiarum
1144 581 1338 614 studiosus
1363 579 1599 623 supellectile
1625 584 1727 611 recte
1758 579 1798 610 et

342 648 541 690 eleganter
565 642 695 674 utitur.
748 638 796 671 H.
821 636 1117 671 STEPHANUS
1152 648 1316 682 paucos,
1357 647 1427 670 nec
1461 637 1622 679 optimos
1654 637 1797 680 utique,

339 702 538 746 usurpavit
563 697 730 731 codices:
775 694 866 728 mihi
892 696 1046 730 uberior
1071 696 1143 729 fuit
1167 697 1295 740 copia,
1330 698 1370 728 et
1393 695 1530 736 multo,
1567 694 1666 738 quod
1691 703 1797 737 prae-

340 762 473 795 fiscine
502 757 682 795 dixerim,
712 754 922 787 meliorum.
967 754 1017 786 Et
1045 754 1142 798 quod
1169 754 1222 786 illi
1250 754 1332 785 iure
1359 752 1520 797 quodam
1545 751 1688 784 licitum
1714 750 1798 791 fuit,

340 820 379 852 id
408 816 519 850 alteri
547 814 639 846 vitio
665 816 848 853 vertetur,
875 813 1099 855 praesertim
1126 812 1164 844 in
1188 812 1385 854 scriptore,
1414 813 1472 842 tot
1497 809 1590 842 locis
1617 811 1795 853 corrupto

341 881 380 910 et
403 871 689 908 amanuensium
712 869 988 911 intempestivis
1017 869 1330 913 explicationibus
1357 868 1519 912 turpiter
1544 863 1683 900 foedo}

610 925 701 970 “Orcp
731 927 767 959 δὲ
792 924 839 969 μὴ
863 922 945 958 τάδ’>
971 928 1062 960 ἐστιν
1088 929 1123 959 ἐν
1150 925 1265 972 γνώμῃ
1293 928 1388 970 φίλα,

612 983 740 1021 Κεῖνός
768 979 804 1017 τ’
830 985 940 1017 ἐκεῖνα
966 986 1155 1030 στεργέτω,
1187 983 1281 1028 κᾷγώ
1307 981 1403 1017 τάδε.

338 1046 525 1092 Equidem
561 1042 654 1077 nihil
686 1040 747 1074 hic
779 1041 965 1085 insolens,
1019 1052 1141 1086 neque
1174 1041 1589 1085 praestantissimorum
1624 1036 1798 1080 exemplo
1855 1078 1857 1082 1

339 1118 414 1140 non
439 1104 642 1139 munitum,
668 1099 819 1131 molitus
843 1108 937 1130 sum.
987 1099 1091 1139 Quae
1115 1098 1275 1131 Diodori
1303 1108 1351 1131 ex
1375 1095 1599 1129 schedarum
1625 1098 1799 1126 veterum
1851 1081 1854 1087 ¹

339 1164 480 1197 iudicio
505 1170 578 1193 non
604 1157 752 1202 putavi,
789 1156 912 1188 locum
940 1156 1014 1188 illis
1040 1157 1079 1188 in
1104 1155 1362 1196 variantibus,
1397 1163 1493 1198 quae
1519 1152 1715 1192 dicuntur,
1746 1151 1799 1184 le·
1844 1151 1854 1196 ’1

341 1220 528 1255 ctionibus
564 1215 719 1260 reliqui:
761 1223 914 1246 caussas
947 1224 1014 1246 cur
1047 1213 1122 1245 alia
1156 1213 1377 1252 maluerim,
1416 1210 1614 1253 adscripsi.
1660 1208 1800 1241 Latina
1850 1250 1857 1261 1

338 1280 658 1314 Rnononmxl,
688 1271 758 1305 etsi
780 1270 880 1303 haud
905 1270 997 1302 satis
1019 1270 1157 1314 ubique
1185 1269 1420 1310 arriderent,
1454 1279 1528 1302 non
1555 1267 1685 1307 reieci,
1716 1277 1800 1299 mu-
1853 1268 1855 1272 “

339 1337 430 1369 tatis
456 1339 602 1373 tamen,
635 1329 698 1362 ubi
725 1328 873 1361 Graeca
898 1326 980 1359 dari
1006 1331 1182 1371 poterant
1208 1326 1389 1366 meliora,
1427 1325 1629 1360 nonnullis,
1678 1325 1800 1358 Adno-
1845 1309 1851 1328 ἓ

338 1394 508 1426 tationes
532 1390 725 1422 doctorum
751 1386 940 1425 virorum,
975 1395 1067 1428 quas
1093 1384 1243 1429 quidem
1267 1393 1460 1424 noveram,
1491 1382 1689 1426 neglectae
1714 1393 1800 1415 nus·
1852 1424 1856 1431 1

340 1460 453 1494 quam
489 1451 585 1481 sunt.
643 1445 894 1478 Accesserunt
936 1442 1103 1475 ineditae
1145 1443 1356 1475 losssrlu
1393 1439 1690 1481 Sclmcssm,
1741 1440 1800 1472 Is.

340 1508 539 1545 Vossu,
592 1504 663 1537 CL.
701 1501 936 1534 §.mansu
972 1503 1009 1532 et
1040 1500 1080 1534 F.
1117 1500 1296 1532 URsnss
1337 1499 1599 1531 coniecturae:
1641 1507 1800 1542 quarum

341 1563 598 1598 Salmasianas
624 1561 659 1592 in
686 1559 876 1601 Excerpta
903 1557 1043 1591 Valesii
1070 1567 1116 1590 ex
1146 1556 1269 1596 edito,
1313 1565 1423 1599 quem
1453 1553 1543 1586 mihi
1572 1553 1802 1588 humanissi-

339 1632 402 1655 me
429 1620 565 1653 obtulit
588 1619 646 1650 vir
671 1617 803 1649 doctus
828 1615 890 1647 10.
912 1614 1012 1647 Gon
1027 1624 1127 1646 own.
1156 1613 1278 1645 Rlcu
1290 1621 1403 1652 TER,
1436 1612 1639 1654 exscripsi,
1672 1613 1798 1645 Ursini

339 1680 460 1713 Roma
484 1677 584 1709 ultro
608 1674 856 1708 transmissae
881 1676 988 1710 sunt,
1015 1671 1083 1704 sed
1107 1672 1250 1711 serius,
1273 1669 1374 1702 unde
1401 1669 1524 1702 nullus
1547 1669 1623 1702 illis
1648 1671 1719 1703 nisi
1745 1671 1799 1702 in-
1848 1669 1850 1676 ’

341 1742 402 1770 ter
428 1733 610 1769 Addenda
635 1734 741 1766 locus
768 1741 852 1764 esse
879 1730 1019 1773 potuit:
1060 1729 1158 1773 quod
1183 1729 1304 1772 ipsum
1334 1730 1487 1760 censeto
1515 1725 1561 1759 de
1586 1732 1800 1760 conmenta·

340 1794 445 1827 tione
472 1790 700 1833 Amplissimi
735 1797 794 1820 DE
828 1787 1038 1827 ΙοιιῡΑΝ,
1080 1786 1361 1830 chronologiam
1389 1784 1547 1817 Diodori
1573 1783 1682 1817 docte
1716 1785 1799 1818 illu-
1847 1770 1856 1811 'f

340 1852 505 1889 sti-ante,
547 1858 677 1892 quam,
717 1847 826 1879 sicuti
855 1845 901 1878 ad
930 1855 988 1877 me
1016 1854 1062 1877 ex
1087 1842 1310 1876 Boiohemia
1337 1842 1503 1885 allegata
1530 1847 1612 1883 est,
1659 1853 1798 1886 operae

343 1910 627 1950 expresserunt,
683 1903 911 1947 Legentium
938 1912 1050 1945 porro
1075 1901 1258 1934 conmodo
1283 1901 1320 1933 in
1347 1901 1535 1933 sectiones
1558 1901 1637 1933 sive
1664 1903 1799 1944 capita,

344 1965 518 2007 exemplo
536 1963 696 1995 Latinae
716 1958 893 1994 editionis
916 1958 1263 1998 Rhodomanianae,
1285 1957 1406 1995 libros
1432 1957 1555 1998 divisi,
1581 1962 1620 1990 et
1643 1968 1689 1990 ne
1713 1969 1800 2002 ope·
1850 1952 1856 1984 ἰ

340 2032 422 2056 ram
452 2023 488 2054 in
515 2019 732 2065 quaerendo
760 2017 1059 2057 frustrarentur,
1103 2016 1236 2060 quibus
1263 2019 1328 2048 aut
1353 2013 1532 2058 Stephani
1556 2017 1623 2046 aut
1650 2014 1799 2048 Rhodo·
1853 2002 1856 2009 ⁴

342 2081 444 2113 mani
470 2080 601 2115 ἔ-’κόοσις
626 2075 849 2109 familiarior
872 2074 1017 2114 fuerat,
1052 2075 1246 2117 utriusque
1272 2073 1429 2116 paginas
1455 2072 1615 2115 margini
1643 2072 1799 2116 adpingi

341 2139 455 2177 iussi3
502 2134 752 2179 Stephanieae
784 2131 832 2164 ad
866 2141 971 2165 oram
1006 2131 1259 2171 exteriorem,
1302 2130 1343 2161 in
1375 2129 1557 2161 interiore
1589 2127 1799 2163 Rhodoina-

342 2195 493 2228 nianae.
1858 2224 1859 2227 Ἴ

435 2248 543 2290 Quod
568 2249 763 2291 superest,
803 2246 1008 2286 maximas,
1045 2244 1154 2277 sicuti
1181 2253 1343 2287 aequum
1370 2246 1447 2284 est,
1494 2253 1565 2287 ago
1599 2241 1797 2288 habeoque
1850 2270 1854 2275 .

342 2310 486 2354 gratias
520 2305 710 2346 omnibuS‚
753 2313 910 2346 quorum
937 2303 1078 2335 auxilio
1102 2301 1271 2334 codicum
1298 2305 1477 2344 excerpta
1502 2304 1541 2334 et
1565 2300 1660 2341 alia,
1702 2311 1797 2345 quae

340 2366 430 2400 huic
456 2365 612 2399 editioni
637 2362 860 2406 dignitatem
884 2359 1105 2400 conciliant,
1142 2359 1347 2402 inpetravi:
1387 2368 1481 2402 rogo
1511 2368 1660 2402 quoque
1685 2357 1798 2392 vehe-
1851 2377 1853 2384 ⁴

343 2428 510 2463 menter,
558 2433 604 2455 ne
641 2419 731 2453 mihi
761 2420 1005 2462 inputentur‚
1052 2426 1148 2461 quae
1175 2426 1315 2459 operae
1342 2426 1401 2449 me
1426 2416 1544 2449 invito
1573 2419 1611 2448 et
1637 2414 1796 2448 absente

343 2482 596 2526 deliquerunt.
648 2479 849 2521 Inpensum
876 2475 1026 2519 quidem
1053 2474 1215 2516 diligens
1241 2473 1407 2506 studium
1433 2476 1510 2514 est,
1554 2476 1596 2505 ut
1635 2472 1796 2505 mendae

341 2539 575 2571 vitarentur:
620 2534 688 2568 sed
719 2539 828 2567 extra
864 2532 959 2565 hanc
992 2531 1123 2564 urbem
1157 2542 1238 2565 cum
1270 2542 1332 2565 res
1366 2533 1632 2575 perageretur,
1676 2534 1714 2563 et
1740 2541 1797 2563 se-

342 2596 419 2629 mel
446 2599 558 2639 atque
582 2593 720 2625 iterum
746 2590 908 2623 adversa
934 2589 1164 2630 valetudine,
1192 2599 1310 2632 eaque
1330 2588 1577 2628 diuturniore,
1610 2588 1691 2630 ipse
1712 2597 1796 2620 con-

342 2653 529 2693 flictarer‚
559 2647 797 2694 deprehensa
821 2647 1001 2681 nonnulla
1025 2651 1133 2687 sunt,
1157 2647 1195 2678 in
1219 2646 1318 2679 tonis
1341 2644 1579 2688 praesertim,
1609 2653 1706 2688 quae
1730 2645 1797 2676 mi-

341 2711 443 2743 nime
479 2710 651 2753 placent,
695 2715 853 2750 quorum
878 2704 1048 2749 syllabus
1073 2705 1111 2736 in
1138 2703 1240 2736 calce
1266 2703 1504 2745 conspicitur.
1553 2702 1714 2735 Caetera
1742 2706 1797 2742 tu,

341 2765 486 2800 Lector
508 2764 714 2804 benevole,
751 2762 939 2805 corriges,
981 2766 1020 2794 et
1045 2770 1162 2805 quae,
1202 2764 1245 2794 ut
1269 2759 1315 2793 de
1340 2769 1381 2792 re
1407 2758 1578 2791 literaria
1602 2769 1670 2802 pro
1695 2759 1794 2791 virili

339 2823 438 2858 bene
465 2832 655 2866 mererer,
684 2819 853 2856 Diodoro
878 2818 1082 2862 adscripsi,
1113 2818 1224 2862 aequi
1249 2817 1412 2863 bonique
1439 2816 1625 2853 consules.
1650 2815 1757 2852 Vale.
