1891 3310
314 234 389 265 DE
425 233 739 265 FONTIBUS
772 233 936 267 111s'r.
973 233 1261 267 DIODORI.
1378 234 1511 268 Lxxv

59 330 135 365 bile
161 332 222 374 fit,
252 332 354 365 vitae
380 326 547 364 cultu'et
578 325 820 365 institutione
843 329 939 366 alios
963 330 1179 373 anteibant,
1210 331 1346 365 mirum
1373 332 1412 364 in
1439 343 1515 366 mo-

59 388 146 422 dum
174 389 398 423 excelluisse
427 390 629 421 narrantur
654 388 700 420 ab
727 389 923 422 Herodoto
947 388 993 430 ΙΙ,
1014 389 1078 423 77.
1124 389 1276 422 Interea
1302 399 1371 423 nec
1395 388 1469 424 hoc
1491 400 1515 424 a

57 454 150 478 vero
177 445 380 486 abhorret,
406 445 600 478 exstitisse
624 455 771 489 quoque
797 446 964 489 lapides,
987 446 1025 477 iu
1052 455 1145 489 quos
1168 455 1232 488 ea,
1258 456 1355 490 quae
1381 457 1427 480 ex
1451 457 1516 480 an-

57 502 174 544 tiquis
211 501 472 546 hieroglyphis
515 501 676 544 intelligi
718 511 827 545 posse
867 502 1113 547 putabantur,
1139 502 1278 537 litteris
1316 505 1517 548 Aegyptiis

59 563 169 592 erant
199 560 438 603 transcripta.
492 559 548 591 lta
579 557 677 602 apud
711 559 832 595 Tacit.
868 561 959 593 Ann.
990 559 1033 600 Π,
1060 559 1127 600 60,
1160 559 1387 595 Germanico
1423 563 1516 595 invi-

58 619 166 649 sente
198 618 429 661 Aegyptum:
461 621 495 649 et
520 615 714 649 manebant
739 614 914 660 (Thebis)
943 615 1086 650 structis
1111 617 1260 651 molibus
1285 617 1423 652 litterae
1444 618 1515 652 Ae-

55 672 205 717 gyptiae
231 674 392 718 priorem
425 672 642 719 opulentiam
677 673 904 716 complexae:
947 674 1070 716 potuit
1101 679 1231 708 tamen
1263 678 1426 722 scriptor
1456 676 1516 711 his

56 731 152 781 ipsis
189 731 283 765 nihil
318 731 421 764 aliud
466 742 575 776 quam
614 729 884 775 hieroglypha,
917 731 1125 764 cuiusmodi
1156 743 1240 769 wc.
1274 734 1312 766 in
1338 734 1517 768 obeliscis

59 791 168 829 sunt,
199 789 430 832 intelligere.
487 789 606 821 Unum
641 787 764 820 adhuc
796 786 1040 830 subiungani,
1073 790 1171 833 quod
1204 791 1251 824 ad
1281 792 1516 835 antiquiores

58 842 238 877 historias
271 850 438 890 spectat,
471 847 509 878 in
535 845 668 890 quibus
693 855 807 888 saepe
839 854 954 888 aegre
982 844 1084 878 ferre
1111 848 1213 881 viros
1236 848 1367 882 doctos
1390 849 1518 888 video,

58 900 157 944 quod
191 902 236 934 ad
262 903 469 946 simplicem
501 913 632 947 regum
667 903 990 935 enumerationem
1021 903 1282 951 factorumque
1313 917 1515 941 recensum

59 967 128 990 eae
153 959 329 996 redeunt.
373 961 483 1003 Atqui
512 961 593 1003 ipsa
619 960 780 992 materia.
799 959 1064 1005 scribendique
1088 966 1196 994 vetus
1219 965 1317 997 ratio
1337 965 1375 997 in
1401 965 1516 1007 saxis,

56 1013 393 1060 hieroglyphorum
420 1027 568 1062 quoque
594 1016 762 1057 indoles,
795 1017 857 1049 vix
883 1016 1125 1051 disertiorem
1151 1022 1426 1065 expositionem
1454 1023 1520 1056 ad-

57 1074 210 1107 mittere
245 1076 378 1119 potuit.
423 1076 676 1118 Quaecunque
709 1084 755 1107 ex
781 1075 915 1117 priscis
943 1078 1197 1110 monumentis
1219 1079 1333 1111 etiam
1360 1090 1382 1112 a
1407 1080 1518 1115 Mose

61 1131 251 1176 descripta
273 1135 370 1173 sunt,
396 1131 507 1177 [114]
522 1132 688 1164 breviter
704 1142 830 1165 rerum
849 1137 994 1165 tantum
1017 1145 1182 1167 summas
1195 1135 1518 1180 comprehendere

60 1189 142 1233 quis
180 1189 361 1223 miretur'}
394 1189 583 1222 lmliculos
618 1189 745 1232 itaque
779 1200 912 1234 regum
944 1193 1237 1237 Aegyptiorum,
1272 1205 1364 1239 quos
1398 1195 1518 1231 habe-

59 1256 164 1289 mus,
202 1257 248 1280 ex
284 1247 418 1290 priscis
456 1247 710 1278 monumentis
743 1245 956 1292 descriptos
994 1259 1078 1283 esse
1110 1260 1253 1295 negare
1287 1253 1422 1287 nolim:
1449 1255 1519 1289 sed

58 1313 179 1337 annos
201 1304 352 1338 additos
386 1314 433 1337 ex
460 1303 698 1336 sacerdotum
724 1303 1041 1349 interpretatione
1070 1311 1108 1340 et
1131 1311 1412 1352 computatione
1433 1322 1519 1355 pro-

57 1361 185 1394 babile
218 1361 272 1394 fit.
325 1363 487 1394 Omnino
523 1361 787 1405 antiquissima
821 1372 992 1406 quaeque
1028 1363 1254 1399 brevissima
1287 1377 1373 1402 esse
1406 1374 1519 1403 autu-

59 1419 238 1452 mandum
265 1422 342 1461 est,
366 1424 423 1461 et,
453 1420 484 1452 si
510 1419 702 1455 volumina
727 1419 920 1462 audimus,
953 1421 1114 1465 singulis
1140 1422 1242 1457 foliis
1264 1427 1404 1459 nostris
1429 1438 1520 1472 per-

60 1477 173 1509 scribi
207 1476 304 1509 forte
340 1486 475 1521 posse,
512 1486 608 1522 quae
645 1477 734 1510 olim
769 1477 818 1510 in*
840 1479 1032 1513 volumine
1080 1478 1211 1514 habita
1254 1486 1405 1526 essent,
1440 1495 1518 1521 me-

58 1544 292 1568 nllnel'isslssS.

152 1592 235 1625 Non
268 1593 395 1638 itaque
428 1593 509 1627 falli
541 1603 600 1627 me
637 1592 822 1635 arbitror,
858 1594 889 1626 si
915 1593 1070 1636 dixero,
1101 1599 1249 1638 partem
1274 1597 1439 1643 aliquam
1464 1599 1518 1635 hi-

60 1651 261 1683 storiarum
283 1651 541 1685 sabulosarum
566 1662 615 1686 ex
640 1652 893 1685 monumentis
918 1652 1016 1685 male
1035 1654 1212 1696 acceptis,
1237 1655 1349 1689 aliam
1374 1668 1421 1692 ex
1441 1658 1519 1694 hie-

59 1707 276 1751 roglyphis,
313 1719 471 1753 quorum
499 1711 555 1742 vis
592 1715 630 1743 et
663 1719 796 1742 sensus
828 1709 1094 1753 ignorabatur,
1125 1711 1275 1745 ductam
1302 1724 1399 1749 esse.
1446 1718 1516 1761 lta,

59 1770 103 1797 ut
124 1776 196 1797 uno
227 1770 265 1798 et
291 1766 414 1800 altero
449 1768 622 1811 exemplo
651 1772 757 1809 utar,
793 1765 993 1799 Phoenicis
1029 1769 1133 1801 notio
1171 1779 1217 1802 ex
1243 1771 1347 1806 nulla
1373 1775 1449 1809 alia
1474 1787 1517 1812 re

61 1833 172 1868 quam
196 1833 241 1855 ex
267 1824 412 1866 pictura
437 1823 745 1869 hieroglyphica,
778 1834 852 1869 qua
881 1823 1178 1859 adumbrabatur
1201 1829 1337 1872 cyclus
1358 1841 1518 1878 magnus

61 1882 150 1914 anni
200 1881 337 1913 solaris
380 1886 418 1915 et
451 1882 594 1914 lunaris
637 1882 683 1914 ad
716 1881 818 1915 idem
851 1883 1000 1915 initium
1043 1883 1257 1927 redeuntis,
1311 1887 1424 1923 ducta
1460 1895 1520 1926 est

61 1939 220 1986 (Herod.
261 1939 304 1979 ll,
336 1938 416 1983 73.)
449 1943 490 1972 ut
525 1939 663 1972 dudum
700 1940 864 1973 docuere
888 1941 960 1973 viri
986 1939 1099 1973 docti.
1146 1941 1251 1982 Quae
1279 1943 1325 1978 de
1353 1952 1519 1983 mortuo.

59 2009 143 2032 rum
169 1997 307 2030 iudicio
332 2001 544 2036 narrantur,
570 1998 601 2029 si
627 2007 738 2041 quem
762 1997 918 2030 fundum
943 1996 1097 2040 habent,
1123 2009 1170 2032 ex
1195 2002 1329 2044 priscis
1353 2007 1518 2052 sculptu-

60 2057 113 2090 ris
141 2065 187 2088 ca
215 2056 332 2098 petita
366 2065 451 2087 esse
474 2055 665 2097 suspicor3
701 2059 903 2088 occurrunt
936 2055 1058 2088 adhuc
1083 2058 1247 2101 vestigia
1278 2060 1317 2093 in
1345 2064 1521 2099 tenuissi-

62 2115 135 2147 mis
168 2112 224 2145 his
260 2112 450 2156 reliquiis,
484 2123 579 2156 quac
615 2117 837 2157 supersunt,
862 2123 896 2145 v.
923 2122 952 2146 c.
975 2113 1013 2145 in
1039 2115 1285 2160 sarcophagis
1311 2123 1385 2164 (ap.
1412 2123 1516 2162 Com.

65 2169 196 2216 Caylus
221 2169 370 2203 Recuez'l
397 2167 460 2206 To,
487 2168 529 2202 V.
550 2171 598 2214 pl.
621 2172 672 2215 8.)
698 2171 861 2204 Fabulas
885 2169 931 2203 de
961 2170 1124 2205 Osiridis
1146 2174 1318 2209 virilibus
1345 2179 1391 2212 ab
1416 2181 1518 2218 Iside

62 2229 294 2262 consecratis
329 2232 432 2260 ortas
467 2237 551 2261 esse
587 2233 676 2272 puto
699 2238 721 2261 a
747 2227 894 2272 phallo,
926 2227 1134 2272 symbolice
1169 2231 1208 2263 in
1233 2234 1442 2276 parietibus
1465 2241 1520 2284 pi-

62 2290 123 2319 cto
146 2290 198 2319 -et
219 2286 256 2317 in
282 2286 426 2329 pompis
462 2286 619 2320 deorum
651 2291 802 2331 portato
846 2285 975 2330 (Diod.
998 2286 1046 2328 11,
1074 2287 1141 2325 22.
1179 2289 1226 2322 cf.
1252 2290 1444 2333 Plutarch,
1470 2298 1518 2333 T.

61 2343 110 2385 11,
134 2352 173 2386 p.
197 2341 273 2376 358
295 2342 356 2387 B.)
1204 2351 1206 2354 ·

155 2400 297 2433 Verum
333 2409 399 2440 ca,
430 2410 526 2443 quae
553 2403 697 2444 sentio,
729 2412 805 2435 uno
833 2412 953 2446 eoque
979 2402 1165 2446 palmario
1193 2408 1368 2452 exemplo
1395 2410 1520 2448 decla-

61 2459 154 2493 rabo
181 2457 456 2501 sculpturarum
482 2460 665 2501 sepulcris
690 2460 959 2504 Osymandyae
988 2461 1118 2504 (Diod.
1142 2463 1171 2504 1,
1197 2465 1265 2498 48.
1288 2467 1374 2511 49.)
1422 2470 1520 2516 Regi

61 2516 243 2561 pugnanti
270 2514 317 2546 ad
340 2515 440 2562 latus
467 2520 550 2567 erat
581 2517 642 2550 leo
671 2517 787 2560 (haud
812 2518 923 2551 dubie
953 2518 1001 2551 ad
1027 2518 1288 2556 fortitudinem
1313 2531 1518 2571 pugnantis

62 2573 275 2615 alludente,
312 2582 352 2605 re
381 2576 507 2606 tamen
534 2584 621 2607 mox
647 2576 685 2607 in
711 2586 790 2608 rein
816 2580 964 2619 gestam
989 2581 1117 2619 versa)
1143 2578 1244 2612 ducti
1269 2581 1308 2614 in
1330 2585 1519 2630 triumpho

64 2632 200 2676 captivi
236 2632 317 2663 sine
350 2631 522 2663 virilibus
554 2636 593 2665 et
626 2633 707 2665 sine
741 2633 913 2666 manibus
965 2635 1032 2678 (en
1067 2637 1438 2680 originem'fabulae
1472 2645 1519 2679 de

64 2689 290 2722 Sesostridis
309 2689 443 2719 statuis
462 2690 498 2720 in
520 2691 633 2721 terris
652 2692 833 2723 victarum
855 2692 1023 2734 gentium
1043 2695 1196 2736 positis:
1223 2695 1373 2740 Diod.1,
1395 2699 1459 2737 55,
1483 2707 1523 2736 et

64 2747 145 2791 ipse
166 2745 308 2779 llerod.
340 2746 454 2790 [115]
485 2746 530 2787 ll,
552 2746 656 2789 102.)
675 2752 750 2780 tuin
771 2747 888 2784 XXX.
911 2749 1074 2783 iudicum
1095 2761 1295 2786 consessus
1317 2756 1355 2788 in
1370 2760 1519 2800 pariete

67 2805 307 2847 exsculptus,
333 2805 391 2836 cui
422 2814 467 2837 ex
496 2804 658 2837 adverso
683 2806 719 2837 in
749 2807 875 2840 media
903 2807 998 2840 aede
1026 2808 1178 2841 stabant
1201 2810 1342 2846 multae
1367 2818 1519 2850 statuae

67 2872 115 2898 ex
149 2863 253 2908 ligno
288 2862 436 2904 sactae,
469 2872 565 2908 quac
603 2863 878 2899 adumbrabant
919 2865 1151 2910 litigantium
1189 2871 1229 2902 et
1259 2868 1306 2904 de
1339 2871 1422 2907 iure
1448 2873 1522 2908 dis·
