1859 3326
264 159 324 200 88
730 151 1255 201 ANNOTATIONES

347 270 452 312 96.
488 271 562 311 32.
618 272 754 314 Τινῶν
786 270 829 314 δ’
861 270 1068 328 ἐγκρατεῖς
1103 271 1390 327 κατέστησαν]
1435 273 1611 318 Quatuox·
1647 284 1719 310 na-

261 326 371 366 vium
391 330 508 376 potiti
531 335 642 376 sunt,
671 330 706 366 si
734 328 929 369 Plutarch.
947 332 989 368 in
1009 329 1126 368 Dion.
1154 343 1190 380 p.
1217 332 1324 372 976.
1343 330 1390 370 A.
1422 329 1546 367 audis.
1579 327 1716 366 WEss.

374 385 449 424 96.
481 385 557 424 37.
595 380 821 440 Ῥζιθύμως
841 382 948 437 εἶχον
970 384 1023 426 τὰ
1042 386 1132 438 περὶ
1161 384 1237 433 τὰς
1257 383 1472 441 φυλακὰς]
1513 386 1621 422 Alias
1640 381 1719 440 ῥᾳ-

261 439 414 490 θυμεῖν
436 437 488 478 τὰ
509 439 600 493 περὶ
618 441 693 487 τὰς
713 439 915 495 φυλακάς.
945 443 1076 493 ltaque
1098 443 1197 480 nihil
1219 455 1366 481 moveo.
1397 442 1486 480 vid.
1508 442 1553 481 L.
1575 440 1624 479 II.
1649 441 1719 482 19.

265 502 304 534 et
319 496 362 534 I..
379 495 445 534 III.
469 497 543 536 55.
581 504 619 534 et
638 498 750 535 huius
771 501 837 536 lib.
863 512 895 536 c.
924 501 1009 548 l2.‚
1037 500 1104 536 ubi
1123 499 1267 537 eadem.
1306 498 1439 537 WESS.

376 554 453 593 96.
484 554 559 592 39.
593 550 980 605 ’Λναμαχὲσασθαι
1013 554 1082 594 καὶ
1111 552 1333 606 ἀναλαβεῖν
1361 549 1616 605 βουλόμενος
1641 548 1720 605 τὴν

262 598 422 660 ἧτταν]
459 607 570 646 Conf.
600 610 646 647 ad
680 609 722 647 L.
752 610 864 649 XIII.
886 613 959 652 87.
995 608 1383 662 Ἀναμαχέσασθαι
1411 612 1582 649 auctoris
1607 615 1722 658 atque

264 666 431 702 aliorum
452 665 706 704 adsuetudine
737 669 832 704 satis
866 674 926 705 est
954 670 1156 705 munitum.
1204 667 1377 716 Namque
1408 673 1448 703 et
1474 667 1518 705 L.
1543 662 1652 706 XIV.
1674 667 1720 706 2.

264 717 586 772 ἀναμαχόμενος
604 721 649 761 δὲ
670 719 717 762 τὸ
750 722 841 776 περὶ
863 722 939 764 τὸν
969 721 1145 775 βασιλέα
1163 720 1328 777 γεγονὸς
1358 718 1586 774 ἐλάττωμα·
1621 728 1660 759 et
1678 720 1725 760 L.

264 775 416 816 XVIII.
443 779 516 817 72.
557 772 578 817 ὃ
612 777 660 817 δὲ
682 776 930 832 Ἀντίγονος
952 802 1001 810 --
1023 777 1306 831 ἀνεμαχέσατο
1331 776 1379 819 τὸ
1409 776 1574 833 γεγονὸς
1604 772 1726 817 ἐλάτ-

264 847 389 884 τωμα
411 835 590 882 reperies.
640 834 726 872 Nic.
755 834 1019 875 Damascenus
1048 836 1231 884 Excerpt.
1259 850 1294 886 p.
1316 836 1424 876 482.
1454 835 1645 874 ὁιενοεῖτο
1673 853 1724 864 —-

263 886 347 942 τὴν
364 888 517 929 ἐκείνου
546 883 678 941 ἧτταν
707 888 1072 944 ἀναμαχέσασθαι.
1103 893 1243 950 Polyb,
1259 892 1304 932 L.
1327 892 1356 930 Ι.
1381 893 1452 932 55.
1480 885 1726 939 σπουδάζων

264 942 619 995 ἀναμαχέσασθαι
651 944 728 999 τὴν
757 948 1025 1002 γεγενημένην
1063 947 1331 1003 περιπέτειαν.
1380 949 1514 986 Liban.
1540 946 1658 984 Basil.
1684 959 1724 996 p.

267 1003 375 1042 133.
404 1001 453 1039 D.
483 999 793 1055 ἀναμαχεῖσθαι
828 1003 874 1044 δὲ
904 1003 981 1058 τὴν
1011 1003 1195 1058 πληγὴν,
1224 1002 1320 1045 οὐδὲ
1352 1001 1455 1058 ὄναρ
1483 1001 1727 1053 ἐλπίζουσιν.

265 1057 377 1103 Quae
395 1058 551 1107 quidem
570 1059 619 1096 ae}
645 1060 760 1098 verbi·
783 1074 897 1098 usum
918 1062 1069 1100 abunde
1088 1068 1214 1099 erunt.
1241 1061 1383 1099 WESS.

380 1116 456 1155 96.
484 1115 560 1155 49.
587 1113 667 1155 Ἐκ
683 1118 759 1168 τῆς
784 1115 923 1170 μέθης
948 1114 1206 1170 μεθύοντες]
1247 1116 1551 1154 Rhodomannus
1573 1116 1617 1153 in
1645 1120 1726 1153 not.

263 1181 422 1208 suarum
452 1170 628 1209 Addend.
658 1185 737 1224 pro
768 1170 998 1223 μεθύοντες
1027 1175 1116 1225 lego
1145 1176 1305 1212 interim
1341 1171 1586 1226 ἐγερθέντες·
1626 1169 1730 1219 ‘lumi

263 1228 428 1275 probum
453 1228 577 1275 foret,
609 1229 644 1265 si
673 1227 792 1267 codd.
822 1236 1006 1278 patronos
1034 1230 1206 1268 haberet.
1246 1230 1331 1281 Ego
1363 1242 1457 1268 vero
1480 1240 1560 1266 non
1589 1227 1729 1265 damno

261 1285 421 1332 penitus
442 1285 655 1336 vulgatum.
683 1284 797 1323 Dixit
810 1286 1009 1335 Oppianus
1030 1285 1200 1324 Halieut.
1221 1287 1266 1325 V.
1281 1288 1388 1326 228.
1418 1282 1463 1324 ἔκ
1481 1281 1515 1323 τ’
1540 1277 1730 1323 ὀδυνάων

262 1336 358 1391 θὴρ
378 1336 501 1386 ὀλοὸς
524 1337 678 1394 μεθύῃ.
703 1348 742 1379 et
771 1341 813 1382 S.
837 1343 1000 1381 Ioannes
1030 1343 1185 1393 Apocal.
1209 1357 1241 1380 c.
1260 1342 1387 1381 XVII.
1411 1343 1454 1381 2.
1482 1339 1551 1379 καὶ
1579 1334 1738 1391 ἔμε-’λύωι

265 1397 441 1446 σθησαν
465 1418 512 1424 -—
539 1396 583 1435 ἐκ
611 1399 687 1436 τοῦ
714 1395 827 1438 οἴνου
856 1401 932 1450 τῆς
952 1399 1145 1452 πορνείας
1173 1397 1315 1451 αὐτῆς.
1347 1405 1432 1435 tum
1457 1400 1632 1450 γυναῖκα
1661 1409 1733 1447 με·

265 1446 467 1490 θύουσαν
485 1451 528 1492 ἐκ
555 1455 630 1492 τοῦ
652 1453 829 1505 αἵματος
847 1457 932 1496 τῶν
953 1451 1104 1509 ἁγίων,
1130 1455 1233 1494 haud
1259 1456 1382 1493 multa
1401 1454 1576 1503 profecto
1603 1453 1734 1491 varie-

266 1509 365 1545 tatis
383 1507 713 1548 dissimilitudine.
740 1511 881 1549 WESS.

383 1565 458 1604 96-
482 1567 554 1605 73.
575 1561 898 1613 Ἐξαπὲστειλαν
918 1565 1072 1620 ἱππεῖς]
1101 1567 1312 1620 Operosius
1328 1566 1428 1605 haec
1442 1566 1546 1605 Plut.
1563 1566 1606 1603 in
1615 1562 1735 1602 Dion.

268 1630 309 1668 p.
330 1621 438 1660 976.
458 1620 509 1660 D.
544 1625 714 1670 exponit,
743 1624 881 1665 WEss.

386 1678 461 1718 96.
500 1679 573 1718 75.
613 1676 887 1729 Λοριάλωτον
918 1677 1162 1733 γινομένην]
1205 1679 1398 1718 Sicjnfra
1426 1677 1471 1716 L.
1488 1675 1635 1716 XVIII.
1655 1675 1733 1718 46.

271 1733 372 1769 etin
392 1733 577 1783 Excerpt.
603 1734 731 1772 Vales.
759 1750 794 1786 p.
817 1738 936 1783 301„
963 1736 1139 1785 Euripid.
1160 1735 1298 1774 Troas.
1329 1750 1367 1774 v.
1391 1736 1510 1783 517„
1541 1732 1736 1783 Synesius

272 1788 433 1827 Encom.
458 1788 596 1828 Calvit.
630 1803 664 1839 p.
690 1793 761 1832 84.
781 1792 831 1832 D.
859 1793 926 1830 sed
956 1787 1221 1846 δορυὰλωτον
1252 1793 1298 1829 de
1327 1792 1468 1829 Insom.
1487 1803 1524 1839 p.
1550 1791 1653 1830 148.
1676 1787 1736 1837 C.‚

274 1851 314 1881 et
337 1844 587 1884 Demosthen.
610 1848 657 1885 de
679 1847 819 1890 Coron.
841 1863 876 1899 p.
902 1851 1021 1895 170.⁹
1049 1848 1231 1888 Aeschin.
1254 1847 1345 1901 περὶ
1365 1848 1567 1900 Παραπρ.
1595 1859 1630 1896 p.
1647 1847 1737 1893 32-,

274 1901 379 1940 Plut.
408 1901 525 1941 T.11.
556 1917 593 1953 p.
614 1905 722 1944 295.
749 1904 819 1954 C.;
853 1917 950 1954 quae
980 1905 1175 1942 scribendi
1196 1905 1391 1942 discordia
1412 1899 1668 1957 ὁόρύκτητον
1698 1907 1738 1939 et

276 1956 522 2011 δορίκτητον
542 1972 692 2010 quoque
711 1962 881 2004 infestat.
919 1962 1006 1999 Vid.
1029 1968 1111 1998 not.
1131 1963 1173 1998 in
1196 1961 1238 1999 L.
1259 1960 1355 1999 XII.
1378 1961 1452 2000 83.
1482 1958 1620 1998 Wnss.

390 2015 466 2055 97.
496 2018 568 2055 82.
601 2017 686 2055 Καὶ
706 2014 905 2064 διανύσας
927 2015 1052 2064 ὀξέως
1071 2014 1146 2068 τὴν
1172 2016 1227 2063 εἷς
1255 2015 1434 2068 Συρακ.]
1464 2015 1658 2059 Quaedam
1678 2014 1739 2052 rei

275 2076 409 2121 gestae
429 2072 603 2109 ordinem
626 2076 861 2112 illustrantia
884 2075 1138 2125 negliguntur
1159 2073 1206 2110 ab
1228 2079 1396 2120 auctore,
1424 2083 1472 2108 ex
1495 2071 1597 2110 Plut.
1618 2069 1736 2108 Dion·

278 2138 316 2173 p.
348 2128 455 2167 977.
481 2125 522 2165 C.
557 2127 733 2177 petenda.
782 2129 843 2167 De
868 2130 1084 2180 Hexapylis
1110 2127 1278 2167 diximus
1305 2130 1415 2166 alias.
1456 2126 1520 2166 Tu
1547 2127 1637 2165 vide
1664 2125 1736 2164 Ph.

278 2180 434 2221 Cluver.
452 2183 495 2222 S.
515 2185 561 2224 A.
585 2185 627 2222 L.
650 2186 678 2225 I.
702 2200 737 2236 p.
763 2187 868 2228 145.
897 2186 1031 2224 VVEss.

392 2240 466 2279 97.
498 2241 568 2280 14.
604 2240 715 2289 Τοὺς
732 2241 809 2295 μὲν
829 2240 1010 2296 ἐχθροὺς
1032 2238 1220 2288 ἅπαντας
1238 2237 1415 2280 ἀπέλυσε
1432 2240 1517 2280 τῶν
1536 2231 1741 2291 ἔγκλημά-

277 2295 402 2345 των]
420 2295 629 2334 Considera
659 2300 714 2335 sis
748 2312 932 2350 magnum
958 2300 1037 2337 viri
1057 2300 1227 2336 animum
1255 2303 1293 2334 et
1320 2299 1460 2334 mirare
1488 2295 1744 2333 clementissi·-

281 2363 380 2389 mam
399 2353 631 2401 lenitatem,
678 2367 753 2403 qua
782 2355 1030 2393 Heraclidem
1059 2361 1098 2392 et
1136 2355 1236 2392 alios
1265 2357 1482 2401 tractavit.
1506 2351 1606 2404 apud
1634 2351 1740 2389 Plut.

280 2405 396 2444 Dion.
427 2421 461 2457 p.
484 2410 590 2449 979.
611 2409 655 2447 A.
688 2411 827 2450 Wssss.

324 2461 325 2464 ¹
394 2465 468 2504 97.
495 2467 569 2505 21.
604 2464 725 2505 Κατὰ
749 2460 794 2506 δὲ
813 2464 889 2517 τὴν
907 2462 1088 2506 ςΕλλάδα
1109 2462 1216 2518 etc.]
1247 2464 1329 2502 Suo
1349 2464 1445 2502 haec
1462 2470 1631 2513 tempore
1649 2473 1743 2500 nar-

283 2525 432 2557 rantur.
472 2520 624 2558 Sociale
654 2526 756 2560 enim
789 2523 934 2560 bellum
961 2523 1226 2560 Archontibus
1255 2521 1465 2572 Agathocle
1495 2527 1534 2558 et
1562 2519 1741 2572 Elpipice

283 2578 523 2623 potissimum
551 2578 625 2615 fuit
643 2579 966 2618 administratum.
1002 2578 1217 2628 Dionysius
1245 2581 1287 2616 in
1308 2577 1426 2628 Lysia
1455 2590 1490 2626 p.
1516 2577 1588 2616 87.
1618 2573 1740 2620 οὗτος

286 2629 330 2670 δὲ
355 2627 375 2671 ὃ
401 2629 579 2684 πόλεμος
599 2629 640 2685 (ὃ
663 2631 944 2685 συμμαχικὸς)
974 2633 1109 2674 πίπτει
1143 2632 1249 2674 κατὰ
1272 2629 1547 2686 Ἀγαθοκλέα
1565 2629 1635 2670 καὶ
1651 2627 1743 2669 Ἐλ-

288 2685 450 2739 πινίκην
472 2686 690 2741 ἄρχοντας.
716 2690 851 2728 WEss.

399 2745 477 2785 97.
507 2747 584 2785 29.
621 2742 866 2799 Ἰφικράτην
892 2743 960 2783 καὶ
982 2740 1225 2797 Τιμόθεον]
1263 2744 1397 2782 Addici
1420 2743 1578 2781 fuerunt
1608 2740 1740 2779 Mene·

291 2799 421 2847 stheo,
445 2803 505 2837 cui
527 2795 619 2837 imm
643 2804 724 2839 eius
752 2814 882 2839 curam
902 2800 1157 2838 Athenienses
1174 2802 1436 2850 inposuerant.
1478 2796 1592 2836 Corn.
1611 2796 1742 2848 Nepos
