1891 3310
448 151 514 192 IN
551 149 666 191 LIB.
705 149 804 193 XV.
834 147 965 188 CAP.
991 150 1068 192 45.
1092 171 1141 182 «-
1163 151 1241 192 47.
1512 157 1574 199 33

113 263 285 315 δύντος,
314 263 470 319 ἄνδρας
494 263 570 317 μὲν
601 262 678 305 σὺν
710 260 791 314 ἑνὶ,
822 267 1022 318 γυναῖκας
1045 261 1092 303 δὲ
1115 258 1191 304 δύο
1220 261 1365 315 ἱμάτια
1394 262 1570 323 ἑκάστην

112 320 301 373 ἔχουσαν.
358 321 452 360 Mox
480 329 584 359 recte
615 322 908 359 rescribendum
946 319 1249 358 Rhodomannus
1279 323 1380 359 vidit
1417 322 1457 363 οἱ
1490 326 1566 376 μὲν

114 379 316 431 Θηβαῖοι,
346 385 389 416 ut
410 380 453 415 in
473 377 568 430 Reg.
590 381 632 418 2.
661 380 817 428 legitur.
860 377 993 428 Neque
1015 378 1119 414 enim
1137 376 1450 417 Lacedaemoniis
1471 379 1566 420 haec

108 437 358 472 conveniunt.
386 434 482 472 Vide
504 435 710 473 Isocratem
731 433 891 473 Plataic.
912 446 948 482 p.
969 434 1075 474 448.
1108 440 1148 470 et
1165 433 1331 471 Pausan.
1358 434 1401 471 L.
1429 437 1502 475 IX.
1526 441 1565 479 1.

108 505 144 541 p.
169 492 287 538 713„
318 492 384 528 ubi
416 505 572 529 eversae
597 492 704 528 urbis
726 493 1010 538 eiectorumque
1036 491 1179 527 civium
1211 504 1340 528 casum
1358 493 1400 529 in
1421 506 1567 534 annum.

107 554 352 596 sequentem,
383 561 457 598 quo
488 548 652 586 Athenis
681 546 840 596 Astcius
868 554 1050 596 praetura
1081 547 1241 584 functus
1271 547 1369 596 fuit,
1398 551 1563 589 confert.

103 603 243 642 WEss.

220 661 294 702 38.
317 661 390 701 70.
434 658 489 700 Oi
515 658 592 713 μὲν
620 654 982 713 Λακεδαιμόνιοι]
1010 658 1160 697 vitiose
1187 670 1257 708 pro
1288 656 1330 700 οἶ
1364 659 1561 714 Θηβαῖοι,

101 715 238 754 ΒΗοι).

215 774 289 814 38.
324 772 396 813 71.
441 768 530 819 Τὰς
560 768 809 825 Πλαταιὰς]
865 767 955 824 Τὴν
983 767 1208 812 Πλάταιαν
1236 769 1332 823 Reg.
1353 775 1396 814 2.
1423 788 1558 828 margo

101 828 234 879 steph.
256 843 335 866 non
355 832 465 867 male.
494 830 581 868 Vid.
606 828 766 867 Casaub.
798 831 840 866 in
860 828 1000 865 Athen.
1022 828 1065 866 L.
1085 828 1148 866 IV.
1175 830 1248 869 13.
1279 829 1415 869 WEss.

215 887 280 925 Ibi
292 888 316 924 i.
346 886 430 925 Καὶ
459 882 641 932 Θεσπιὰς
659 892 730 923 etc.
760 881 1075 937 ἐξεπόρθησαν]
1119 884 1264 922 Sinon
1285 887 1390 923 fallit
1413 887 1559 927 Pausa-

89 943 211 990 nias,
241 942 433 992 Thespias
461 949 549 992 post
569 948 718 991 partam
739 942 789 978 ad
819 941 984 979 Leuctra
1011 943 1216 979 victoriam
1245 940 1422 980 Thebani
1442 958 1560 983 ever-

100 1005 254 1036 terunt:
293 1001 414 1036 refert
443 1002 545 1036 enim
579 998 860 1047 Thespienses,
890 998 992 1047 quod
1018 997 1214 1035 Thebanis
1245 1011 1325 1036 non
1350 1000 1559 1040 admodum

101 1056 322 1104 studerent,
345 1063 433 1093 ante
457 1057 644 1104 praelium
667 1055 912 1092 Leuctricum
932 1067 980 1091 ex
1009 1067 1142 1091 eorum
1171 1056 1308 1091 castris
1332 1056 1560 1096 discessisse

101 1112 276 1150 domum:
309 1119 412 1150 metu
434 1113 524 1149 dein
554 1112 774 1149 eorumdem
801 1113 938 1148 relicta
966 1111 1061 1148 urbe
1091 1108 1292 1148 Ceressum
1321 1114 1559 1163 confugisse,

97 1169 198 1219 quod
212 1169 463 1218 Thespiensis
484 1171 568 1220 agri
586 1171 776 1206 munitum
792 1175 874 1205 erat
892 1169 1109 1205 castellum:
1129 1167 1219 1204 inde
1241 1168 1418 1218 depulsos
1433 1171 1558 1209 fuisse

91 1227 145 1272 *ab
177 1225 445 1276 Epaminonda
470 1225 514 1265 L.
547 1223 617 1262 IX.
644 1226 715 1266 14.
762 1224 841 1261 Sed
870 1225 991 1262 falsus
1021 1231 1079 1261 est
1105 1224 1291 1272 profecto.
1338 1225 1437 1264 Nam
1468 1240 1557 1266 cum.

89 1290 279 1331 sequente
299 1296 401 1320 anno
425 1283 470 1319 de
491 1294 583 1330 pace
603 1274 854 1319 instauranda
875 1280 1086 1330 Spartanos
1115 1281 1220 1317 inter
1240 1288 1278 1317 et
1296 1279 1556 1320 Athenienses

97 1347 298 1390 ageretur,
324 1333 516 1384 ἀπόλιδες
536 1345 646 1376 erant
666 1336 942 1387 Thespienses,
971 1339 1257 1388 aegerrimeque
1276 1344 1437 1388 utraque
1455 1341 1556 1377 civi—

96 1402 157 1434 tas
185 1397 333 1434 ferebat
361 1393 436 1447 τὴν
459 1392 711 1435 Πλαταιέων
740 1409 783 1434 τε
812 1392 881 1434 καὶ
913 1390 1124 1433 Θεσπιέων
1155 1391 1386 1447 ἀναίρεσιν,
1413 1395 1555 1433 Xeno-

98 1452 239 1504 phonte
272 1459 427 1490 auctore
459 1451 501 1489 L.
524 1451 589 1489 Vl.
613 1450 766 1491 Hellen.
792 1464 827 1501 p.
849 1450 958 1491 461.
999 1450 1108 1487 Adde
1138 1451 1242 1487 inter
1272 1463 1425 1488 caussas
1448 1452 1554 1500 belli,

97 1523 121 1547 a
141 1508 382 1546 Cleombroto
404 1507 601 1545 Thebanis
625 1509 748 1555 illati,
772 1508 893 1544 fuisse
922 1513 965 1544 ut
982 1505 1267 1544 Plataeensium
1286 1517 1324 1544 et
1336 1505 1552 1557 Thespien-

95 1568 193 1603 sium
206 1567 319 1604 urbes
337 1568 380 1603 in
398 1568 592 1617 integrum
606 1566 916 1603 restituerentur.
947 1562 1015 1602 Sic
1033 1563 1177 1602 Noster
1196 1563 1310 1601 huius
1322 1563 1405 1602 Lib.
1425 1578 1457 1602 c.
1473 1566 1547 1607 51.

92 1620 228 1661 wass,
611 1656 616 1658 ,
975 1626 978 1629 ’

207 1680 279 1720 38.
310 1680 382 1720 79.
406 1671 632 1731 Ἕξήκοντα
656 1675 723 1718 καὶ
743 1672 890 1728 πέντε]
922 1674 1143 1726 Xenophon
1163 1674 1219 1723 εἷς
1241 1671 1462 1727 ἑξήκοντα,
1486 1677 1553 1717 ni·

91 1735 150 1773 hil
169 1736 374 1774 admodum
394 1736 639 1773 dissentiens.
674 1735 773 1772 Eum
793 1735 835 1772 L.
857 1734 922 1771 Vl.
944 1746 979 1782 p.
998 1734 1106 1774 456.
1132 1732 1209 1772 adi.
1237 1732 1378 1769 W'ESS.

26 1840 27 1847 ἵ
208 1794 282 1833 38.
315 1796 386 1834 88.
420 1790 655 1843 Ἀθηναῖοι
675 1791 719 1830 δὲ
741 1789 808 1830 καὶ
827 1786 955 1828 πάλαι
974 1789 1049 1842 μὲν
1069 1787 1211 1828 ἀπεστ.
1232 1784 1472 1839 Τιμόθεον]
1503 1787 1551 1828 Id

18 1851 27 1900 ‹]
94 1849 248 1899 quidem
268 1863 402 1887 verum
423 1855 493 1885 est.
531 1847 616 1885 Hoc
636 1854 764 1884 tamen
784 1854 954 1894 tempore
985 1848 1098 1884 classi
1119 1844 1327 1894 imperator
1354 1846 1551 1893 inpositus

93 1907 189 1953 fuit,
222 1913 265 1943 ut
286 1905 510 1956 Corcyraeis
537 1906 772 1942 subveniret.
822 1902 977 1940 Annum
1003 1915 1247 1952 mensemque
1266 1899 1548 1939 Demosthenes

94 1964 148 1999 ita
168 1964 297 2013 signat
327 1962 393 1999 Or.
424 1964 465 1999 in
487 1960 661 1998 Timoth.
690 1973 726 2009 p.
751 1960 856 2000 658.
895 1958 960 1997 ἐπὶ
990 1958 1258 2012 Σωκρατίδου
1280 1955 1357 2010 γὰρ
1391 1953 1546 2010 ἄρχον-

84 2033 183 2067 τος,
217 2020 520 2069 Μουνυχιῶνος
540 2014 693 2069 μηνὸς,
723 2015 886 2068 μέλλων
905 2014 1064 2055 ἐκπλεῖν
1084 2012 1157 2055 τὸν
1176 2011 1349 2068 ὕστερον
1370 2010 1549 2054 ἔκπλουν

94 2070 307 2127 Τιμόθεος
333 2070 487 2114 οὑτοσί.
516 2074 651 2112 WEss.

205 2133 279 2173 38.
313 2134 351 2172 l.
390 2126 656 2183 Μετενόησεν
677 2124 697 2170 ὃ
722 2128 878 2182 δῆμος,
908 2124 976 2168 καὶ
995 2123 1117 2167 πάλιν
1139 2123 1252 2181 αὐτῷ
1274 2122 1378 2179 ete]
1417 2124 1546 2177 Negat

87 2185 368 2240 'Demosthenes
380 2216 392 2236 ,
418 2190 621 2236 imperium
637 2188 697 2224 illi
714 2188 941 2237 abrogatum
958 2196 1191 2236 gravemque
1209 2180 1333 2221 dicam
1351 2185 1544 2231 inpactam.

91 2246 137 2283 ab
156 2245 346 2296 Iphicrate
368 2251 405 2281 et
432 2243 655 2292 Callistrato
686 2243 853 2281 tradens.
899 2241 1042 2288 Addit,
1072 2238 1362 2290 deprecantibus
1393 2241 1542 2286 amicis,

87 2304 309 2354 regulisque
327 2301 483 2338 Alcetae
505 2308 543 2338 et
561 2301 690 2338 Iasoni
710 2300 968 2337 condonatum
986 2297 1139 2349 quidem
1158 2296 1417 2343 Timotheum,
1443 2297 1544 2332 clas-

91 2362 144 2396 sis
167 2366 293 2396 tamen
304 2359 542 2408 praefectura
560 2359 672 2407 plane
691 2357 812 2394 fuisse
827 2363 1010 2394 amotum.
1040 2350 1188 2394 Αὐτὸν
1206 2351 1250 2392 δὲ
1269 2354 1418 2392 τοῦτον
1436 2351 1544 2398 {gat-

86 2413 296 2466 τουμένων
317 2413 392 2466 μὲν
412 2416 492 2453 τῶν
518 2412 755 2466 ἐπιτηδείων
775 2412 843 2451 καὶ
863 2411 1020 2452 οἰκείων
1041 2407 1169 2449 αὐτοῦ
1191 2404 1400 2455 ἁπάντων,
1419 2404 1475 2446 ἔτι
1496 2405 1543 2446 δὲ

85 2468 292 2511 Ἀλκέτου
314 2470 381 2509 καὶ
398 2464 614 2517 Ἰάσωνος,
643 2465 873 2521 συμμάχων
893 2463 1165 2518 ὅντων-υμῖν,
1194 2461 1315 2517 μόλις
1336 2464 1411 2516 μὲν
1433 2461 1542 2502 ἐπεί-

92 2531 225 2579 came
247 2525 432 2581 ἀφεῖναι,
465 2528 777 2579 στρατηγοῦντα
815 2524 859 2564 δὲ
882 2521 1009 2564 αὐτὸν
1039 2516 1243 2562 ἐπαύσατε
1267 2521 1373 2558 Orat.
1398 2521 1439 2557 in
1470 2518 1541 2556 Ti·-

91 2585 209 2622 moth.
229 2598 264 2634 p.
279 2585 384 2625 658.
423 2583 508 2620 Hoc
527 2586 701 2633 amplius,
728 2579 891 2619 Athenis
913 2577 1108 2618 Timothei
1126 2590 1297 2616 caussam
1317 2580 1541 2625 insequente

93 2655 218 2688 anno,
248 2644 309 2678 cui
330 2641 483 2678 Asteius
504 2638 658 2676 Archon
688 2651 827 2676 nomen
850 2638 976 2684 dedit,
1003 2638 1124 2674 fuisse
1147 2634 1392 2684 disceptatum
1407 2661 1418 2679 ,
1444 2644 1541 2669 ven-

93 2701 303 2746 titasseque
325 2696 498 2734 Alcetam
520 2702 558 2732 et
589 2696 762 2732 Iasonem
781 2697 822 2731 in
842 2695 974 2731 urbem
1005 2693 1053 2729 ad
1075 2688 1341 2735 Timotheum,
1365 2696 1410 2725 ut
1431 2702 1541 2737 prae-

92 2762 239 2792 sentem
277 2755 448 2803 pcriculo
477 2754 692 2800 eriperent:
743 2750 817 2788 His
847 2756 1106 2787 consentanca
1143 2745 1279 2785 scribit
1307 2744 1541 2793 Xenophon,

87 2806 336 2863 ,συγγνώμην
363 2807 437 2850 οὐκ
465 2806 584 2861 ἔσχον
608 2806 721 2865 αὐτῷ
750 2804 995 2863 (Τιμοθέῳ)
1025 2802 1131 2846 ἀλλὰ
1158 2797 1392 2900 navigan&
1413 2797 1540 2841 αὐτὸν

149 2868 247 2907 vm„
278 2866 325 2905 ll.

25 1992 28 2014 ἰ
