1859 3326
308 186 400 226 306
770 180 1321 221 ANNOTATIONES.

422 296 529 337 369.
561 295 636 336 99.
676 293 751 342 Εἷς
776 290 1064 359 Ἀβάκαινον]
1106 293 1194 334 Ηοο
1221 293 1478 336 verissimum.
1521 293 1622 366 Vi«Ll
1632 292 1706 334 1'⁷ad
1712 295 1765 334 -L-

307 346 416 393 XIV.
441 356 514 394 78
541 351 678 390 WEss.

423 411 530 450 369.
560 410 602 449 3.
637 405 845 461 Φερέντην
867 403 987 448 πόλιν
1015 410 1091 460 τῆς
1113 381 1355 456 Ἀπουλιας
1376 430 1426 438 ·-
1447 404 1504 448 ei)
1509 405 1592 460 ον]
1616 373 1769 457 Oppor-

310 474 403 504 tune
434 467 535 504 Acro
566 467 608 502 in
628 464 764 503 Horat.
790 464 834 502 L.
858 464 924 502 ΙΙΙ.
947 465 1023 502 Od.
1046 465 1112 505 lV.
1137 468 1208 507 16.
1247 465 1463 504 Ferentum
1495 466 1678 517 oppidum
1711 463 1772 502 e'st

310 524 505 575 Apuliae,
557 522 779 560 Venusinae
811 523 974 559 civitati
1011 524 1205 570 vicinum,
1250 525 1291 560 in
1320 525 1426 562 valle
1458 524 1591 560 situm.
1650 519 1770 558 Cuius

310 580 575 617 Grammatici
583 579 731 616 ver'ba
721 591 879 626 Insuper
897 577 999 617 haud
1019 578 1153 617 habuit
1180 580 1226 617 de
1247 581 1397 630 oppido
1409 579 1608 628 disputans
1629 578 1677 616 ad
1698 577 1772 614 Li:-

303 640 368 675 vii
387 636 431 676 L·.
457 635 530 675 IX.
560 637 632 676 16.
659 633 746 672 Car.
768 633 980 696 Sigonius,
1004 647 1117 685 quem
1146 635 1194 674 «le
1221 634 1419 675 Nuceria«
1431 634 1657 684 Affatermc'
1677 632 1772 719 ibid.

305 705 393 742 cap.
415 694 491 733 41.
511 693 683 729 consule.
703 690 854 729 ..WESS

424 749 530 789 369
558 750 629 788 10.
663 744 771 788 Kom
761 762 844 794 τος
863 742 1055 796 Πόπλιος
1079 745 1127 789 τὸ
1160 718 1381 805 δεύτερον]
1393 717 1591 795 Κόϊντος
1618 748 1772 799 Πουβλ-

308 803 440 852 λίλιος
469 802 681 857 τέταρτον.
724 794 787 842 A«
806 804 1003 842 Diodorus
1023 818 1093 857 pro
1117 805 1204 843 hoc
1215 806 1372 853 nomine
1398 806 1549 853 ubique
1569 804 1772 854 scripsisse

310 861 517 907 Ποπί7ιος
538 861 705 899 videtur.
731 860 868 899 RHOD.
904 860 1012 899 Belle
1031 861 1348 901 Rhodomannus.
1376 860 1469 899 Fuit
1489 860 1690 898 Publilius?
1699 860 1772 899 hoc

311 931 415 955 anno
436 924 613 967 quartum
631 920 782 966 consul,
804 921 865 956 uti
885 913 1064 957 Tabulae
1077 912 1318 973 Capitolinae
1340 918 1562 956 ostendunt.
1599 916 1776 955 17111.Ρί-

310 974 444 1025 ghium
468 974 514 1011 ad
536 988 625 1012 ann.
645 984 884 1013 cnxxxvnl.
912 974 984 1013 hos
1012 978 1192 1014 consules
1217 977 1330 1015 Livio
1349 970 1774 1015 L.1X.22;redde1'1-

311 1040 411 1078 tem‚
446 1030 663 1080 ibidemque
694 1024 924 1084 Sigonium,
964 1035 1031 1084 qui
1061 1046 1131 1071 suo
1162 1046 1183 1070 e
1211 1032 1380 1104 Diodori
1407 1032 1506 1068 libro
1529 1030 1776 1108 Ποπλίλιος,

310 1088 418 1137 quod
436 1089 609 1134 restitui,
639 1089 746 1128 citat.
778 1089 914 1126 WESS.

429 1145 644 1185 369.17
685 1142 930 1196 Κατέλαβε.)
961 1165 1010 1174 ·-
1042 1145 1369 1197 πολιορκοῦντας
1406 1139 1484 1198 τὴν
1520 1137 1775 1196 Κυλλήνην]

310 1200 399 1240 Nav
402 1203 460 1238 ale
488 1201 671 1238 Elemum
698 1208 807 1249 crat,
845 1201 892 1239 ab
914 1201 1028 1239 Elide
1049 1202 1187 1239 stadiis
1209 1211 1295 1237 cxx
1319 1195 1568 1237 disiunctum.
1609 1200 1775 1237 Pausan.

312 1258 355 1294 L.
372 1257 440 1295 VI.
461 1259 535 1297 26.
556 1272 591 1307 p
615 1258 720 1299 51.8
750 1253 950 1323 Κυλ7ήνη
972 1256 1017 1296 δὲ
1036 1256 1234 1303 σταδίους
1252 1273 1303 1308 μ.-
1287 1255 1329 1295 «fv
1351 1252 1502 1295 εικοσ-ιν
1515 1253 1687 1302 ’Ήλοὸος
1707 1253 1776 1295 καὶ

311 1311 460 1354 ἑκατὸν
493 1311 699 1369 ἀφέστηκε
730 1335 779 1341 -
812 1312 881 1352 καὶ
911 1310 1043 1365 ὅρμον
1074 1311 1336 1387 παρεχομένη
1366 1311 1514 1352 ναυσὶν
1535 1308 1776 1366 ἐπιτιῑδὲισν,

310 1369 482 1410 ἐπίνειον
503 1369 547 1408 ὸὲ
568 1370 674 1409 οὐσα
693 1367 877 1410 'siml-mv
906 1370 1052 1414 WEss,
1445 1394 1450 1399 -

425 1427 532 1466 369.
566 1428 643 1466 24.
680 1426 768 1466 Καὶ
795 1431 884 1473 τοῖς
914 1424 1092 1479 Azy-svm
1125 1446 1176 1455 —
1206 1421 1578 1478 ἀποκαταστῆσαι]
1619 1422 1778 1468 Mallem

310 1481 516 1547 Αιγιε-ῦσι,
535 1489 580 1520 ut
598 1484 700 1532 apud
717 1483 884 1522 Pausan.
906 1482 949 1521 L.
959 1482 1045 1520 V.11
1062 1480 1138 1523 24.
1163 1489 1201 1520 et
1218 1482 1320 1520 Plut
1343 1481 1480 1520 Caton.
1502 1481 1594 1520 Mai.
1615 1496 1651 1533 p.
1666 1483 1774 1523 343

310 1540 357 1577 Α.
369 1539 468 1577 Huc
490 1552 640 1589 quoque
662 1540 769 1577 ducit
784 1536 1006 1592 Αἲγιαιίον,
1035 1539 1138 1589 quod
1157 1552 1248 1577 mox
1269 1553 1288 1576 e
1311 1538 1403 1577 Mss.
1419 1547 1628 1589 sequetur,
1658 1551 1777 1582 voca-

310 1596 443 1633 bulum
466 1609 515 1633 ex
534 1593 715 1648 Αἵγιέων
735 1597 996 1647 progenitum.
1049 1596 1178 1634 Ausus
1201 1609 1285 1634 sum
1307 1596 1347 1634 id
1373 1596 1535 1653 quidem
1563 1597 1775 1647 refingeret

310 1666 403 1691 nam
422 1651 657 1705 Az'y'matwv
682 1653 781 1690 illud
803 1665 937 1690 omnes
966 1647 1134 1703 ineptias
1156 1645 1372 1703 superabat.
1413 1650 1501 1690 Hoc
1522 1665 1601 1690 non
1625 1666 1776 1700 moveo,

310 1709 414 1761 quod
436 1708 613 1747 Achaeae
633 1707 779 1776 Αἶγεῖς
802 1716 841 1746 et
859 1710 1048 1760 Polybius
1068 1709 1214 1747 scribat
1234 1709 1277 1747 Ι..
1289 1709 1347 1747 ΙΙ.
1359 1709 1434 1750 41.
1448 1722 1487 1758 p.
1507 1710 1608 1750 179.
1635 1710 1774 1749 Wnss.

428 1766 536 1805 370.
562 1767 637 1805 52.
662 1761 719 1804 ‘H
741 1763 786 1805 ὁὲ
806 1763 910 1818 γυνὴ
933 1764 1275 1819 Κρατησίπολις]
1315 1764 1577 1804 Conmeminit
1595 1767 1776 1814 feminae,

311 1821 359 1859 de
390 1822 646 1859 clandestinis
673 1824 757 1860 eius
788 1829 829 1859 et
859 1822 1049 1861 Demetrii
1076 1824 1272 1861 amoribus
1303 1822 1493 1872 quaedam
1525 1822 1778 1876 adspergen8‚

310 1879 412 1917 Plut.
434 1878 478 1915 in
499 1877 671 1916 Demetr
694 1892 730 1928 p.
754 1880 859 1921 892.
879 1879 925 1917 E.
956 1878 1046 1917 Vid
1067 1878 1233 1917 infraL.
1254 1879 1351 1918 XX.
1376 1881 1451 1921 3.8
1485 1879 1626 1919 WEss.

425 1936 532 1975 370.
567 1936 640 1977 56.
678 1933 763 1975 Καὶ
785 1931 965 1983 πολλους
985 1937 1069 1976 τῶν
1089 1931 1269 2004 ἀπόρων
1282 1931 1667 2004 ὗπολοιμβάνουσα]
1708 1935 1777 1974 Sic

309 1992 422 2040 plane
424 1991 624 2059 Extcerpt.
647 1990 882 2030 Peirescian.
907 2005 944 2041 p.
971 1992 1078 2033 360.
1110 1992 1178 2032 καὶ
1199 2007 1298 2039 τους
1321 1988 1506 2045 ἀπόρους
1530 2004 1615 2032 ’των
1645 2008 1777 2045 στρα-

309 2050 471 2087 τιωτῶν
492 2043 800 2100 ὑπελάμβανεν.
843 2047 945 2087 Nam
962 2045 1060 2088 ανελ
1065 2044 1263 2101 άμβανεν,
1294 2049 1396 2099 (1.υο(1
1411 2048 1467 2086 Η
1486 2049 1663 2087 Valesius
1684 2050 1775 2087 sub-

310 2104 464 2151 stituit,
493 2104 620 2142 eidem
635 2107 880 2143 remittimus.
922 2105 1093 2157 Egregie
1117 2104 1360 2156 Diotogenes
1379 2119 1428 2143 ex
1450 2105 1695 2157 Pythagorae
1714 2119 1776 2143 se-.

310 2161 524 2197 ctatoribus
545 2160 646 2210 apud
667 2160 720 2198 Io.
742 2160 954 2230 Stobaeum
971 2160 1050 2199 Tit.
1071 2161 1211 2199 XLVI.
1231 2175 1267 2211 p.
1288 2163 1396 2202 330.
1431 2161 1498 2200 δεῖ
1511 2159 1590 2214 γὰρ
1613 2161 1654 2208 ἐς
1677 2163 1774 2201 τοῦ·

309 2230 357 2255 το
379 2218 598 2255 πεπᾶσθαι
619 2212 671 2256 T«)
686 2213 902 2279 χρήματα,
931 2231 1039 2258 ωστε
1060 2214 1211 2287 φίλους
1230 2214 1462 2287 εὐεργετεῖν,
1483 2233 1552 2257 και
1571 2216 1775 2269 δεομένως

316 2272 842 2323 ΥΠΟΛΑΖΙἸΒΑΝΕΝ,
872 2272 941 2313 καὶ
976 2271 1142 2328 ἐχθρῶς
1165 2271 1211 2312 δὲ
1239 2288 1344 2325 μετα
1369 2273 1489 2320 δίκας
1512 2269 1773 2325 ἇμίνασθαι,

311 2330 348 2365 is
370 2329 542 2366 divitiar
544 2342 607 2367 um
616 2329 791 2377 fructus
811 2343 894 2368 esse
916 2330 1052 2377 debet,
1079 2337 1127 2368 ut
1143 2332 1285 2368 amicis
1305 2330 1646 2396 benefaciamus,
1676 2344 1774 2381 ege-

310 2398 384 2422 nos
403 2385 670 2434 sublevemus,
697 2394 739 2424 et
758 2389 940 2425 inimicos
959 2387 1048 2425 iure
1068 2388 1326 2426 ulciscamur.
1359 2388 1472 2432 Quod
1490 2389 1692 2426 verissime
1713 2387 1774 2426 di-

310 2449 413 2481 ctum
435 2444 711 2493 neglectiorem
730 2445 840 2482 verbi
857 2456 971 2482 usum
991 2444 1142 2481 abunde
1161 2445 1343 2481 illustrat.
1380 2443 1517 2482 WEss.

427 2499 535 2539 370.
573 2500 647 2540 73.
685 2499 796 2554 Περὶ
819 2496 894 2540 τὸν
924 2494 1178 2551 καλούμενον
1197 2494 1434 2551 Καμπύλον
1451 2495 1668 2551 ποταμον]
1697 2470 1773 2537 Le·-

305 2567 399 2605 gere
424 2557 520 2593 alibi
542 2556 583 2593 id
604 2557 748 2593 flumen
772 2569 852 2594 non
875 2557 1049 2594 memini.
1071 2556 1224 2594 Nomen
1244 2569 1267 2594 a
1285 2556 1581 2595 flexuosissimis
1600 2555 1771 2604 orbibus,

307 2611 448 2660 quibus
468 2611 668 2678 Maeandri
690 2615 729 2650 in
748 2614 904 2651 modum
926 2612 1178 2661 volvebatur,
1206 2612 1364 2652 videtur
1381 2615 1606 2662 inpetrasse.
1642 2613 1772 2664 Καμ-

304 2663 388 2762 ἴθι).
379 2682 419 2704 .α
438 2663 541 2715 τόξα
561 2667 723 2707 Homeri
750 2676 789 2707 et
807 2664 1018 2722 καμπύλοι
1037 2665 1205 2717 ὀδόντες
1227 2668 1494 2721 Lycophronis
1516 2666 1590 2706 huc
1610 2667 1769 2707 ducunt·-

359 2733 443 2761 Ess-

422 2780 528 2820 370
563 2782 635 2822 81.
688 2779 762 2827 Εἷς
793 2775 982 2830 Στράτον
1012 2775 1133 2821 πόλιν
1165 2774 1436 2837 συνῳκησαν]
1476 2779 1539 2818 Ex
1573 2779 1646 2819 hoc
1681 2780 1768 2818 loco

305 2836 421 2874 eredo
451 2839 603 2888 accepi«
625 2837 799 2875 ortelius
821 2850 929 2878 suam
949 2838 1229 2892 Stratopolim,
1258 2850 1371 2890 quam
1390 2840 1519 2889 posuit
1540 2839 1583 2876 in
1607 2850 1676 2875 suo
1694 2836 1773 2875 Le
