1859 3326
264 130 355 176 152
728 128 1252 178 ΑΝΝΟΤΑΤΙΟΝΕὸ

380 244 487 285 172.
514 242 591 285 23.
619 243 823 299 Maneat}
852 244 999 288 ναυσὶν
1032 241 1261 301 ἑξήκοντα]
1300 245 1495 296 interpres
1523 247 1721 299 quinquffi

266 303 382 354 ginta
404 314 490 339 cum
508 300 700 340 navibus.-
732 314 844 351 quem
865 304 1003 341 calami
1024 316 1192 342 errorem
1211 304 1476 343 miserabilem
1497 311 1540 342 et
1546 303 1720 352 foedum

267 363 384 397 vocat
401 357 478 397 Iac.
500 356 724 396 Gronovius
744 359 794 396 ad
812 358 966 396 Arrian
987 358 1017 396 Ι.
1037 361 1108 400 ll.
1130 373 1167 410 p.
1178 361 1267 407 24..
1293 363 1532 409 notavitque,
1559 360 1627 400 sed
1642 362 1722 398 cle-

269 416 459 461 mentius,
485 412 666 451 Barthius
693 415 742 451 ad
770 413 890 452 Statii
917 414 1039 452 Theb.
1059 414 1124 452 IV.
1148 418 1206 464 6.,
1234 416 1302 456 ubi
1329 418 1441 468 plura
1460 416 1507 456 de
1527 415 1650 467 hasta,
1679 417 1722 454 in.

272 469 466 511 hosticum
488 471 607 508 abiici
627 472 764 518 solita,
791 482 888 519 quae
906 471 1009 510 vide.
1035 471 1171 510 Wnss.

388 528 491 566 172.
518 528 593 566 28.
634 525 722 565 Καὶ
746 525 844 572 τοὺς
870 526 946 578 μὲν
974 521 1134 580 τάφους
1162 528 1246 568 τῶν
1261 522 1435 581 εῙῑῖρώων
1457 528 1552 580 etc.]
1578 527 1725 567 Viden-

271 582 344 620 dus
366 589 424 620 est
441 589 592 634 praeter
609 582 763 622 Arx-ian.
782 583 825 624 Ι..
845 582 874 622 Ι.
899 585 969 627 12.
989 583 1248 623 Philostratus
1265 584 1424 624 Heroic.
1433 584 1547 623 XIX.
1564 598 1601 637 p.
1616 585 1724 629 743.

276 639 413 678 WEss.

391 695 495 736 172.
519 695 592 734 33.
622 692 709 734 Καὶ
730 693 939 763 δισχίλιοι]
969 694 1039 733 Sic
1048 698 1210 764 scripsi,
1229 703 1383 735 secutus
1400 704 1551 737 veteres
1564 695 1726 736 schedas

273 753 472 802 ipsumque
499 757 719 798 auctorem,
748 754 815 801 qui
849 748 955 791 ὥστε
989 767 1088 799 τοις
1118 751 1306 800 ἅπαντας
1337 750 1439 793 εἶναι
1461 752 1730 807 τρισμυρίους

275 815 364 859 post
379 820 501 857 pauca
524 808 747 854 subiiciens,
764 808 804 844 id
826 821 866 844 se
886 810 1056 846 voluisse
1075 810 1288 859 profitetur.
1314 810 1402 848 Alia
1420 809 1471 850 N.
1489 809 1728 849 Blancardus

276 864 327 903 ad
347 864 504 903 Arriani
521 865 581 901 sui
604 862 645 902 L.
668 863 699 903 Ι.
724 875 762 913 Ρ.
786 865 872 912 30.
893 866 1030 916 quibus
1053 878 1132 903 non
1151 873 1253 905 utor.
1281 867 1422 905 Wssss.

392 921 496 963 172
526 919 602 961 40.
648 918 789 959 Χίλιοι
824 919 892 960 καὶ
922 917 1212 974 πεντακόσιοι]
1258 922 1478 989 Legebatur
1506 919 1629 974 χίλιοι
1660 919 1732 961 καὶ

276 972 528 1023 ὀκτακόσιοι,
547 982 587 1013 et
608 977 746 1015 iterum
769 974 826 1016 Gc-
814 976 971 1018 τταὶοι
992 976 1036 1017 δὲ
1052 977 1177 1028 χίλιοι
1207 978 1276 1019 καὶ
1297 974 1546 1020 ὀκτακόσιοι.
1569 978 1731 1018 Utrum-

276 1044 349 1082 que
370 1033 529 1072 mutavi.
578 1031 740 1072 Moveor
762 1033 893 1071 verbis
913 1033 1098 1082 Diodori,
1127 1035 1368 1073 adfirmantis
1396 1038 1570 1085 equitum
1596 1047 1733 1072 nume-

273 1101 361 1129 1¹11ss
381 1100 564 1138 aequasse
593 1088 941 1141 τετρακισχιλίους
970 1106 1038 1130 και
1059 1091 1367 1138 πεντακοσίους.
1404 1092 1448 1129 Id
1467 1093 1584 1142 longe
1601 1091 1733 1128 falsis-

277 1147 438 1192 simum,
477 1145 510 1182 si
531 1143 761 1182 Macedones
780 1156 925 1184 MDCCC.
950 1153 987 1183 ct
1015 1147 1173 1186 totidem
1193 1147 1373 1185 Thessali
1392 1149 1584 1186 miserint.
1622 1146 1735 1185 Vidit

280 1207 318 1239 et
340 1201 412 1239 hoo
436 1200 538 1238 idem
557 1203 630 1238 iste
649 1200 907 1249 BlancarduS,
942 1202 1139 1254 refingens
1159 1212 1362 1253 propterea
1381 1201 1736 1254 πεντακισχιλίους

279 1256 349 1299 καὶ
378 1253 546 1304 ἑκατὸν,
578 1270 658 1295 non
676 1259 788 1306 male,
816 1259 850 1301 si,
868 1258 1020 1299 codices
1040 1259 1277 1298 addicerent.
1308 1260 1361 1297 At
1380 1261 1442 1298 illi
1460 1259 1553 1297 haee
1574 1265 1735 1298 servant

280 1320 529 1362 constanter,
556 1320 595 1350 et
615 1315 826 1363 superiora,
854 1322 898 1352 ut
916 1329 1048 1366 margo
1068 1314 1166 1367 Reg
1193 1319 1236 1356 2.
1260 1316 1441 1366 ostendit,
1463 1322 1626 1358 mutant.
1662 1314 1736 1360 Se·-

279 1381 377 1418 quor
394 1383 499 1421 ergo,
528 1376 713 1419 tantoque
732 1373 868 1422 magis,
899 1372 999 1423 quod
1020 1379 1058 1410 et
1079 1372 1249 1410 Iustinus
1269 1373 1313 1412 L.
1336 1371 1410 1410 Xl.
1433 1374 1476 1414 6.
1500 1375 1543 1410 in
1563 1372 1735 1410 Alexan-

281 1427 343 1464 dri
371 1428 541 1464 exercitu
566 1429 740 1477 equitum
762 1435 937 1478 quatuor
963 1429 1090 1466 millia
1121 1431 1355 1479 quingentos
1380 1435 1567 1467 numeret.
1592 1427 1637 1465 Id
1655 1441 1736 1466 me-

278 1483 369 1529 lius,
391 1482 494 1531 quod
516 1479 744 1534 Εὐρύγυιον
765 1487 807 1521 in
825 1482 1032 1538 Ἐρίγυιον
1055 1486 1359 1524 convertendum
1377 1488 1547 1523 censuit:
1578 1486 1633 1522 sic
1652 1487 1736 1533 ipse

279 1537 476 1580 Diodorus
497 1537 539 1576 L.
560 1538 684 1579 XVII.
701 1541 774 1583 57.
794 1547 832 1579 et
853 1554 885 1581 c
908 1543 994 1589 81.
1019 1548 1057 1580 et
1075 1542 1188 1590 liber,
1216 1554 1329 1593 quem
1346 1540 1492 1595 Cospus
1511 1541 1651 1581 Latine
1670 1553 1739 1579 ex-

281 1597 432 1648 pressit.
459 1595 511 1633 W
514 1605 596 1634 ess.

397 1652 500 1693 173.
529 1652 601 1693 51.
635 1646 789 1700 Ῑππεις
819 1651 864 1694 δὲ
890 1649 1030 1707 μύριοι
1058 1653 1127 1694 καὶ
1151 1652 1306 1708 χίλιοι]
1335 1653 1414 1691 Hic
1434 1654 1585 1692 librarii
1607 1654 1739 1705 negli-

281 1709 415 1759 gentia
432 1713 519 1757 post
539 1705 675 1755 ἱππεῖς
693 1710 885 1747 redundat
903 1725 1043 1763 ιιυριοι
1062 1710 1144 1751 καί.
1177 1710 1312 1748 Rnon.
1344 1710 1404 1747 De
1431 1710 1625 1760 peditibus
1658 1722 1740 1748 non

281 1777 372 1803 mov
376 1777 419 1803 eo
441 1766 576 1811 litem,
603 1764 648 1801 de
669 1767 861 1814 equitibus
882 1779 959 1804 uno
980 1768 1098 1804 verbo
1123 1768 1261 1815 dicam,
1279 1780 1358 1804 non
1376 1767 1501 1804 credo.
1528 1767 1623 1810 Quis
1634 1768 1738 1805 enim.

282 1821 413 1858 credat
435 1820 711 1869 Alexandrum,
733 1825 799 1872 qui
819 1825 1021 1873 imperium
1039 1824 1242 1861 Persarum
1263 1829 1437 1861 evertere
1454 1822 1668 1873 satagebat,
1695 1824 1740 1860 in

281 1875 415 1915 Asiam
437 1879 540 1914 solos
560 1880 709 1926 equites
730 1885 863 1928 quater
884 1880 991 1916 mille
1011 1887 1049 1917 ct
1066 1883 1298 1931 quingentos
1321 1892 1451 1918 secum
1469 1879 1647 1927 duxisse3
1665 1890 1740 1915 un-

282 1933 406 1970 decim
427 1946 519 1971 vero
541 1935 645 1971 mille
666 1940 706 1971 et
723 1937 955 1986 quingentos
975 1938 1018 1973 in
1036 1936 1193 1986 Europa
1213 1937 1283 1973 sub
1302 1936 1507 1985 Antipatro
1524 1936 1742 1983 reliquisse,

281 1991 500 2040 praecipue,
526 2003 612 2027 cum
630 1991 690 2028 illi
704 1991 807 2027 foret
825 2004 892 2042 per
904 1990 1114 2042 Phrygiam
1133 1994 1285 2042 planam
1307 1999 1345 2028 et
1365 1992 1557 2040 equitibus
1571 2003 1740 2028 commo-

283 2045 370 2082 dam
383 2047 460 2082 iter
478 2045 606 2092 facile,
627 2053 666 2084 et
681 2059 768 2084 cum
778 2046 907 2085 Persis
919 2050 1090 2096 equitatu
1107 2049 1341 2098 pollentibus
1356 2061 1437 2085 rem
1448 2045 1628 2084 haberet?
1650 2046 1741 2087 Ideo

284 2103 459 2151 suspicor
492 2103 535 2139 in
563 2101 635 2138 hoc
661 2103 748 2140 loco
774 2116 891 2141 voces
921 2099 1062 2155 μύριοι
1097 2103 1165 2142 καὶ
1191 2105 1291 2143 male
1322 2107 1504 2153 repetitas
1531 2103 1652 2140 fuisse
1689 2116 1740 2141 ex

285 2160 480 2207 superiore
500 2159 693 2206 clausula,
722 2165 761 2195 et
778 2159 1003 2210 legendum:
1034 2174 1082 2198 πε
1087 2158 1146 2208 ζοὶ
1177 2176 1227 2211 με
1211 2159 1252 2199 ἐν
1281 2174 1470 2211 υπηρχον
1498 2173 1638 2211 ,ιιυριοι
1669 2158 1740 2198 καὶ
1806 2162 1809 2164 ’

285 2211 498 2264 ὁισχίλ,ιοι
532 2210 666 2260 ἱππεῖς
687 2212 732 2253 de*
745 2214 869 2266 χίλιοι
888 2230 956 2254 και
977 2210 1249 2256 πεντακόσιοι.
1291 2215 1403 2253 Nihil
1427 2216 1473 2252 de
1493 2228 1653 2253 numero
1674 2228 1750 2253 eo*

283 2282 392 2317 rum,
425 2280 520 2317 quos
540 2268 745 2320 Antipatro
764 2272 921 2319 reliquit
940 2272 1183 2320 Alexander,
1221 2272 1321 2310 dixit
1343 2271 1602 2309 Plutarchus
1592 2284 1634 2308 m
1656 2274 1739 2309 eius

283 2327 383 2373 vita,
411 2338 482 2362 nec
501 2324 654 2376 Trogus
674 2326 774 2376 apud
796 2327 1000 2375 Iustinum,
1028 2330 1094 2376 qui
1118 2328 1164 2364 de
1185 2334 1293 2366 tanto
1314 2330 1483 2377 equitum
1504 2340 1664 2366 numero
1685 2329 1740 2365 si-

281 2383 362 2419 lere
380 2394 462 2419 non
482 2381 716 2423 debuissent.
747 2382 878 2421 PALM.
906 2382 1023 2420 Binas
1045 2397 1159 2422 voces
1179 2380 1320 2436 μύριοι
1341 2383 1409 2424 καὶ
1431 2390 1537 2422 recte
1560 2384 1737 2421 confixe-

283 2444 377 2475 runt
400 2438 477 2475 viri
497 2444 756 2487 praestantes:
796 2445 888 2478 sunt
918 2442 1020 2478 enim
1049 2443 1211 2490 ineptae.
1249 2440 1507 2492 Scripseritne
1524 2447 1659 2477 auctor
1673 2437 1740 2491 χί-

283 2495 362 2532 λιοι
383 2506 434 2532 an
454 2492 664 2543 δισχίλιοι,
697 2495 870 2534 nondum
890 2495 1075 2534 decerno:
1125 2495 1272 2544 Cospus
1293 2510 1361 2536 suo
1393 2499 1435 2534 in
1457 2496 1588 2533 codice
1608 2503 1738 2544 poste-

282 2552 365 2587 rius
393 2553 558 2598 reperit,
586 2550 689 2598 quod
717 2554 939 2591 restitutum
966 2565 989 2591 a
1016 2566 1077 2592 me
1105 2553 1271 2600 fuisset,
1301 2556 1336 2591 si
1355 2554 1421 2591 vel
1443 2565 1544 2591 unus
1565 2565 1738 2592 meorum

286 2606 515 2645 adsensione
548 2606 833 2673 conprobasset.
861 2607 999 2647 WEss.

403 2663 506 2702 172
541 2662 612 2701 54
648 2656 697 2701 ‘O
723 2661 800 2713 μὲν
826 2659 964 2729 θύτης
989 2661 1286 2718 Ἀλέξανδρος]
1325 2662 1514 2702 Rhodam.
1544 2665 1586 2702 in
1614 2669 1740 2702 notar.

285 2717 458 2756 Addend.
489 2718 607 2759 scribi
636 2719 750 2756 iussit
780 2714 915 2770 θυτης
931 2717 1001 2761 ²A>
1005 2679 1227 2771 εξάνὸρου,
1254 2721 1483 2761 Alexandri
1503 2721 1739 2768 sacrzfious3

284 2769 827 2828 Ἀρίστανδρος-Βιαηοαῐᾱιιε
847 2776 895 2815 ad
909 2776 1061 2818 Arrian·
1077 2789 1113 2828 p
1128 2778 1202 2819 32.
1193 2803 1219 2826 .,
1239 2784 1278 2817 et
1297 2777 1362 2818 diu
1379 2783 1468 2816 ante
1489 2789 1574 2817 eum
1583 2775 1613 2814 F
1615 2788 1740 2816 rems·-
