1891 3310
1490 220 1539 248 ΠΙ

424 311 787 353 νιΝοΕΝΤιι
846 311 1185 352 OBSOPOEl

300 409 346 455 D
425 408 467 455 Ε
547 408 594 455 D
674 407 696 453 Ι
775 403 815 453 C
895 405 940 454 A
1018 405 1060 454 Τ
1141 407 1163 454 1
1244 407 1303 454 Ο.

77 567 320 602 Reverendiss.
362 567 402 601 in
436 566 580 600 Christo
618 565 724 600 Patri
764 578 807 600 ac
848 565 1028 608 Domino,
1076 567 1234 601 Domino
1280 567 1537 612 Christophoro

77 626 262 670 Episcopo
286 623 529 670 Augzcstelesi,
560 622 718 657 Domino
755 634 818 657 suo
852 623 1141 668 clementissimo,
1185 625 1391 660 Vincentius
1428 627 1538 661 Obso-

714 691 827 725 poeus
867 680 907 714 S.

78 769 188 815 Inter
211 781 286 814 alia
307 780 448 822 multa,
479 778 812 814 Reverendissime
838 780 875 812 in
898 780 998 812 Cnn
1016 789 1055 813 Is
1068 789 1123 814 'ro
1150 782 1285 826 Pater,
1311 788 1350 817 et
1375 782 1538 821 Domine

78 840 403 879 Clementissimc,
449 837 583 881 quibus
615 837 720 870 Deus
752 838 836 880 Opt.
870 837 975 870 Max.
1009 837 1080 871 hoc
1111 842 1264 875 saeculo
1294 842 1537 878 Germaniam

77 895 430 929 munificentissime
458 893 675 933 cumulavit,
702 905 775 926 non
801 895 969 927 inlimum
995 896 1117 929 locum
1146 898 1292 932 obtinet
1317 899 1541 945 Clialcogra-

77 953 176 997 phia.
223 954 347 986 liuius
374 953 471 986 enim
500 951 650 983 divinae
685 952 779 983 artis
812 951 998 986 beneficio
1032 953 1171 986 factum
1205 960 1284 997 est,
1329 962 1372 990 ut
1406 965 1538 994 nostra

77 1021 226 1055 quoque
262 1011 384 1055 patria
426 1009 576 1053 optimis
617 1007 826 1052 quibusque
871 1010 1065 1043 autoribus
1109 1015 1185 1044 tam
1228 1013 1386 1046 Graecis
1425 1027 1537 1060 quam

77 1067 226 1101 Latinis
252 1068 428 1101 abundet.
474 1066 589 1099 Nulla
615 1068 673 1098 est
698 1064 899 1108 professio,
938 1077 1033 1111 quae
1061 1068 1134 1101 iam
1159 1069 1267 1103 bonis
1297 1075 1335 1104 et
1368 1074 1538 1115 pristinis

78 1126 324 1170 scriptoribus
357 1128 468 1169 (quos
501 1132 591 1156 vere
624 1123 699 1154 iam
732 1123 917 1166 quispiam
953 1123 1133 1158 classicos
1165 1128 1361 1161 nominare
1394 1136 1537 1178 potest)

78 1192 152 1216 non
190 1184 240 1216 sit
270 1185 468 1216 instructa.
518 1179 603 1213 Non
636 1189 767 1223 parum
800 1181 929 1213 multis
962 1182 999 1214 in
1034 1183 1128 1216 locis
1163 1185 1247 1217 iura
1279 1187 1541 1232 multipliciter

78 1240 253 1272 mutilata
280 1244 318 1273 et
341 1240 567 1283 depravata,
599 1236 712 1270 hodie
737 1238 976 1281 antiquorum
1000 1239 1168 1274 codicum
1194 1241 1385 1285 subsidio,
1415 1255 1539 1280 emen-

78 1296 227 1329 datiora
255 1302 293 1330 et
317 1299 526 1341 integriora
550 1297 741 1339 leguntur.
787 1295 943 1346 Habent
966 1296 1176 1330 medicinae
1199 1299 1439 1341 professores
1463 1304 1537 1337 iam

78 1354 181 1397 ipsos
207 1354 352 1396 fontes,
386 1356 562 1387 nimirum
590 1354 880 1396 Hippocratem,
906 1353 1115 1396 Galenum‚
1151 1356 1399 1400 Aeginetam,
1430 1359 1540 1394 Dios-

79 1412 268 1453 coridem,
305 1417 344 1445 et
368 1413 464 1445 alios
489 1422 559 1444 sua
584 1411 715 1454 lingua
740 1411 958 1455 loquentes,
997 1412 1059 1455 qui
1085 1412 1189 1455 prius
1214 1418 1360 1448 tantum
1386 1421 1539 1453 veteres

80 1473 117 1501 et
144 1469 312 1501 turbidas
336 1469 498 1502 Arabum
528 1469 684 1501 lacunas
710 1472 798 1501 sunt
823 1469 1050 1502 consectati.
1098 1468 1231 1514 Neque
1261 1471 1399 1506 desunt
1433 1473 1539 1510 theo-

77 1526 202 1569 logiae
239 1527 451 1559 candidatis
490 1528 687 1570 utriusque
721 1526 946 1560 literaturae
985 1525 1195 1567 Doctores,
1239 1538 1378 1573 magno
1411 1534 1540 1568 studio

77 1584 275 1627 invulgati.
323 1583 443 1617 Porro
468 1582 715 1616 humanitatis
742 1588 780 1616 et
808 1584 1025 1628 politiorum
1049 1583 1247 1617 literarum
1273 1588 1454 1623 studiosis
1486 1592 1539 1624 in-

78 1650 173 1684 gens
195 1643 413 1684 poetarum,
464 1645 657 1674 oratorum
685 1645 723 1674 ot
748 1640 1014 1674 historicorum
1040 1645 1146 1674 extat
1168 1644 1286 1685 copia.
1326 1656 1396 1679 nec
1428 1648 1540 1682 video

79 1698 168 1742 quid
193 1699 339 1741 possint
367 1700 481 1732 etiam
511 1699 731 1732 desiderare
766 1697 1036 1731 mathematici.
1092 1699 1242 1732 Utinam
1276 1712 1368 1736 vero
1409 1707 1542 1748 priori-

46 1782 51 1785 .
79 1756 148 1787 bus
174 1766 320 1800 quoque
350 1757 513 1788 saeculis
538 1755 632 1789 haec
656 1755 990 1799 imprimendorum
1018 1756 1186 1789 codicum
1213 1768 1275 1791 ars
1301 1760 1455 1794 inventa
1477 1774 1539 1796 ex-

79 1814 233 1845 titisset.
276 1823 397 1857 neque
429 1816 529 1846 enim
561 1819 704 1847 tantam
732 1813 957 1856 optimorum
991 1818 1029 1846 et
1061 1816 1405 1851 vetustissimorum
1441 1821 1539 1853 codi-

80 1879 162 1902 cum
189 1871 371 1902 iacturam
400 1869 636 1904 fecissemus.
683 1871 904 1914 Quanquam
932 1871 1030 1903 enim
1056 1882 1187 1904 verum
1212 1878 1282 1915 est,
1314 1876 1414 1918 quod
1446 1877 1539 1919 dixi,

79 1928 280 1960 maximam
317 1926 429 1961 hodie
475 1928 670 1962 doctorum
705 1928 930 1970 scriptorum
966 1928 1243 1962 multitudinem
1284 1937 1435 1967 extare:
1481 1939 1541 1969 ta-

80 1994 167 2017 men
191 1985 307 2017 multo
334 1986 455 2019 maior
482 1996 569 2030 pars
605 1990 644 2019 et
676 1990 888 2029 temporum
925 1985 1055 2029 culpa,
1094 1989 1133 2020 et
1166 1986 1358 2021 hominum
1394 1991 1540 2025 incuria

79 2042 283 2076 intercidit.
336 2041 494 2075 Possum
532 2043 754 2076 nominatim
790 2052 1003 2077 memorare
1038 2045 1138 2077 ultra
1171 2045 1354 2079 ducentos
1389 2052 1428 2080 et
1462 2058 1538 2081 am-

78 2099 176 2142 plius
211 2103 383 2140 autores,
440 2110 598 2145 quorum
639 2100 869 2133 testimoniis
908 2111 999 2134 usus
1039 2106 1098 2134 est
1127 2101 1337 2144 Stobaeus,
1382 2104 1428 2138 de
1461 2107 1539 2150 qui-

81 2156 151 2188 bus
186 2166 233 2189 ne
261 2158 435 2200 paginam
469 2157 622 2201 quidem
662 2162 795 2191 extare
819 2157 1001 2191 videmus.
1035 2163 1144 2193 taceo
1181 2164 1273 2205 quot
1302 2161 1395 2194 citet
1428 2162 1539 2197 Athe-

80 2224 216 2246 naeus:
251 2218 290 2246 et
314 2215 662 2247 numerosissimum
690 2215 839 2247 illorum
868 2216 1103 2259 catalogum,
1142 2227 1299 2261 quorum
1332 2221 1538 2254 autoritate

83 2271 227 2303 Plinius
254 2281 294 2303 se
314 2282 421 2303 usum
442 2281 526 2304 esse
540 2275 720 2304 testatur.
745 2271 888 2304 Eadem
917 2272 1133 2306 calamitate
1161 2278 1200 2306 et
1225 2273 1286 2307 hic
1311 2277 1539 2310 nosterDio-

84 2330 198 2361 dorus
225 2328 372 2360 Siculus
399 2333 457 2361 est
481 2328 656 2370 affectus,
692 2329 797 2361 cuius
824 2329 990 2362 modicas
1015 2329 1103 2372 has,
1137 2341 1230 2376 quas
1255 2335 1320 2365 tua
1346 2334 1539 2368 Celsitudo

84 2387 208 2427 vidct,
260 2385 440 2429 reliquias
483 2386 529 2418 ab
565 2387 654 2418 lano
697 2386 892 2419 Pannonio
934 2388 1120 2430 quondam
1164 2388 1538 2434 Quinquecclesiensi

84 2446 260 2488 episcopo
297 2442 342 2475 ab
381 2444 537 2476 interitu
559 2444 792 2484 vindicatas,
828 2453 872 2476 ac
896 2443 1074 2488 deinceps
1101 2445 1147 2478 ab
1175 2446 1431 2480 eruditissimo
1455 2449 1538 2480 viro

82 2503 221 2535 loanne
247 2499 461 2533 Alexandro
480 2500 705 2534 ssrassicano
731 2502 794 2542 (ne
821 2511 929 2544 quem
957 2503 1094 2535 merita
1117 2503 1226 2535 laude
1251 2502 1538 2547 defraudemus)

83 2560 191 2591 nobis
216 2568 284 2601 per
310 2557 411 2591 Ioan.
440 2555 631 2589 Petreium
667 2559 980 2599 communicatas,
1029 2564 1067 2592 et
1103 2570 1200 2593 nunc
1236 2561 1388 2593 tandem
1424 2571 1446 2593 a
1477 2572 1538 2594 me

82 2616 349 2659 transscriptas
375 2614 532 2646 edimus.
580 2614 661 2654 Quo
693 2616 728 2647 in
761 2621 892 2648 autore
925 2622 968 2649 ut
991 2618 1161 2650 iacturae
1188 2618 1406 2661 magnitudo
1431 2619 1540 2651 intel-

83 2675 243 2717 ligatur,
287 2672 449 2706 omnium
478 2672 541 2703 ille
568 2671 686 2704 ferme
712 2673 881 2715 gentium
909 2678 948 2705 et
972 2674 1193 2717 populorum
1221 2673 1416 2708 historiam
1451 2686 1539 2720 qua-

87 2731 262 2774 draginta
285 2729 538 2763 voluminibus
566 2729 751 2761 condidit:
793 2729 839 2762 de
864 2730 998 2774 quibus
1024 2729 1092 2763 hos
1115 2732 1278 2776 quinque
1302 2736 1447 2765 tantum
1475 2732 1538 2765 ha-

86 2788 217 2819 bemus
246 2787 490 2829 superstites,
536 2797 616 2819 cum
654 2786 729 2818 illis
761 2788 923 2831 quinque
950 2787 1097 2821 Latinis
1130 2788 1338 2831 prioribus,
1381 2800 1539 2834 quornm

88 2846 212 2880 versio
238 2854 322 2878 meo
348 2843 496 2888 quidem
528 2845 667 2878 iudicio
698 2845 843 2889 Poggio
878 2856 950 2878 non
984 2849 1086 2878 recte
1119 2844 1358 2879 adscribitur.
1406 2846 1538 2892 Neque

1161 2911 1182 2932 a
1204 2902 1229 2933 2
