1891 3310
429 147 495 195 lN
525 146 638 188 LlB.
669 145 822 187 Xvu.
852 144 978 184 CAP.
1014 145 1242 187 clos-43.
1477 150 1559 189 107

227 261 331 303 191.
360 261 402 301 2.
439 254 487 299 Ὁ
509 258 554 299 δὲ
568 256 836 312 Ἀλέξανδρος
860 279 908 287 -
930 252 1154 311 πληρώσας
1173 253 1312 304 πάσας
1329 255 1405 304 τὰς
1430 257 1559 310 ναῦς]

114 316 248 354 Serius
269 317 451 368 contigit,
481 318 513 353 si
533 313 666 354 Curtio
687 315 793 355 fides.
827 314 927 353 Nam
949 316 1138 364 principio
1161 314 1373 352 obsidionis
1393 315 1564 352 Alexan-

115 374 182 411 der
201 375 321 410 classe
342 374 453 420 plane
474 372 644 409 defectus
667 378 764 412 crat.
794 371 870 408 Adi
888 383 973 408 eum
993 369 1036 406 L.
1060 370 1123 408 IV.
1145 371 1187 412 4.
1219 370 1354 408 Wnss.

232 424 721 480 19..·’).19.Αργέστη”ς
695 441 845 480 αιεμος
864 425 990 479 μέγας
1011 424 1230 478 ἔπεγὲιετο]
1256 425 1368 464 Conf.
1389 424 1432 463 L.
1447 425 1474 462 Ι.
1490 426 1563 465 39.

113 484 262 528 Nautae
297 491 455 523 ventum
491 498 598 531 eum,
638 484 777 534 Syriae
807 497 915 520 oram
946 483 1220 530 infestantem,
1262 477 1566 533 μελαμβόρειον

112 544 269 591 nigrum
288 539 463 579 Boream
496 541 742 589 vocitabant,
779 546 874 578 teste
897 537 1120 592 IosephoB,
1143 538 1225 576 lud.
1244 537 1310 576 ΙΙΙ.
1331 540 1373 578 9.
1394 538 1436 577 3.
1472 537 1568 574 Erat

113 598 189 645 ibi,
228 603 273 636 ut
302 598 390 636 aliis
420 599 460 634 in
499 596 616 644 locis,
663 599 760 635 mire
789 598 1033 645 inpetuosuS,
1072 590 1375 647 μελαμβόρειον
1409 609 1462 632 71²
1466 608 1570 643 ευμα

111 653 249 703 βίαιον
278 651 346 692 καὶ
375 651 579 706 φρικῶδες
605 659 808 705 propterea
838 651 1026 692 Straboni
1055 651 1098 691 L.
1122 651 1188 691 1V.
1218 664 1256 703 p.
1273 653 1381 693 276.
1404 648 1447 687 Β.
1484 663 1570 686 cum

114 716 205 748 nota
226 706 452 746 Casauboni.
484 708 620 750 wass.

230 766 332 807 192.
361 765 435 805 35.
484 762 536 805 Oi
560 764 605 806 δὲ
630 759 774 817 Τύριοι
805 758 952 812 ἆλιεΐς,
987 759 1150 814 ἔχοντες,
1171 760 1390 813 τεχνίτας]
1428 759 1568 799 Mirum

113 834 182 858 cur
204 819 348 871 Tyrios
376 822 580 860 universos
601 817 726 862 ἁλιεῖς
752 820 928 868 adpellet.
966 819 1092 858 Erant
1112 833 1205 857 sane
1235 831 1368 857 eorum
1398 819 1568 866 plerique

112 879 171 915 rei
192 878 368 915 nauticae
389 877 576 926 studiosi,
605 889 676 914 nec
706 872 831 923 ἁλιεῖς
866 883 996 913 tamen
1024 879 1109 914 sive
1125 878 1372 927 piscatores.
1409 873 1568 911 Doctis-

113 935 231 971 simus
252 932 309 969 De
334 931 389 971 La
408 931 549 981 Barre,
576 935 683 971 cuius
708 932 858 971 sollerti
881 944 1017 980 operae
1037 939 1216 982 excerpta
1245 930 1366 968 Codd.
1387 929 1481 980 Reg.
1504 930 1568 965 de-

112 989 204 1036 beo,
243 989 519 1038 adscripserat,
553 989 641 1040 lego
680 982 791 1036 ἇλεΐς
826 989 990 1035 multos,
1025 983 1136 1035 ἀλεῖς
1176 985 1335 1039 ἔχοντες
1373 985 1569 1037 τεχνίτας.

115 1044 291 1094 Optime,
320 1046 355 1082 si
373 1044 595 1084 Herodotus
615 1047 718 1082 inter
739 1057 874 1083 manus
894 1051 1016 1094 esset,
1044 1044 1165 1093 deque
1188 1046 1269 1085 eius
1289 1043 1458 1080 dictione
1481 1056 1570 1093 age-

113 1108 220 1140 retur
247 1101 528 1142 constituenda.
581 1101 627 1140 ln
655 1100 828 1139 Diodoro
862 1113 1051 1150 nusquam
1087 1102 1277 1149 reperitur
1311 1099 1352 1137 id
1379 1099 1571 1144 vocabuli,

114 1170 237 1205 neque
257 1157 379 1196 audeo
399 1158 447 1194 ab
467 1157 623 1196 Ionibus
641 1159 850 1206 repetitum
866 1157 992 1195 invito
1012 1157 1228 1195 obtrudere.
1274 1154 1412 1195 Scribo
1441 1157 1571 1202 itaque

117 1209 259 1266 Τύριοι
280 1208 405 1260 ἁλιεῖς
423 1211 581 1264 ἔχοντες
603 1213 671 1252 καὶ
691 1212 897 1264 τεχνίταςι
924 1222 969 1250 ut
990 1214 1198 1260 innuatur,
1222 1210 1368 1262 Tyrios
1390 1218 1427 1249 ct
1447 1211 1571 1259 pisca-

114 1276 241 1308 torum
272 1275 309 1306 et
336 1270 531 1308 artificum
567 1283 721 1320 operam
750 1269 971 1318 inpendisse
1000 1271 1042 1308 in
1072 1267 1271 1307 machinas
1312 1267 1569 1305 fabricandas.

114 1325 240 1376 Atque
264 1324 337 1362 hoc
366 1326 586 1374 machinae,
611 1339 705 1376 quas
732 1327 782 1367 atl
804 1325 1087 1365 retundendam
1114 1327 1199 1367 vim.
1222 1324 1399 1364 hostilem
1419 1323 1571 1362 adhibi-

116 1388 175 1419 tas
195 1382 374 1430 deinceps
395 1382 600 1430 describit,
625 1383 864 1424 confirmant.
889 1381 1026 1420 WEss.

233 1440 334 1478 192.
365 1439 439 1479 39.
468 1434 554 1478 Διά
572 1453 688 1486 τινος·
701 1439 894 1491 μηχανῆς
913 1433 1193 1490 διανεύοντες]
1219 1435 1305 1474 Hoc
1325 1435 1477 1486 quidem
1496 1434 1572 1471 Va-

114 1494 195 1531 rini
216 1493 404 1532 Camertis
426 1494 595 1533 Lexicon
615 1496 889 1546 interpretatur
908 1507 976 1546 per
995 1496 1252 1539 κυκλοῦντες.
1284 1492 1363 1530 Sed
1383 1492 1484 1529 haud
1502 1492 1571 1528 ‹lu-

116 1551 175 1587 bie
197 1552 398 1589 verissima
418 1552 531 1590 lectio
560 1558 620 1589 est
643 1547 881 1598 δινεύοντες,
913 1551 1105 1601 quomodo
1136 1551 1252 1588 etiam
1273 1550 1375 1587 infra
1404 1560 1439 1597 p.
1465 1550 1569 1587 586.

114 1614 331 1657 usurpatur.
375 1606 574 1645 Mutuatur
600 1615 732 1647 autem
758 1621 894 1646 vocem
922 1621 946 1646 a
975 1610 1111 1657 poetis,
1149 1607 1286 1656 quibus
1307 1602 1474 1644 δινεύειν
1506 1617 1573 1654 pro

116 1662 238 1703 ‹512¹er
267 1663 451 1700 flectitur·
481 1661 619 1700 RHOD·
668 1659 755 1705 Διά
784 1677 896 1710 τινος
924 1665 1116 1716 μηχανῆς
1148 1658 1399 1711 δινεύοντες]
1444 1661 1572 1697 Ausus

115 1731 199 1756 sum
220 1727 419 1768 corruptae
443 1723 531 1758 voci
550 1721 703 1759 literam
722 1720 944 1768 detrahere,
972 1721 1095 1758 fretus
1116 1717 1387 1755 Rhodomanni
1411 1730 1573 1753 consen-

116 1777 224 1814 sione
246 1783 283 1812 ct
305 1778 516 1822 sermonis,
544 1787 619 1825 quo
640 1789 822 1827 magnum
843 1778 944 1813 inter
964 1771 1161 1816 διανεύειν
1183 1781 1222 1811 et
1242 1769 1409 1813 δινεύειν
1431 1773 1573 1809 discri-

114 1844 226 1879 men,
250 1833 377 1882 gcnio.
410 1831 521 1869 Viam
543 1839 676 1870 auctor
695 1838 885 1871 monstrat
907 1845 939 1869 c.
961 1832 1036 1872 45.
1060 1831 1212 1880 quando
1242 1830 1378 1867 iisdem
1397 1829 1442 1865 de
1461 1831 1571 1875 rotis,

116 1887 183 1926 καὶ
214 1883 280 1926 διά
311 1902 433 1927 τινων
464 1883 649 1939 ὀργάνων
678 1884 852 1934 τούτους
881 1884 1116 1933 δινεύοντες.
1162 1886 1268 1924 Novi
1286 1885 1575 1935 Hesychianuzn

114 1939 329 1991 Διανεύει,
356 1941 494 1996 τρέφει
512 1943 609 1996 (leg.
641 1941 829 1998 στρέφει)
855 1945 1003 1983 κυκλεῖ.
1032 1943 1133 1992 quod
1166 1955 1189 1980 a
1219 1941 1476 1980 Grammatico
1506 1952 1573 1977 ex-

116 2007 288 2049 cerptum
317 2001 416 2037 citra
440 2000 596 2037 dubium
627 2007 684 2037 est
713 2013 761 2037 ex
782 2000 895 2047 libro,
922 2011 1038 2049 quem
1061 1999 1150 2036 huic
1173 2000 1410 2038 simillimum
1437 1999 1574 2035 vitium

116 2057 398 2105 inquinaverat.
429 2054 549 2092 Henr.
571 2063 674 2093 certe
695 2054 896 2105 Stephano,
915 2057 1069 2106 probari
1090 2068 1169 2092 non
1189 2056 1328 2104 potuit,
1355 2056 1444 2102 qui,
1473 2060 1574 2089 tam-

117 2115 189 2151 etsi
210 2111 270 2148 hic
303 2111 401 2149 nihil
430 2112 701 2161 adscripserit,
739 2113 782 2148 in
801 2111 919 2150 Thes.
954 2114 1016 2149 sui
1037 2111 1168 2149 Indice
1199 2124 1236 2160 p.
1263 2112 1393 2158 738.‚
1412 2111 1574 2160 prolatis

117 2167 280 2207 Diodori
299 2169 452 2215 verbis,
479 2169 554 2207 sibi
576 2182 621 2208 ea
641 2168 844 2218 displicere
866 2168 1081 2217 profitetur.
1116 2167 1253 2205 Wrss.

235 2224 341 2265 192
367 2225 442 2264 42.
469 2225 701 2272 ΙΙῑΙαὶακαῖς
721 2238 802 2265 τισι
824 2223 894 2264 καὶ
918 2219 1253 2269 συνενδιδούσαις
1273 2221 1574 2270 κατασκευαῖς]

119 2280 206 2319 Vid.
229 2293 321 2317 mox
344 2293 375 2317 c.
397 2281 471 2320 45.
498 2281 641 2321 Wssss.

238 2337 340 2376 192
385 2337 457 2376 55.
504 2334 595 2388 Τὴν
620 2355 669 2367 -·
691 2332 892 2389 σύριγγα]
934 2336 1283 2387 Intercapedinem
1303 2335 1474 2384 fistulae
1506 2345 1574 2370 seza

120 2393 276 2432 canalis
297 2394 448 2442 instar,
474 2395 529 2430 sic
548 2391 818 2432 Rhodomanni
838 2400 952 2440 nota,
968 2406 1028 2431 me
1048 2406 1129 2430 non
1149 2392 1423 2433 intercedente.
1453 2388 1575 2437 Saepe

122 2446 172 2488 σί-
177 2462 306 2502 ριγγες
327 2450 484 2501 angusti
501 2456 599 2487 sunt·
615 2457 653 2487 et
672 2449 836 2487 flexuosi
865 2455 1036 2497 meatus,
1065 2451 1150 2487 sive
1170 2461 1370 2486 cavernae
1400 2448 1575 2484 minutae

123 2513 348 2552 terrarum,
383 2518 484 2556 quas
517 2506 676 2545 Graece
705 2507 893 2556 syringas
920 2506 1188 2572 adpellamuS,
1225 2505 1355 2543 verbis
1384 2503 1574 2540 Ammiani

123 2561 338 2600 Marcellin.
365 2561 409 2600 L.
432 2561 623 2602 XV11.7.
655 2573 692 2611 p.
718 2563 836 2609 183„
864 2562 967 2599 unde
1001 2557 1186 2614 σύριγγες
1205 2554 1450 2611 Αἰγύπτιαι,
1479 2570 1576 2605 quae

123 2617 287 2656 Creticis
307 2618 539 2668 labyrinthis
557 2624 829 2672 conparantur,
848 2617 896 2658 ab
918 2617 1084 2658 Aeliano,
1106 2618 1153 2655 de
1173 2616 1339 2654 Animal.
1360 2614 1403 2654 L.
1425 2613 1489 2652 Vl.
1501 2615 1574 2655 43

124 2680 165 2712 ct
185 2673 626 2715 1..XV1.14.W13ss.

241 2731 343 2770 192.
366 2732 439 2770 61.
471 2727 611 2777 Μιιλις
630 2726 947 2781 ἀπετρέψαντο]
984 2728 1117 2780 Neque
1140 2729 1213 2766 hoc
1235 2740 1321 2766 sese
1333 2726 1575 2772 conmendat,

125 2797 247 2834 neque
263 2782 577 2840 ἀπεστρέψαντο
598 2785 696 2838 Reg.
718 2799 788 2838 pn,
806 2789 1053 2836 quantumvis
1072 2791 1245 2825 recurrat
1265 2784 1307 2824 L.
1322 2782 1462 2821 va.
1479 2783 1573 2823 47.:
