1875 3310
432 209 718 241 OECONOMIA
750 209 1017 240 msTORIAE
1048 210 1275 242 DIODORI.
1484 215 1596 246 CCIII

120 307 335 342 Phoenicen
377 307 633 354 proficiscitur
672 307 720 342 ad
760 307 922 342 classem
961 306 1132 352 pluribus
1168 307 1326 342 navibus
1367 313 1596 356 augendam,

119 377 149 400 c.
168 370 224 403 02.
250 369 305 402 (3³.

213 424 294 457 Hoc
310 428 482 467 tempore
499 422 751 456 Athenienses
771 431 792 454 e
811 421 934 455 literis
953 423 1070 467 regiis
1092 422 1182 464 (vid.
1202 427 1365 470 cap.56,)
1389 428 1595 470 postulant,

118 486 159 514 ut
184 483 347 525 ipsorum
376 483 591 515 libertatem
619 478 902 523 Polysperehon
927 485 1059 513 contra
1083 479 1333 523 Nicanorem,
1366 494 1475 528 quem
1508 486 1597 519 Cas.

68 578 75 588 Ι
118 540 259 573 sandei·
278 539 508 584 Munychiae
528 538 787 583 praefecerat,
814 537 1015 579 defendat,
1040 543 1264 583 portumque
1285 542 1477 576 restituat.
1517 543 1594 578 Sed

117 597 260 641 placuit
290 597 625 643 Polysperchonti,
659 596 780 629 donec
806 596 842 628 in
863 597 1116 630 Cassandrum
1143 597 1284 630 bellum
1303 599 1353 630 sit
1369 601 1594 642 gerendum,

115 655 273 698 insuper
301 656 502 689 Piraeeum
528 666 597 700 per
622 654 740 687 filium
770 654 1027 687 Alexandrum
1063 666 1262 698 occupare.
1327 655 1472 690 Suasor
1511 663 1597 693 erat·

118 712 307 756 Phocion,
331 713 594 754 Atheniensis,
623 713 670 746 ob
688 713 725 746 id
748 713 972 756 proditionis
991 717 1190 746 accusatus
1205 739 1214 756 ,
1239 717 1279 747 et
1298 715 1481 759 supplicio
1502 717 1595 751 affe-

119 774 215 805 ctus.
250 783 281 805 c.
300 775 397 807 64-
411 775 466 809 67.
512 773 613 806 Hinc
630 771 771 805 bellum
791 781 814 804 a
833 770 1048 804 Cassandro
1069 775 1108 804 et
1126 773 1313 816 Antigono
1332 773 1370 806 in
1391 773 1596 819 Polysper-

117 828 292 863 chontem
323 834 361 863 et
386 832 515 875 regios
537 835 721 865 movetur.
758 840 788 865 c.
809 830 973 867 68—75.
1023 829 1240 863 Cassander
1264 831 1386 864 classe
1412 831 1596 866 advectus

118 886 319 921 Piraeeum
343 891 520 932 occupat,
545 889 631 921 dum
658 887 825 920 Nicanor
841 885 1086 931 Munychiam
1105 888 1258 921 retinet.
1307 888 1391 928 Qua
1408 899 1450 922 re
1469 897 1595 924 motus

118 946 402 992 Polysperchon
424 947 630 980 exereitum
651 947 686 979 in
706 945 906 978 Graeciam
937 944 1060 977 ducit:
1087 945 1121 977 in
1154 947 1277 979 Attica
1306 947 1489 993 relinquit
1514 951 1597 983 Alc-

117 1006 302 1038 xandrum
334 1005 474 1046 lilium,
515 1005 596 1048 ips«-
627 1004 661 1036 in
694 1003 995 1048 Peloponnesum
1024 1002 1216 1046 profectus
1245 1004 1505 1048 Megalopolin
1533 1018 1597 1051 op-

116 1068 270 1107 pugnat.
319 1063 493 1096 Damidis
512 1066 787 1105 strategemate
809 1064 847 1094 et
870 1059 1113 1104 elephairtum
1137 1061 1302 1107 impetus
1320 1061 1525 1107 inhibitus,
1557 1069 1598 1099 et

115 1121 198 1164 ipsa
224 1121 454 1166 oppugnatio
473 1121 583 1153 irrita
605 1119 703 1152 sacta
725 1122 794 1153 est.
833 1129 863 1152 c.
880 1110 1046 1155 68—71‘.

207 1179 301 1213 Mox
328 1180 486 1220 Clitum,
529 1177 776 1217 navat-chum,
826 1187 908 1210 cum
936 1176 1059 1210 classe
1088 1176 1123 1209 in
1151 1176 1441 1221 Hellespontum
1468 1181 1598 1224 mittit,

116 1237 179 1279 qui
210 1236 430 1280 prohibeat,
464 1247 509 1270 ne
529 1237 667 1283 ‚copiae
699 1246 746 1269 ex
775 1236 863 1269 Asia
888 1236 924 1268 in
949 1236 1139 1279 Europam
1167 1235 1473 1271 transvehantur.
1522 1239 1596 1272 llic

116 1295 263 1336 proelio
284 1296 381 1339 apud
396 1295 623 1339 Byzantium
645 1291 1029 1327 commisso‘hostium
1048 1294 1207 1326 classem
1231 1293 1376 1336 fundit,
1400 1295 1596 1338 posthaec

116 1353 223 1397 ipse,
262 1354 414 1387 amissis
444 1363 564 1396 paene
585 1351 759 1386 omnibus
786 1350 964 1392 navibus,
999 1352 1036 1384 in
1062 1350 1187 1396 fugam
1209 1356 1315 1385 actus
1337 1354 1447 1396 perit.
1494 1356 1598 1388 Anti-

115 1420 258 1455 gonus,
285 1412 355 1445 hac
375 1411 534 1444 victoria
556 1410 698 1451 fretus,
726 1412 764 1442 et
783 1409 899 1441 maris
919 1412 958 1442 et
974 1409 1085 1443 Asiae
1111 1420 1296 1442 summum
1320 1411 1517 1454 imperium
1544 1414 1598 1446 in-

116 1469 257 1503 vadere
286 1469 523 1514 aggreditur.
571 1469 703 1511 ltaque
732 1469 939 1501 Eumenem
959 1466 1194 1511 insequendo
1223 1471 1355 1509 urget,
1388 1470 1450 1513 qui
1476 1471 1597 1505 multo

118 1527 250 1560 labore
269 1529 305 1560 in
323 1527 493 1561 Persian}
515 1537 555 1560 se
577 1526 725 1571 recipit.
770 1526 878 1559 llaec
897 1527 933 1558 in
950 1526 1040 1559 Asia
1059 1529 1180 1569 gesta.
1217 1534 1246 1556 c·
1263 1528 1318 1561 72.
1343 1529 1400 1564 73.

205 1585 245 1618 ln
266 1586 419 1630 Europa
442 1583 725 1629 Polysperchon
751 1588 829 1617 tum
851 1583 898 1617 ol)
926 1583 1070 1616 cladem
1091 1581 1189 1626 apud
1210 1582 1471 1628 Megalopolin
1493 1593 1598 1617 aecc-

114 1646 236 1686 ptam,
272 1647 349 1676 tum
378 1643 424 1677 ob
450 1643 685 1684 socordiam,
717 1642 885 1675 vilescit:
909 1648 1041 1675 contra
1062 1641 1098 1673 in
1120 1639 1375 1673 Cassandrum
1399 1647 1438 1674 et
1464 1642 1594 1676 civita-

115 1706 195 1735 tum
216 1702 448 1736 Graecarum
470 1706 510 1736 et
526 1701 780 1735 Macedonum
799 1700 909 1735 favor
926 1710 967 1733 se
987 1699 1158 1734 inclinat.
1194 1708 1223 1734 c,
1244 1698 1300 1736 74.
1326 1701 1383 1737 75.

714 1817 925 1858 Periotli
957 1816 996 1856 Π

562 1897 601 1944 S
637 1897 681 1944 E
720 1895 761 1943 C
800 1896 848 1944 Τ
885 1895 913 1943 Ι
950 1892 996 1942 Ο
1049 1894 1128 1943 ΙΙ.

114 1987 192 2032 Ab
220 1989 559 2047 Agathoclis
596 1993 651 2032 in
687 1989 899 2032 Sicilia
925 1989 1277 2046 principatu,
1325 1985 1501 2048 usque
1532 1992 1598 2034 ad

117 2072 234 2113 eius
266 2070 478 2114 bellum
512 2072 792 2114 adversus
827 2071 1076 2124 Poenos,
1126 2080 1178 2113 et
1208 2087 1446 2131 pugnam
1483 2075 1599 2130 qui-

535 2153 649 2195 dem
696 2154 836 2209 apud
881 2153 1175 2196 Himeram.

728 2243 828 2285 Lib.
853 2240 984 2286 XIX.

580 2325 638 2362 Ol.
660 2327 781 2369 CXV,
801 2328 835 2364 4.
858 2347 902 2353 ——-
929 2326 1086 2369 CXVII,
1111 2330 1147 2364 2.

114 2380 361 2428 memnm
395 2393 564 2427 continet
591 2395 795 2428 observata
819 2395 1006 2439 quaedam
1042 2394 1089 2428 de
1118 2393 1484 2439 rerumpublicarum
1512 2403 1600 2427 con-

113 2454 373 2493 versionibus,
412 2462 617 2496 earumque
645 2453 768 2485 causis
798 2457 837 2486 ct
863 2453 1077 2497 praecipuis
1106 2453 1336 2487 auctoribus·
1394 2452 1598 2495 Nunquam

116 2510 229 2544 facilc
260 2511 306 2543 ab
339 2510 490 2543 infimae
522 2511 636 2544 sortis
661 2510 896 2552 hominibus,
933 2511 1000 2544 sed
1026 2511 1247 2555 plerumque
1276 2511 1322 2543 ab
1354 2509 1600 2554 optimatibus

121 2579 328 2613 eorumque
347 2568 587 2609 factionibus,
625 2579 844 2613 oppressam
866 2569 1083 2603 libertatem
1104 2572 1143 2602 et
1159 2570 1344 2601 invectam
1366 2578 1451 2601 esse
1470 2571 1600 2611 tyran-

119 2626 258 2660 nidem.
306 2626 654 2659 Honoratissinmm
683 2630 721 2660 et
745 2628 1048 2671 potentissimum
1075 2637 1262 2671 quemque
1280 2626 1449 2659 libertati
1475 2625 1600 2657 maxi-

123 2694 182 2715 me
211 2688 428 2726 suspectum
462 2689 500 2717 et
523 2683 646 2718 fraudi
675 2696 772 2719 esse.
822 2685 987 2718 Siciliam
1006 2686 1088 2718 eius
1108 2684 1164 2718 rei
1185 2684 1369 2728 exemplis
1391 2682 1601 2722 abundare,

121 2745 160 2774 ct
179 2741 423 2785 Agathoclem
444 2744 746 2776 recentissimum
771 2743 862 2776 illud
881 2742 1079 2787 praebere.
1123 2742 1181 2775 lta
1201 2742 1400 2775 transitum
1422 2745 1530 2784 parat
1551 2738 1599 2772 ad

122 2798 274 2834 {Siciliae
302 2798 524 2842 historiam,
559 2811 656 2846 quae
678 2811 798 2836 novae
819 2801 977 2846 periodo
995 2800 1101 2836 velut
1120 2799 1406 2834 fundamentum
1434 2797 1602 2832 subster-
