1859 3326
277 217 337 257 38
744 187 1265 256 ANNsOTATloNES

286 328 417 365 cadiae
435 326 578 366 fluvius
600 326 850 380 Stymphalus
870 328 978 367 hiatu
999 328 1164 380 quodam
1183 330 1436 379 absorbetur,
1466 344 1635 369 emersus
1659 329 1750 369 dein

289 386 333 422 in
369 384 553 436 Argolide
584 384 774 425 Erasinus
803 387 925 424 audit.
976 387 1187 426 Pausanias
1229 388 1272 426 L.
1303 388 1510 428 V111.22
1557 387 1680 434 οὗτος
1712 387 1753 434 ἐς

289 438 434 493 χάσμα
461 443 536 494 γῆς
559 438 736 482 κάτεισιν
757 438 778 481 ὃ
810 439 1022 512 ποταμὸς,
1053 440 1385 513 ἀναφαινόμενος
1406 443 1450 484 δὲ
1482 437 1609 490 αυθις
1640 443 1683 483 ἐν
1701 446 1754 512 τῇ

291 497 536 552 Ἀργο7ι’“ὁι,
563 494 777 551 μεταβάλ7
782 513 812 539 ει
839 496 885 539 τὸ
907 496 1064 550 ὄνομα,
1093 499 1162 538 καὶ
1183 498 1310 540 αὐτὸν
1330 499 1420 540 ἀντὶ
1450 503 1524 541 τοῦ
1548 497 1758 554 Στυμφά-

297 557 372 595 λου
406 556 482 594 κα7
487 557 602 593 οὖσιν
630 552 854 609 Ἐρασῖνον.
898 555 1019 608 Iunge
1046 558 1162 597 alium
1195 556 1402 595 Strabonis
1432 559 1560 595 locum
1586 558 1629 597 L.
1652 557 1758 596 VIII.

299 623 335 663 p.
357 612 463 652 570
493 611 629 648 WEss.

415 669 490 709 41.
520 669 595 710 20.
628 664 752 720 1Ὶ7.ὴν
771 669 855 709 τῶν
878 664 1175 721 ἀσεβησάντων
1197 666 1352 721 οὐδεὶς]
1392 669 1560 718 Dubito,
1588 683 1638 708 an
1657 672 1762 708 iniu-

302 725 362 762 ria
378 726 458 763 illis
487 732 762 762 accenseantur
792 725 923 764 decem
944 725 1223 777 Spartanorum
1252 740 1395 772 naves,
1424 739 1520 776 quae
1550 741 1640 765 casu
1670 734 1763 765 ante

303 781 469 821 Helicen
489 780 537 818 ad
558 781 746 820 anchoras
771 782 947 829 stabant,
973 784 1110 823 iisdem
1129 783 1310 823 fluctibus
1330 783 1488 821 haustae
1513 783 1614 834 apud
1633 783 1763 821 Aelia-

305 851 398 877 num
423 837 469 874 (le
490 837 654 877 Animal
675 837 716 875 L.
740 838 812 878 XI.
834 840 908 881 49.
938 840 1073 882 WEss

420 895 500 934 41.
526 896 602 934 26.
633 891 852 934 ῘΙοπλίον
845 893 1019 962 Άγκον]
1054 893 1157 934 Pro'
1159 893 1314 949 'Ayuov
1332 898 1509 934 restitue
1525 893 1766 949 Οὗα7ἕριον.

309 949 356 989 ln
377 949 453 988 fine
474 951 597 987 scribe
618 947 799 1002 Μάρκον
826 949 1010 1005 Φάβιον.
1023 953 1161 991 Rnon.
1191 953 1308 991 Ferre
1331 954 1369 990 id
1393 966 1557 1002 possem,
1587 955 1666 990 nis1
1685 967 1770 990 mo·-

311 1006 402 1045 dum
422 1008 625 1044 excederet
646 1008 860 1056 medicina,
887 1017 1000 1061 atque
1023 1013 1172 1049 auctori
1201 1017 1384 1060 perpetua
1404 1016 1575 1047 maneret
1593 1023 1680 1046 cum
1702 1009 1770 1046 Li-

310 1065 377 1103 vio
398 1066 611 1114 ceterisque
630 1063 837 1104 Fastorum
857 1067 1120 1105 conditoribus
1141 1067 1353 1107 discordia:
1378 1067 1480 1104 unde
1508 1080 1579 1104 nee
1590 1066 1771 1117 Pighium

313 1120 455 1171 probo,
491 1122 619 1160 Τῖτον
649 1121 863 1174 Παπίριον
890 1126 932 1162 in
962 1123 1149 1174 ›S'purz'um
1192 1130 1485 1166 convertentem
1523 1123 1571 1160 ad
1600 1137 1690 1160 ann.
1720 1122 1770 1160 U.

316 1174 358 1216 C.
381 1187 598 1216 CCCLXXIV.
628 1177 721 1216 Edit
743 1178 878 1216 Livius
895 1179 936 1216 L.
962 1180 1046 1219 VH.
1064 1183 1137 1220 27.
1173 1182 1348 1218 tribunos
1378 1182 1545 1219 militum
1576 1181 1773 1218 consulari

316 1240 505 1284 potestate
525 1247 616 1281 sex,
644 1234 739 1272 duos
763 1236 949 1283 Valerios,
975 1236 1018 1274 L.
1039 1245 1076 1274 et
1094 1237 1156 1283 P.,
1185 1237 1229 1278 L,
1253 1236 1488 1285 Menenium,
1514 1235 1556 1276 C.
1580 1236 1775 1288 Sergium,

317 1290 376 1337 P.,
396 1293 492 1338 sive,
507 1298 549 1328 ut
569 1292 782 1342 corrigunt,
809 1291 876 1343 Sp.
903 1294 1112 1343 Papirium,
1133 1292 1218 1334 Ser.
1244 1292 1477 1333 Cornelium.
1519 1293 1663 1331 Noster
1683 1303 1775 1340 vm,

321 1353 361 1385 et
379 1348 580 1397 plerosque
608 1349 727 1394 alim,
757 1347 856 1386 haud
878 1350 990 1387 dubie
1016 1353 1094 1387 suis
1113 1363 1162 1386 ex
1183 1349 1325 1388 Fastis.
1359 1349 1497 1388 Fuisse
1514 1363 1607 1387 vero
1630 1349 1775 1387 Romae

322 1411 411 1442 octo
438 1405 646 1453 aliquando
667 1405 844 1444 tribunos
871 1408 1066 1446 consulari
1090 1408 1196 1454 iure,
1226 1409 1336 1445 testis
1356 1414 1414 1443 cst
1435 1410 1641 1455 imperator
1661 1405 1777 1443 Clau-

325 1460 440 1498 dius
430 1474 471 1499 ln
493 1460 610 1500 Thes.
630 1461 786 1501 Gruter.
810 1475 844 1510 p.
866 1473 962 1509 ¹;.‚›11
993 1464 1148 1513 ipseque
1170 1463 1319 1510 Livius,
1340 1465 1455 1502 sicuti
1474 1466 1629 1515 egregie
1649 1463 1780 1501 docuit

324 1515 403 1557 Cel.
424 1516 498 1555 lac.
518 1519 698 1557 Perizon.
723 1518 900 1556 Animad
921 1519 1022 1558 Hist.
1047 1534 1078 1557 c.
1098 1523 1140 1560 ·’).
1170 1534 1204 1570 p.
1225 1520 1300 1560 46.
1331 1520 1469 1561 ἊῙΕΞΒ

436 1576 512 1617 42.
547 1576 619 1615 37.
650 1572 962 1626 Ὀνοιιιισθεΐσιι
983 1576 1141 1644 πυριζινη
1159 1575 1292 1628 dome]
1326 1576 1369 1614 Id
1389 1584 1602 1616 meteorum
1623 1576 1669 1614 ab
1693 1576 1782 1614 Ari-

325 1633 464 1669 stotele
487 1632 643 1671 videtur
672 1634 902 1683 appellatum
926 1634 1047 1672 fuisse
1069 1629 1179 1680 ὁδός
1217 1632 1284 1670 Sic
1308 1636 1410 1672 enim
1437 1635 1502 1670 ille
1531 1633 1783 1684 Meteorolog.

325 1686 369 1726 L.
393 1686 422 1726 Ι.
446 1691 487 1729 6.
522 1689 569 1726 de
597 1689 708 1741 quod
703 1703 763 1728 zm
794 1698 987 1738 memoro,
1023 1687 1069 1729 τὸ
1102 1689 1147 1730 δὲ
1177 1689 1253 1744 φέςι
1256 1704 1325 1742 γος
1357 1688 1536 1730 απέτεινε
1560 1688 1679 1744 μέχρι
1707 1691 1782 1729 τοῦ

324 1742 468 1797 τρίτου
495 1760 648 1797 μεοοις
677 1748 751 1784 τοῦ
782 1743 985 1796 οἰσανοῦ,
1016 1743 1078 1785 ὁιο
1101 1746 1168 1785 καὶ
1193 1743 1349 1800 ἕκὶηθη
1373 1743 1484 1793 ὃὸός.
1515 1747 1646 1785 PA.1M
1693 1745 1786 1784 Ser-

326 1813 480 1839 monem
501 1801 750 1853 philosophus
773 1816 817 1839 eo
841 1802 1078 1854 Meteorolog²
1056 1817 1089 1842 (η
1112 1805 1196 1841 loco
1227 1803 1296 1841 hac
1318 1805 1400 1852 ipsa
1423 1803 1469 1840 de
1491 1803 1687 1856 lampade,
1718 1816 1786 1841 seu
1846 1854 1848 1859 1

329 1858 438 1894 trabe
460 1861 610 1909 potius,
641 1860 827 1897 instituit:
856 1860 958 1896 unde
983 1862 1150 1908 suspicio
1171 1861 1280 1897 nasci
1300 1867 1451 1911 posset,
1482 1860 1602 1899 fuisse
1625 1862 1718 1898 olim
1740 1873 1785 1897 eo
1846 1863 1848 1877 ¹

328 1915 416 1953 loco
446 1910 577 1961 ὸοκός·
619 1927 782 1963 namque
812 1923 850 1952 et
878 1915 993 1956 ὸοκοὶ
1030 1913 1137 1963 εῗὸος
1169 1915 1355 1970 ἀστέρων
1386 1916 1664 1968 ἐπισηιιασιάν
1694 1913 1786 1956 τινὰ
1856 1950 1858 1958 ,

327 1968 623 2023 παοεχόντων
615 1972 717 2020 apud
736 1971 986 2025 Hesychium.
1027 1972 1286 2021 Frequentius
1309 1973 1468 2019 ὁοκίὸες
1496 1974 1699 2020 dicuntur,
1727 1974 1789 2010 uti
1847 1986 1857 2014 't

331 2031 481 2067 auctori
504 2028 549 2064 ‹le
572 2027 676 2066 Mun
671 2028 717 2065 10
739 2042 770 2066 c.
789 2031 846 2074 2.,
874 2028 1020 2067 Latinis
1045 2030 1192 2069 tr.abes
1228 2030 1320 2068 Visa
1340 2037 1466 2067 autem
1487 2029 1579 2067 haeo
1600 2029 1712 2067 trabs
1731 2036 1790 2067 est

331 2096 435 2123 anno
457 2087 674 2134 superiore,
703 2096 779 2133 quo
810 2084 973 2122 Athenis
997 2093 1177 2133 praetura
1206 2085 1367 2124 Asteius
1384 2086 1641 2136 fungebatur,
1673 2086 1792 2123 sicuti

333 2148 487 2194 praeter
507 2140 753 2180 Aristotelem
773 2141 885 2179 docet
909 2141 1078 2181 Marmor
1097 2142 1265 2189 Parium.
1293 2143 1410 2193 inque
1430 2144 1564 2192 primis
1583 2141 1794 2179 Callisthe-
1855 2152 1857 2155 '

333 2209 417 2243 neS‚
438 2209 550 2248 quem
563 2196 708 2236 Noster
727 2204 923 2234 auctorem
943 2201 1051 2246 sequi
1071 2200 1167 2235 alias
1191 2201 1299 2235 solet.
1329 2198 1516 2236 Senecam
1537 2199 1627 2237 audi
1645 2198 1688 2236 L.
1708 2199 1792 2237 VII.

335 2254 382 2300 Q.
405 2253 453 2291 N.
475 2267 506 2291 c.
536 2255 574 2294 5.
607 2252 744 2291 Talem
765 2253 934 2303 effigiem
952 2256 1056 2304 ignis
1075 2255 1344 2304 longifuszse,
1370 2255 1632 2295 Callisthenes
1652 2256 1795 2303 tradit,

334 2317 549 2362 antequam
568 2309 699 2349 Burin
726 2318 767 2348 et
795 2311 965 2348 Helicen
987 2325 1098 2351 mare
1128 2312 1400 2351 absconderet.
1448 2313 1690 2351 Aristoteles
1721 2315 1795 2360 ait,

335 2380 412 2406 non
443 2367 595 2406 trabem
622 2381 730 2414 eam,
765 2369 837 2405 sed
866 2375 1057 2405 cometam
1072 2368 1223 2415 fnisse.
1272 2369 1324 2405 Et
1353 2376 1440 2417 post
1467 2381 1606 2418 pauca:
1638 2368 1688 2408 In
1719 2382 1794 2422 quo

336 2425 428 2474 igne
451 2425 576 2461 malta
602 2425 757 2476 quidem
768 2424 950 2471 fuerunt
970 2427 1091 2475 digna
1125 2438 1227 2476 qnae
1247 2433 1509 2464 notarentur:
1539 2425 1641 2463 nihil
1665 2432 1795 2464 tamen

336 2483 488 2529 magis,
515 2494 632 2534 quam
663 2483 788 2531 quod,
819 2489 865 2519 nt
883 2482 949 2518 ille
962 2481 1093 2528 fulsit
1125 2485 1164 2523 in
1187 2483 1317 2531 coelo,
1344 2485 1484 2520 statim
1513 2495 1638 2535 supra
1663 2481 1796 2521 Burin

337 2545 379 2577 et
398 2537 568 2575 Helicen
589 2550 701 2574 mare
714 2537 820 2584 fuit.
849 2538 983 2575 Wssss.

449 2595 609 2635 4247.
630 2592 753 2634 Κατὰ
767 2592 840 2640 τὰς
863 2594 970 2640 ἰδίας
990 2589 1173 2634 ἑκάστων
1187 2590 1421 2646 περιόδους]
1436 2595 1797 2634 praestantissimus

337 2649 643 2701 Rhodomannus
669 2653 709 2688 in
731 2658 811 2689 not.
847 2648 953 2689 κατὰ
984 2648 1058 2696 τὰς
1090 2651 1197 2698 ἰδίας
1230 2650 1391 2703 ἄστρων
1425 2648 1642 2704 περιόδους
1670 2659 1798 2688 emen-

338 2707 465 2745 davit:
509 2706 609 2745 haud
631 2707 804 2754 equidem
825 2710 928 2753 scio,
961 2720 1010 2745 an
1031 2710 1141 2747 male.
1181 2707 1307 2746 Docet
1328 2708 1524 2746 Diodorus
1538 2736 1550 2755 ‚
1586 2707 1798 2745 Chaldaeos

338 2777 382 2802 ea
401 2764 521 2802 fuisse
545 2765 739 2814 opinione,
753 2771 921 2802 cometas
940 2777 1030 2801 suos
1053 2765 1126 2802 sibi
1147 2765 1259 2802 orbes
1284 2765 1437 2812 habere,
1462 2764 1707 2812 definitisque
1729 2766 1800 2801 an-

339 2833 480 2859 norum
498 2819 669 2871 periodis
690 2821 865 2866 revolvi.
887 2822 968 2859 sive
989 2821 1228 2873 περιοδικῶς
1247 2819 1503 2868 ἀνατέλλειν,
1532 2832 1627 2871 quae
1650 2820 1799 2871 Pytha-

339 2889 544 2929 goreorum
564 2883 601 2914 et
612 2876 893 2928 Aegyptiorum
915 2889 1065 2928 quoque
1086 2880 1278 2917 sententia
1291 2884 1384 2918 erat.
1400 2877 1487 2916 Vid.
1500 2890 1615 2928 supra
1628 2877 1672 2915 L.
1683 2877 1712 2915 1.
1725 2878 1799 2919 82.
