1891 3310
347 188 411 227 IN
442 186 554 226 LIB.
582 182 925 249 xvl11..CA,1>.
957 186 1031 227 17.
1072 186 1145 227 18.
1401 188 1493 227 237

44 306 160 342 istum
180 301 383 349 Archiam,
415 300 527 339 domo
560 298 803 347 Thurinum,
840 298 1086 351 potissimum
1114 295 1314 350 designat,
1352 298 1398 336 de
1421 298 1498 349 quo

46 359 146 398 l‘lut.
167 358 414 397 Demosthen.
439 369 475 406 Ρ.
500 356 604 398 859.
632 355 768 394 ἎῙΕειι

157 417 264 456 276.
281 417 357 455 26.
388 412 474 453 Και
495 409 745 465 ποοσέταξεν
773 407 855 451 ἀπὸ
886 405 1091 462 τιμήσεως
1115 405 1217 450 εἶναι
1238 407 1286 450 τὸ
1311 408 1499 450 noha-zv-

43 472 129 523 μα]
163 472 280 509 Iterat
298 471 369 507 hoc
390 470 572 507 dictionis
592 482 715 520 genus
739 467 815 505 fine
837 468 902 506 lib.
926 466 1073 505 XVIII.
1106 465 1174 506 καὶ
1198 464 1244 505 τὸ
1267 466 1498 517 notstzevpcot

45 527 291 568 διοικεῖσθαι
310 522 390 566 ἀπὸ
416 521 634 577 τιμήσεων.
687 523 739 562 At
758 525 907 562 simili
896 537 936 561 m
955 524 1080 562 forma
1098 523 1332 572 reipublicae
1353 521 1494 561 Strabo

46 584 87 622 L.
107 585 158 622 X.
176 597 211 634 Ρ
234 585 338 625 686.
358 583 402 620 A.
424 597 523 633 προε
509 595 687 634 στησαν
709 577 787 634 7120
810 576 1297 634 afizffg(cha1cidis)’am3
1317 574 1499 631 τιμημά-

45 655 128 681 των
152 639 503 693 ἀριστοκοατικῶι
523 635 874 691 ἀριστοκοατικιῦς
897 635 1104 688 ἄοχοντες·
1134 644 1172 673 et
1190 643 1318 683 recte3
1345 648 1432 672 nam
1448 647 1497 672 ex

46 711 163 735 censu
186 710 272 733 cum
295 696 436 733 bonum
457 694 652 746 publicum
675 701 844 741 curatur,
872 707 896 731 v
900 695 976 730 alet
993 695 1126 743 utique
1147 706 1354 744 paucorum
1375 692 1500 729 ‹lomi-

46 761 173 790 natus.
199 755 324 797 Quare
346 760 503 803 rogatus
522 751 615 800 quid
634 757 734 788 esset
753 749 966 818 oligarchia
988 750 1112 797 Plato,
1126 751 1271 800 regerit
1289 750 1499 799 eleganter,

46 807 122 861 τὴν
154 806 234 849 ἀπὸ
267 805 510 860 τιμημάτων
544 805 772 853 πολίτειαν,
801 805 843 845 ἐν
872 821 898 860 ⁷7
929 821 967 845 οι
996 803 1073 855 μὲν
1093 801 1280 845 πλούσιοι
1310 801 1499 857 ἄοχουσι,

47 864 190 918 πέιησι
213 863 257 904 δὲ
277 863 325 905 οὐ
344 863 532 916 μέτεστιν
550 860 684 915 ἀοχῆς
710 862 756 900 de
778 860 871 911 ch.
892 861 934 898 L.
954 860 1008 899 X.
1029 874 1064 912 p.
1086 862 1190 902 550.
1211 860 1266 909 C.,
1292 868 1330 898 et
1350 862 1501 898 Aristo-

46 924 142 959 telcs
170 921 342 959 diversas
371 920 588 958 dominatus
608 932 815 968 paucorum
837 920 982 968 species
1011 919 1286 968 expliciturus,
1316 918 1502 966 quasdam

47 975 128 1018 ἀπὸ
149 980 322 1030 μακρῶν
340 973 597 1030 τιμημάτων,
627 976 724 1013 alias
746 971 826 1015 ἀπὸ
847 976 1007 1027 μικρῶν
1028 971 1295 1026 τιμημάτων,
1325 988 1411 1010 cum
1430 987 1499 1023 pro

47 1035 194 1073 maiore
216 1036 413 1072 minoreve
431 1046 548 1070 censu
568 1031 617 1069 ad
636 1031 800 1070 honores
821 1031 1081 1070 admittuntur
1098 1034 1216 1080 cives,
1239 1037 1503 1068 conmemorat

48 1091 164 1130 Polit.
183 1091 227 1130 L.
252 1090 316 1128 lV.
340 1090 380 1130 5.
402 1097 441 1128 et
463 1091 506 1130 9.
547 1088 689 1128 Wnss.

160 1149 269 1189 271.
302 1147 375 1187 32.
410 1144 591 1192 IDa'ovg
618 1146 703 1185 τῶν
731 1142 959 1197 ὃισμυοίων
988 1143 1056 1184 καὶ
1084 1141 1316 1196 δισχιλίων]
1344 1141 1502 1182 Plutar-

50 1203 144 1243 chus
173 1216 240 1241 eos
269 1205 335 1254 qui
364 1204 468 1240 infra
493 1215 673 1249 censum,
703 1201 748 1239 ab
771 1202 982 1250 Antipatro
995 1202 1172 1249 finitum,
1199 1203 1369 1247 fuerant,
1396 1195 1500 1252 ὑπὲρ

47 1259 223 1314 μυρίὀις
241 1259 308 1299 καὶ
330 1258 553 1310 &coxam-019
576 1264 773 1305 numerat,
809 1261 1061 1307 exclususque
1081 1270 1105 1296 a
1123 1257 1357 1322 reipublicae
1379 1257 1503 1294 admi-

51 1320 282 1356 nistratione
301 1318 342 1354 in
366 1315 413 1353 T·
405 1318 534 1353 nracia
555 1315 682 1352 sedem
701 1322 814 1365 atque
833 1328 946 1366 agros
965 1316 1157 1366 accepisse
1178 1315 1328 1352 refert
1317 1327 1358 1350 m
1381 1313 1501 1350 Phoc.

51 1387 87 1425 Ρ.
109 1375 213 1415 754.
225 1372 288 1421 D.,
319 1380 357 1410 et
374 1375 488 1423 longe
507 1371 659 1421 quidem
679 1374 774 1408 recti
779 1383 841 1409 us:
869 1373 1090 1422 plerumque
1109 1375 1211 1409 enim
1235 1371 1380 1408 civium
1401 1369 1505 1407 Atti-

52 1444 185 1469 corum
205 1443 384 1467 numerus
402 1439 465 1465 xx
484 1429 607 1466 millia
627 1428 827 1478 aequabat.
869 1427 1064 1468 §noneste
1071 1426 1161 1495 ,γὰο
1173 1458 1185 1477 ,
1222 1426 1504 1464 Demosthenes

52 1490 108 1526 ait
127 1487 234 1524 Orat.
258 1487 300 1523 in
320 1485 574 1536 Aristogiton.
596 1484 624 1521 Ι.
643 1499 678 1534 Ρ.
699 1485 807 1525 489.
819 1511 831 1532 ‚
863 1483 962 1524 εισιν
984 1480 1091 1536 ὁμοῦ
1122 1480 1329 1537 δισμύριοι
1354 1479 1505 1529 πάιτες

44 1542 273 1595 Ἀθηναῖοι.
295 1544 415 1587 Quem
437 1543 655 1592 catalogum
668 1543 755 1578 unis
770 1541 942 1578 millibus
962 1541 1193 1592 superabant
1212 1542 1344 1591 paucis
1361 1539 1505 1578 abhinc

52 1604 179 1647 annis,
194 1613 278 1637 cum
299 1598 591 1636 Atheniensium
610 1611 765 1635 censum
784 1605 917 1650 ageret
928 1597 1379 1636 DemetriusPhalereus.
1404 1595 1438 1634 T
1442 1610 1508 1634 um.

53 1653 539 1710 εὖρεθῆναιᾎθηναίους
561 1652 639 1704 μὲν
660 1654 903 1706 ὸισμυοιόυς
925 1651 1029 1705 πρὸς
1049 1659 1137 1700 τοῖς
1150 1653 1297 1704 χιλίοις
1314 1655 1425 1691 testis
1448 1659 1506 1689 est

55 1714 240 1753 Ctesicles
265 1715 306 1749 in
326 1711 465 1749 Athen.
485 1711 529 1750 L.
549 1710 614 1748 VI.
636 1723 673 1759 p.
696 1713 789 1750 27..
763 1712 802 1747 0.
824 1708 867 1750 C.
912 1709 1123 1748 Redierant
1151 1711 1333 1748 nimirum
1353 1720 1414 1747 ΧΠ
1438 1711 1507 1746 illa

53 1774 115 1810 civ
121 1772 200 1807 ium
217 1771 340 1806 millia
358 1768 539 1817 auspiciis
559 1766 773 1804 Alexandri
786 1766 1125 1817 Polysperchontis
1144 1765 1200 1815 F.
1223 1767 1314 1803 infr.
1331 1780 1415 1816 cap.
1431 1768 1507 1807 66.

56 1827 261 1874 additaque
282 1834 327 1861 lx
348 1825 539 1871 millibus,
581 1824 719 1873 quihus
737 1823 971 1873 reipublicae
994 1837 1123 1862 curam
1141 1824 1343 1873 Antipater
1363 1825 1404 1860 in
1425 1835 1507 1860 ma·-

55 1898 131 1922 nus
151 1881 384 1927 tradiderat,
424 1878 685 1917 rotundabant
703 1889 780 1916 xxl
802 1881 948 1927 millia,
987 1879 1033 1918 de
1061 1880 1199 1929 quibus
1220 1879 1404 1917 Ctesicles
1424 1880 1506 1918 illc.

53 1942 154 1979 Vere
175 1951 266 1989 ergo
278 1939 522 1987 expulsorum
541 1935 705 1982 πλείους
724 1942 834 1973 erant
851 1935 1012 1988 μυρίων
1023 1936 1090 1976 καὶ
1110 1935 1332 1987 δισχιλίων,
1355 1936 1457 1985 quod
1470 1941 1509 1973 et

83 1995 213 2034 ulchre
231 1993 504 2032 animadvertit
523 1992 582 2030 Cl.
603 1991 832 2030 Bonamicus
852 1995 894 2030 in
913 1991 1113 2031 Conment.
1131 1992 1310 2030 Academ.
1330 1992 1509 2040 inscript.

57 2010 108 2092 ξ’.
140 2051 212 2089 ΧΙ.
239 2063 275 2100 p.
302 2051 431 2099 265„
479 2048 645 2087 Diodori
683 2049 803 2088 verba
834 2049 995 2088 eandem
1030 2051 1073 2088 in
1103 2049 1268 2088 formam
1296 2051 1507 2102 refingenS.

52 2108 187 2148 wass.

168 2165 276 2204 272
312 2163 384 2203 38
423 2156 698 2228 ΦοουΡαρχον
718 2159 763 2202 δὲ
780 2156 1004 2202 Μένυλλον
1025 2169 1096 2200 etc.
1109 2162 1125 2213 ]
1155 2161 1330 2200 Modesto
1353 2163 1509 2212 lenique

57 2223 216 2274 ingenio
238 2219 451 2270 Menyllns,
481 2222 625 2256 amicus
647 2217 877 2265 Phocionis,
908 2231 1059 2268 operam
1082 2220 1289 2271 diligenter
1318 2219 1509 2268 inpendit,

41 2281 107 2317 'ne
127 2276 358 2326 praesidium
383 2277 542 2327 gravari.
557 2276 698 2313 merito
718 2273 976 2314 Athenienses
999 2253 1176 2327 possenti
1204 2277 1307 2314 Plut.
1328 2275 1444 2313 Phoc.
1471 2285 1510 2324 Ρ.

58 2337 164 2377 754.
193 2333 242 2369 W
248 2343 327 2369 ess.

171 2391 278 2430 272.
308 2389 382 2429 48.
415 2384 504 2440 Τὴν
523 2383 813 2440 πρεσβιτάτην
837 2386 996 2439 Φίλαν]
1023 2388 1120 2426 Vide
1145 2387 1384 2427 Memnonem
1408 2386 1511 2437 apud

61 2447 240 2486 Photium
262 2443 353 2481 Cod.
377 2443 589 2481 CCXXlV.
611 2458 646 2495 Ρ.
668 2446 774 2484 709.
803 2446 845 2482 et
860 2444 994 2482 Nostri
1011 2444 1054 2482 Ι..
1072 2444 1186 2482 XIX.
1211 2446 1282 2485 59.
1311 2444 1511 2482 Craterum

61 2517 155 2541 vero
176 2506 216 2540 in
243 2500 371 2538 Asiam
391 2501 556 2538 reditum
574 2512 652 2538 non
671 2500 744 2538 hoc
763 2501 901 2538 fecisse
923 2508 1117 2552 tempore,
1145 2502 1296 2540 videbis
1326 2514 1376 2539 ex
1395 2500 1510 2538 huius

60 2561 151 2598 libri
169 2570 249 2606 cap
270 2559 346 2598 21.
378 2557 427 2594 w
433 2567 512 2593 uss.
1022 2586 1027 2591 .

175 2616 282 2655 272
318 2615 388 2654 52.
425 2608 473 2653 Ὁ
503 2611 546 2652 δὲ
575 2611 812 2664 Περδίκκας
840 2605 1192 2664 ἀποκαταστήσας
1221 2618 1308 2660 τοῖς
1337 2611 1512 2663 §mame

65 2679 138 2708 etc.
149 2670 163 2722 ]
191 2670 447 2707 Athenienses
466 2669 672 2706 Perdiccae
700 2681 816 2718 opera
837 2669 943 2707 Sami
963 2674 1204 2717 possessione
1225 2671 1415 2714 deiectos,
1447 2681 1513 2705 co-

64 2730 250 2776 lonosque
270 2727 439 2764 indidem
460 2727 639 2774 expulsos
661 2726 796 2772 fuisse,
824 2729 1018 2763 consentit
1034 2726 1230 2777 Diogenes
1253 2720 1377 2764 Laert.
1400 2724 1441 2761 L.
1458 2723 1512 2761 X.

71 2787 108 2824 1.
131 2787 203 2820 etsi
221 2785 296 2820 alia
318 2784 364 2820 ab
379 2783 590 2831 interprete
614 2782 770 2818 dicere
761 2795 901 2820 iussus.
931 2781 1018 2819 Hoc
1037 2786 1212 2831 primum.
1239 2782 1359 2819 Addit
1379 2788 1513 2818 auctor

65 2840 301 2890 postliminio
327 2840 368 2876 in
387 2842 550 2888 patriam
571 2835 738 2886 Samios,
755 2849 830 2887 qua
848 2842 961 2876 annis
981 2849 1086 2876 xmu
1107 2845 1322 2885 caruerant,
1338 2837 1512 2875 rediisse.
