1891 3310
442 197 506 246 {N
534 196 645 237 [AB.
670 196 771 237 xv.
801 195 929 238 cAP.
957 198 1190 241 24.-28.
1497 206 1557 250 19

82 327 172 354 cum
200 313 358 364 Bryano
385 312 622 360 rescribere,
650 312 686 349 si
709 311 781 350 tibi
810 312 914 348 clare
940 311 1135 361 patuerit,
1166 311 1330 352 eundem
1360 328 1470 365 esse,
1500 319 1548 356 de

81 384 157 422 quo
178 370 221 408 L.
243 368 350 407 XIV.
375 369 448 410 38.
487 368 587 408 Mihi
606 381 685 407 non
712 369 857 418 quuet,
886 369 1094 420 malimque
1117 367 1215 406 adeo
1237 369 1547 425 Hermszpidam

80 428 288 478 praeferre.
323 425 466 466 Wnss.

191 484 269 524 22·
297 483 371 523 34·
406 480 588 535 Θηβαῖοι
606 479 653 522 δὲ
680 478 865 528 Θεσπιὰς
883 477 1253 535 πολιοοκῆσαντες]
1286 483 1436 522 Tacent
1455 489 1543 526 alii.

76 552 150 579 nec
167 539 335 591 negandi
353 546 555 590 propterea
575 541 676 577 iusta
694 540 805 577 ratio.
835 539 1021 576 Praeerat
1034 538 1290 589 Thespiarum
1307 542 1395 579 mhi
1416 542 1543 592 Spho-

78 597 207 645 drias,
235 609 259 634 a
291 595 536 635 Cleombroto
555 598 616 634 illi
643 598 836 645 inpositus
856 595 905 633 ad
926 594 1133 634 Thebanos
1163 598 1433 646 lacessendos,
1457 599 1543 637 Xe..

76 652 194 704 noph.
220 651 311 690 Rer.
333 651 402 691 Gr.
421 652 464 690 L.
489 652 537 693 V.
564 667 599 703 p.
621 654 739 693 445.
759 652 898 692 wass,

190 711 267 750 22.
297 710 374 750 37.
414 709 489 757 Εἷς
517 708 765 759 Σαρδωνιάν
784 706 1059 760 ἀπέστειλαν]
1096 709 1145 747 Ιη
1165 709 1399 749 Sardiniam
1418 711 1544 750 Inter-

74 777 186 815 pres,
222 765 326 804 haud
351 779 443 803 sane
471 767 703 817 prudenter,
742 768 860 804 sicuti
889 768 1042 803 monuit
1079 765 1149 804 Ph.
1191 765 1395 805 Cluverius
1423 768 1538 810 sard.

73 823 208 872 Antiq.
228 835 266 871 p.
281 823 391 864 486.
429 822 595 861 Romani
614 825 657 860 in
677 836 762 861 eam
781 824 950 860 insulam
969 821 1070 860 nihil
1089 829 1290 861 tentarunt
1308 832 1397 862 ante
1419 825 1541 864 Puni-

74 893 160 918 cum
182 880 325 917 bellum
346 881 525 928 primum,
556 880 702 918 vicinis
720 886 809 917 ante
835 879 876 917 id
898 886 1047 928 tempus
1067 879 1270 918 domandis
1291 883 1405 918 unice
1426 895 1541 920 occu-

73 936 167 988 pati.
207 935 446 987 Intelligitur
477 950 611 974 eorum
641 937 871 986 oppidorum
900 935 1080 986 aliquod,
1112 948 1208 985 quae
1235 939 1278 974 in
1298 938 1405 975 urbis
1430 946 1542 977 erant

72 1000 307 1042 conspectu,
337 992 404 1030 sed
429 995 539 1031 cuius
558 995 671 1031 titulo
691 995 815 1043 turpis
834 992 1012 1030 inhaeret
1032 995 1195 1031 macula.
1229 993 1442 1032 Herdonia
1464 997 1539 1033 ita-

74 1061 148 1099 que
170 1063 253 1087 esse
281 1061 362 1087 non
393 1057 539 1098 potest,
567 1053 705 1101 quippe
736 1051 892 1101 longius
925 1049 1074 1087 dissita.
1120 1048 1312 1100 Tempus,
1344 1063 1419 1100 quo
1439 1050 1539 1090 Dio-

74 1106 191 1144 dorus
222 1106 428 1144 deductam
447 1108 642 1145 coloniam
668 1113 889 1154 asseverat,
919 1119 999 1143 non
1024 1106 1124 1144 male
1150 1108 1331 1160 congruit
1355 1107 1536 1159 Satrico,

72 1176 255 1214 quorsum
270 1163 442 1201 Velleius
475 1163 520 1203 L.
541 1164 571 1201 Ι.
604 1164 675 1204 14.
701 1171 799 1215 post
823 1169 972 1215 septem
996 1175 1145 1211 ann08,
1179 1178 1298 1215 quam
1333 1165 1446 1203 Galli
1466 1180 1536 1203 ur-

71 1220 156 1258 bem
187 1227 400 1272 ceperunt,
429 1224 568 1258 missos
596 1221 718 1258 fuisse
747 1222 907 1258 colonos
936 1220 1060 1257 docet.
1104 1219 1159 1258 At
1190 1221 1318 1258 differt
1344 1224 1536 1270 scriptura

70 1275 342 1324 vehementer,
374 1284 557 1327 vetatque
589 1291 803 1315 assensum.
849 1276 1085 1314 Extundant
1114 1278 1277 1328 proinde
1311 1279 1454 1316 certius
1499 1285 1538 1316 et

71 1334 228 1385 probari
248 1333 352 1382 quod
380 1336 524 1383 possit,
551 1335 729 1372 feliciora
748 1336 921 1385 ingenia.
950 1332 1088 1372 Wssss.

185 1391 262 1431 22
293 1391 368 1430 39
395 1388 613 1442 Καλλίου]
649 1390 696 1428 In
715 1390 831 1428 Pario
859 1390 1053 1427 Marmore
1074 1388 1280 1431 Kame-ov
1322 1390 1537 1429 Chabriam

70 1443 260 1500 Sigonius
279 1449 451 1494 vocavit,
471 1453 630 1484 notatus
648 1461 671 1484 a
691 1447 746 1485 Io.
759 1446 931 1484 Meursio
952 1447 997 1484 de
1011 1446 1197 1487 Archont.
1211 1447 1253 1485 L.
1266 1447 1330 1486 lV.
1346 1450 1384 1488 l
1402 1449 1537 1486 ¹Wass.

185 1504 262 1544 23
290 1504 366 1543 41
398 1498 584 1570 ἶΤΡΙοὶρκον
612 1499 836 1555 Πόπλιον]
874 1502 1013 1540 Deleto
1035 1506 1187 1552 priore,
1214 1506 1328 1542 alteri
1348 1505 1537 1556 subiunge

70 1573 121 1598 ex
138 1560 253 1598 fastis
270 1555 518 1612 Κορνήλιον.
549 1559 700 1598 Deinde
724 1562 853 1599 Τῖτον
872 1559 941 1598 καὶ
963 1556 1151 1600 Λεύκιον
1169 1560 1403 1607 Κοι”.ντιους
1431 1561 1537 1599 Fasti

68 1623 221 1668 praeter
250 1615 321 1654 hos
351 1616 471 1654 edunt
499 1617 547 1655 A.
577 1617 774 1655 Manlium
804 1623 844 1654 et
870 1615 1308 1667 C..se1‹rzumRnon.
1361 1617 1536 1657 Turbata

67 1680 323 1724 corruptaque
354 1674 599 1712 tribunorum
619 1674 713 1712 haec
749 1680 842 1711 sunt
869 1675 1038 1711 nomina.
1079 1673 1237 1726 Refingi
1265 1674 1533 1722 poteruntA,

67 1730 306 1785 Παπίριον,
331 1723 481 1770 Αὖλον
501 1727 722 1778 Μάλλιον,
749 1726 943 1770 Πόπλιον
963 1726 1222 1781 Κορνηλιον,
1255 1733 1383 1769 Τῖτον
1409 1731 1536 1770 Κοΐν-

67 1801 158 1827 τιον
187 1786 257 1826 καὶ
284 1782 485 1826 Λεύκιον.
526 1786 595 1824 Sic
626 1794 729 1824 certe
746 1789 903 1835 propius
930 1786 1135 1823 recedetur
1159 1799 1181 1824 a
1201 1789 1445 1825 vetustiore
1440 1789 1532 1824 scri-

70 1850 196 1893 ptura.
227 1842 382 1891 Onuph.
404 1842 623 1881 Panvinius
642 1846 685 1881 in
701 1842 809 1881 Fast.
842 1842 891 1879 ad
909 1855 1054 1879 annum
1076 1852 1253 1880 CCCLxlx
1273 1857 1451 1880 mancum
1472 1843 1534 1882 hic

71 1902 129 1938 ait
147 1898 366 1937 Diodorum
395 1905 433 1935 et
463 1906 628 1948 quatuor
656 1906 807 1937 tantum
839 1899 1001 1947 prodere
1027 1899 1206 1936 tribunos
1232 1899 1278 1940 L.
1311 1900 1534 1951 Papirium,

73 1957 173 2003 Q...
188 1986 198 1996 .
230 1955 274 1994 T.
297 1962 339 1993 et
359 1955 403 1993 L.
417 1954 641 2004 Quinctios,
660 1958 793 1993 nescio
814 1967 927 2003 quam
951 1955 1163 1993 editionem
1182 1963 1349 1994 secutus.
1374 1957 1416 1997 C.
1440 1970 1533 1996 vero

69 2013 262 2064 Sergius,
283 2024 397 2062 quem
416 2011 605 2050 Rhodom.
626 2013 765 2050 ceteris
783 2012 978 2063 adiungit,
1005 2011 1120 2050 Livio
1140 2011 1184 2050 L.
1202 2012 1269 2053 VI.
1296 2014 1368 2055 11.
1399 2026 1447 2051 ex
1472 2017 1534 2054 vi-

67 2082 200 2110 rorum
218 2069 421 2106 doctorum
444 2071 667 2107 coniectura
687 2075 748 2107 est
765 2069 952 2108 insertus.
975 2067 1111 2106 Wnss.

183 2127 260 2167 23.
292 2126 369 2165 47.
406 2122 643 2178 Ἀθηναῖοι
667 2123 713 2165 δὲ
735 2123 927 2179 πρέσβεις
952 2147 1000 2153 —
1023 2122 1289 2176 ἐξέπεμψαν]
1327 2125 1435 2163 Haec
1455 2127 1534 2164 illis

68 2196 151 2223 non
181 2182 388 2223 admodum
417 2186 678 2230 conveniunt,
707 2194 803 2232 quae
832 2181 1058 2231 Xenophon
1089 2182 1134 2219 de
1155 2182 1457 2220 Atheniensibus
1488 2182 1531 2219 L.

67 2241 136 2280 Vl.
156 2239 312 2279 Hellen.
343 2252 380 2289 p.
402 2239 511 2280 445.
544 2245 816 2277 conmemorat.
857 2238 1005 2275 Vereor
1025 2239 1224 2287 equidem,
1245 2252 1295 2276 ne
1326 2239 1388 2277 hic
1419 2253 1535 2288 quae-

70 2297 160 2335 dam
180 2293 354 2349 ὓστερον
374 2292 577 2350 πρότερον
597 2299 676 2333 sint
693 2299 830 2346 posita.
872 2294 983 2333 Certe
1002 2302 1089 2345 post
1110 2296 1382 2346 inprudentem
1407 2296 1533 2345 Spho—

71 2354 179 2392 driae
207 2353 493 2404 expeditionem
512 2353 770 2390 Athenienses
799 2366 822 2389 a
843 2351 1048 2402 Spartanis
1080 2365 1163 2388 sese
1183 2355 1387 2402 praecipue
1408 2353 1534 2389 disso-

71 2413 246 2458 ciatum,
277 2416 392 2447 antea
420 2409 669 2449 vehementer
687 2411 766 2447 illis
784 2409 945 2457 offensi,
979 2409 1045 2459 qui
1064 2407 1263 2447 Thebanis
1291 2411 1438 2447 auxilio
1469 2422 1535 2446 oc-

73 2473 288 2507 currerant.
318 2466 456 2504 WEss.

187 2524 266 2564 23.
294 2523 366 2563 59.
399 2519 449 2564 Ὁ
477 2522 611 2574 δῆμος
636 2520 931 2576 μετεωρισθεὶς
957 2543 1006 2549 -
1030 2518 1418 2575 συγκατεστήσαντο
1440 2519 1533 2572 πα]

72 2580 163 2619 Vid.
186 2579 235 2618 ad
256 2579 300 2619 L.
320 2579 366 2617 V.
388 2582 432 2620 4.
460 2579 669 2630 Synthesis
689 2579 783 2617 haec
803 2581 947 2629 optimo
967 2581 1105 2628 cuique
1125 2580 1325 2629 probatur.
1359 2578 1402 2617 S.
1427 2578 1533 2615 Mar-

74 2651 144 2676 cus
164 2650 198 2675 e.
217 2635 322 2675 VIII.
351 2638 392 2677 1.
415 2632 664 2688 παμπόλλου
686 2633 812 2688 ὄχλου
838 2632 983 2684 ὄντος,
1012 2634 1082 2675 καὶ
1109 2633 1168 2688 μὴ
1196 2631 1374 2687 ἐχόντων
1394 2634 1438 2673 τί
1454 2630 1535 2688 φά-

75 2707 192 2749 γωσι.
222 2692 365 2731 WEss.

188 2751 265 2791 23
293 2752 367 2791 67
410 2747 500 2801 Τὴν
533 2744 668 2802 ὁρμὴν
697 2751 782 2790 τῶν
809 2749 977 2789 πολλῶν
1008 2743 1213 2802 ορῶντες]
1264 2747 1422 2786 Mallem
1452 2750 1537 2789 τῶν

7 2834 14 2838 ,
76 2801 264 2857 πόλεων,
292 2807 396 2856 quod
425 2807 473 2845 ob
492 2808 760 2857 praecedentia
786 2806 943 2845 videtur
971 2806 1210 2844 conmodius.
1251 2803 1297 2845 Si
1317 2807 1380 2843 cui
1409 2811 1538 2844 tamen

78 2865 282 2916 vulgatum
301 2866 428 2914 potius
447 2870 672 2913 censeatur,
696 2864 852 2902 fruatur
870 2876 916 2901 eo
937 2875 1065 2901 sensu.
1097 2862 1239 2901 WESS.

1196 2921 1222 2945 o
1244 2919 1265 2939 σε
