1859 3326
297 212 393 255 446
767 205 1292 250 ANNOTATIONES

410 322 501 364 546
537 322 612 362 32
653 316 852 373 Θητεῦειν
877 317 992 373 παρὰ
1010 317 1084 361 τὸν
1092 317 1334 375 Άὸμητον]
1384 320 1543 399 Mallem
1559 319 1675 377 παρὰ
1693 325 1753 380 τῷ
1811 340 1814 341 ’

286 376 494 436 Ἀδμήτω,
552 378 745 416 Homerus
765 378 886 428 Odys.
906 378 971 424 A,
991 379 1102 419 488.

455 422 703 486 ι,κΒοιὶοιμην
733 431 765 473 κ’
799 430 1028 485 ἐπάρουρος
1056 431 1136 474 ἐών
1165 431 1395 486 θητευέμεν
1426 431 1538 475 ἄλλω

372 525 375 527 .
457 489 596 543 Ἀιὸοὶ
628 488 722 543 nao’
754 486 921 543 &abjecto
956 512 1005 518 -

292 551 418 599 Atque
439 551 493 586 ita
515 548 709 585 Diodorus
733 549 828 599 ipse
837 547 878 584 L.
894 546 957 584 [V.
983 548 1057 587 71.
1049 574 1082 594 .,
1110 547 1175 585 ubi
1198 546 1300 584 vide.
1357 546 1497 587 WVESS.

411 607 514 645 546.
544 606 619 644 45.
661 601 758 656 Ἐφ’
795 601 827 657 ᾧ
855 604 1128 654 θαυμασθεὶς
1158 599 1238 643 ὑπὸ
1272 606 1356 643 τῶν
1382 599 1624 656 ιΕλλήνων]
1677 604 1752 642 His

293 664 375 701 fere
405 664 634 707 concinunt,
676 671 772 707 quae
805 659 899 696 Aur.
926 661 1061 698 Victor
1089 661 1201 711 Orig.
1235 659 1346 699 Rom.
1378 674 1411 697 c.
1433 662 1475 700 9.
1507 674 1556 697 ex
1584 662 1755 699 Alexan-
1811 698 1814 705 s

295 721 364 757 dro
393 719 560 768 Ephesio
589 719 795 765 excerpsit.
841 716 920 754 Alii
948 719 1076 757 aliter.
1134 717 1233 755 Vide
1254 716 1422 768 Dionys.
1447 717 1493 754 A.
1520 716 1631 755 Rom.
1654 717 1695 759 L.
1717 718 1750 758 Ι.

293 788 330 825 Ρ.
347 777 419 816 37.
480 774 614 811 Wrzss.

410 831 513 871 546.
546 831 616 870 56.
644 826 737 869 ‘On
759 823 973 880 ιΡ(ι),ιιῑί)ος
1005 824 1221 879 Σιὶούὶος]
1270 828 1329 867 Ita
1353 843 1439 867 eum
1470 836 1508 867 et
1528 830 1662 868 Livius
1686 843 1754 880 ap-

292 890 424 940 pellat.
486 886 563 924 Sed
596 886 762 924 Ovidius
792 887 834 923 in
857 888 900 925 4.
933 886 1038 923 Fast.
1069 886 1129 939 (v.
1155 884 1248 938 50.)
1279 894 1316 923 et
1351 886 1565 933 Eusebius,
1611 889 1753 935 aliique

291 945 497 986 Remulum
533 944 701 981 Silvium
734 949 888 981 vocant.
946 942 1161 993 Dionysius
1191 943 1510 980 Halicarnasseus
1541 943 1650 980 lib.1.
1693 942 1750 996 (p.

294 1000 390 1052 57.)
418 997 661 1051 ’Λλλάὸηῃ
697 1013 837 1050 magno
860 1000 1096 1039 discrimine.
1155 1000 1266 1048 Apud
1298 999 1492 1037 Zonaram
1520 996 1753 1051 Ἀιιούλιος

293 1060 488 1096 scribitur.
546 1057 605 1095 Αν
610 1031 783 1094 emuluso·
774 1070 814 1093 1n
838 1057 969 1093 Orosii
989 1058 1054 1093 lib.
1066 1056 1093 1093 Ι.
1115 1053 1217 1109 (cap.
1240 1054 1336 1107 20.)
1394 1057 1543 1095 VALES.

409 1116 513 1155 516.
546 1116 619 1154 62“
660 1111 781 1152 Κατὰ
810 1111 885 1164 τὴν
917 1109 1069 1164 Κῑμην
1093 1134 1141 1140 -—-
1165 1111 1297 1163 ὄιομα
1319 1108 1557 1164 Μάὶακος]
1598 1111 1752 1149 Aristo-

292 1171 424 1208 demus
457 1178 536 1218 est,
576 1171 827 1207 Aristocratis
852 1168 895 1206 F.
908 1196 920 1215 ,
959 1171 1027 1217 qui
1059 1165 1269 1213 ,ΤΙΙάὶακος
1291 1176 1350 1205 est
1378 1169 1527 1215 dictus,
1573 1165 1651 1207 εἶθ’
1687 1165 1750 1208 ὅτι

291 1227 527 1279 &widolug
556 1225 616 1279 ἔγε
602 1225 709 1265 <fleto
742 1240 840 1294 71an
872 1241 950 1273 ων,
992 1225 1060 1264 καὶ
1089 1222 1141 1265 τὰ
1163 1224 1346 1295 γυιαιξὶι3
1369 1220 1666 1277 ἁρμόττοντα(
1651 1222 1753 1263 {now

291 1299 360 1334 σχε
346 1300 387 1323 ι
399 1312 410 1330 ,
449 1281 525 1322 ἅθ’
550 1281 612 1322 ὅτι
633 1285 766 1337 πρᾶος
791 1283 840 1333 ἢν
863 1277 984 1334 quoa
1006 1281 1073 1320 καὶ
1094 1284 1178 1332 μα)
1184 1279 1285 1327 ακὸς
1310 1281 1366 1327 εἷς
1389 1279 1541 1334 ὀργὴν,
1579 1284 1638 1319 uti
1656 1280 1754 1319 Dio-

288 1354 353 1391 ny
347 1343 426 1378 sius
450 1341 506 1377 ait
522 1338 632 1376 Rom.
659 1340 749 1376 Ant.
770 1339 811 1376 L.
825 1338 908 1375 Vll.
928 1353 963 1389 Ρ.
977 1339 1107 1383 418..
1132 1338 1331 1384 bominis,
1345 1336 1474 1375 Cumis
1498 1338 1641 1376 italicis
1661 1352 1751 1389 gra-

288 1400 462 1443 vissimi,
489 1410 551 1433 res
573 1397 657 1434 fuse
681 1396 916 1433 describens.
955 1395 1064 1433 Adde
1087 1395 1193 1435 l'lut.
1218 1395 1264 1432 de
1290 1395 1387 1432 Virt.
1412 1394 1564 1432 Mulier.
1589 1409 1626 1446 p.
1643 1397 1751 1436 261.

289 1453 338 1493 Ε.
394 1454 444 1491 W
450 1464 533 1490 uss.

405 1512 508 1550 547.
537 1511 610 1550 70.
643 1504 751 1560 ’Έπη
786 1503 912 1558 τάδε]
961 1507 1112 1546 Extant
1138 1507 1180 1545 hi
1208 1520 1346 1546 versus
1377 1507 1478 1557 apud
1511 1506 1752 1546 Herodotum

287 1566 394 1604 lib.1.
417 1567 468 1617 (c.
484 1565 580 1618 65.)
603 1580 647 1603 ac
668 1565 937 1603 Themistium.
980 1564 1110 1620 (Orat.
1122 1564 1238 1603 XIX.
1258 1563 1439 1617 p-225.)
1486 1564 1637 1602 VALES.
1705 1565 1751 1603 V.

286 1623 385 1662 Exc.
409 1625 532 1662 vatic.
557 1637 592 1671 p.
614 1626 652 1664 1.
687 1625 724 1663 l.

405 1682 507 1720 547.
542 1682 614 1720 74.
652 1677 750 1718 Ἐπὶ
771 1675 840 1730 Ξ-’τη
861 1676 986 1718 πλείω
1006 1681 1089 1719 τῶν
1112 1673 1183 1731 v'.]
1225 1677 1549 1716 Lacedaemonios
1569 1691 1636 1728 per
1656 1691 1749 1715 con-

288 1737 420 1774 tinuos
439 1738 546 1776 400.
585 1749 708 1774 annos
738 1735 927 1773 Graeciae
957 1738 1150 1784 principes
1182 1737 1302 1773 fuisse
1329 1738 1383 1772 ait
1412 1734 1607 1773 Diodorus
1636 1734 1750 1772 Sicu-

287 1795 368 1839 lus,
399 1794 578 1842 quamdiu
593 1795 759 1844 Lycurgi
781 1794 931 1843 legibus
952 1801 1042 1830 sunt
1061 1796 1133 1830 usi.
1175 1793 1234 1829 Ita
1253 1796 1373 1843 igitur
1395 1799 1614 1841 computare
1635 1805 1748 1841 opor-

289 1857 345 1887 tet
365 1851 409 1887 ab
430 1852 664 1900 temporibus
684 1850 852 1900 Lycurgi
872 1850 918 1887 ad
940 1851 1084 1887 cladem
1106 1861 1225 1899 usque
1245 1849 1508 1895 Leuctricam,
1537 1862 1634 1898 quae
1655 1861 1748 1884 con-

287 1909 378 1956 tigit
411 1920 513 1943 anno
548 1909 590 1946 2.
623 1906 777 1956 Olymp.
798 1917 865 1943 cll.
924 1906 1073 1943 Floruit
1104 1914 1232 1943 autem
1256 1905 1457 1956 Lycurgus
1489 1906 1557 1942 sub
1586 1905 1748 1954 primam

288 1964 582 2013 Olympiadem,
625 1977 709 2000 cum
740 1965 783 2000 in
811 1964 1081 2000 constituendo
1105 1964 1310 2013 Olympico
1342 1965 1547 1999 certamine
1578 1961 1748 2010 Iphitum.

286 2019 422 2056 Eleum
453 2022 617 2057 consilio
649 2026 763 2068 atque
793 2033 907 2070 opera
936 2033 1005 2057 sua
1033 2020 1230 2057 adiuvisse
1259 2020 1410 2056 dicatur
1449 2020 1495 2056 ab
1526 2018 1748 2065 Aristotele,

287 2076 523 2127 Phlegonte,
551 2084 588 2113 et
610 2076 803 2114 Pausania
826 2080 866 2114 in
886 2076 1057 2114 Heliacis
1078 2076 1198 2128 (L.V.
1220 2077 1264 2115 4.
1280 2093 1287 2120 ᾳ
1310 2083 1347 2112 et
1367 2074 1574 2112 Plutarcho
1605 2075 1746 2127 (princ.

287 2132 366 2169 vit.
388 2130 575 2184 Lycurg.)
633 2133 690 2169 lta
721 2135 836 2181 paulo
865 2135 949 2181 plus
980 2140 1045 2170 aut
1072 2134 1201 2169 minus
1232 2132 1507 2182 quadringenti
1537 2134 1632 2168 anni
1651 2144 1745 2168 con-

287 2189 487 2226 ficiuntur.
548 2189 626 2226 sed
649 2202 734 2226 cum
754 2189 1031 2226 Eratosthenes
1055 2197 1092 2225 et
1113 2189 1368 2238 Apollodorus
1399 2189 1618 2238 Lycurgum
1646 2189 1744 2224 mul-

288 2248 340 2282 tis
374 2248 486 2282 annis
515 2254 604 2282 ante
634 2247 792 2293 primam
823 2246 1095 2295 Olympiadem
1124 2248 1270 2283 vixisse
1300 2245 1493 2291 scribant,
1523 2251 1744 2294 certumque

288 2305 340 2338 sit
378 2301 592 2339 Diodorum
623 2302 796 2339 Siculum
818 2302 1045 2350 Apollodori
1077 2304 1387 2351 supputationem
1408 2302 1547 2350 ubique
1569 2307 1744 2338 secutum

287 2371 395 2404 esse,
436 2365 480 2394 ut
510 2361 669 2406 ipsemet
695 2360 734 2395 in
761 2360 956 2408 prooemio
984 2361 1111 2407 operis
1142 2361 1200 2395 sui
1229 2358 1456 2407 profitetur,
1491 2359 1566 2394 alia
1586 2371 1743 2408 compu-

287 2415 398 2451 tandi
418 2416 519 2451 ratio
543 2415 712 2451 ineunda
733 2428 814 2451 esse
837 2415 1004 2452 videtur.
1078 2415 1201 2466 igitur
1231 2429 1314 2451 cum
1346 2411 1499 2452 constet
1530 2413 1743 2450 Athenien-

288 2484 348 2508 ses
377 2473 497 2520 pulsis
520 2470 830 2508 Lacedaemoniis
854 2473 1111 2521 principatum
1133 2471 1317 2508 Graeciae
1339 2472 1551 2508 obtinuisse
1574 2483 1676 2506 anno
1696 2472 1739 2510 4.

289 2528 441 2577 Olymp.
462 2538 615 2574 LXXV„
653 2535 695 2564 ut
727 2530 836 2564 initio
867 2528 1013 2564 lib.Xl.
1040 2529 1151 2566 docet
1173 2527 1367 2565 Diodorus
1390 2527 1565 2573 Siculus3
1597 2528 1686 2563 inde
1708 2529 1742 2565 si

286 2593 392 2621 retro
414 2584 676 2621 numeraveris
704 2585 751 2620 ad
772 2586 933 2632 primam
957 2599 1076 2635 usque
1099 2585 1389 2635 Olympiadem,
1428 2586 1521 2620 anni
1539 2583 1639 2619 fiunt
1662 2590 1740 2619 tre-

287 2643 402 2678 centi.
459 2640 491 2676 A
512 2643 633 2689 prima
651 2647 778 2678 autem
800 2641 1029 2692 Olympiade
1050 2642 1097 2679 ad
1121 2642 1359 2691 Lycurgum,
1392 2641 1641 2677 intervallum
1664 2652 1740 2675 an-

285 2710 424 2735 norum
443 2705 594 2734 centum
613 2697 724 2733 debet
744 2711 848 2744 esse,
879 2706 921 2734 ut
940 2699 1212 2749 quadringenti
1234 2700 1326 2734 anni
1346 2698 1620 2744 compleantur.
1675 2696 1739 2733 Ex

286 2767 360 2803 quo
386 2754 596 2799 [conficitur
636 2752 857 2805 Lycurgum
888 2762 1042 2791 centum
1065 2758 1177 2792 annis
1200 2753 1465 2804 Olympiadem
1488 2756 1647 2802 primam
1669 2765 1739 2789 an-

285 2811 500 2847 tecessisse.
524 2823 619 2859 quae
652 2810 728 2847 fuit
759 2814 955 2848 sententia
984 2812 1230 2861 Apollodori,
1274 2817 1315 2847 ut
1335 2816 1440 2859 patet
1461 2822 1509 2846 ex
1529 2811 1599 2856 iis,
1640 2821 1735 2857 quae

282 2865 520 2917 Porphyrius
547 2867 648 2904 libro
667 2866 697 2904 Ι.
724 2867 1011 2917 philosophicae
1037 2867 1220 2906 historiae
1251 2880 1305 2904 ex‘
1332 2880 1376 2904 eo
1403 2866 1582 2915 producit
1607 2868 1649 2903 in
1668 2877 1737 2902 ex-
