1891 3310
357 224 435 255 DE
471 221 784 253 FONTIBUS
821 219 975 252 HIST.
1008 218 1285 250 DIODORI.
1420 221 1540 252 xcm

187 321 274 366 [85]
288 319 414 355 Primo
439 321 556 365 igitur
587 322 682 362 (a.e.
699 317 867 363 1—10.)
896 314 1100 360 Aethiopes
1118 325 1191 350 non
1211 316 1324 349 modo
1343 317 1541 361 indigenas

97 385 182 410 esse
214 378 349 420 tradit,
381 378 420 411 id
454 377 553 422 quod
591 377 797 411 condonari
828 379 1001 419 poterat,
1034 383 1166 406 verum
1201 378 1240 407 et
1263 374 1473 418 Aegyptios
1492 375 1539 407 ab

95 434 144 466 iis
167 434 300 469 ductos
333 445 434 469 esse:
468 445 542 480 qua
569 435 608 468 in
641 445 682 468 re
716 437 932 473 auctorem,
957 441 1067 477 quem
1095 431 1244 477 quidem
1271 437 1452 476 sequutus
1480 434 1541 472 sit,

96 501 170 523 non
197 492 296 534 edit3
321 491 549 526 Graeculum
575 503 660 526 eum
686 492 804 525 fuisse
830 491 958 523 nescio
984 499 1093 534 quem
1120 489 1362 522 manifestum
1391 492 1453 531 tit,
1477 492 1541 535 qui

97 557 171 580 non
199 548 274 582 fide
299 548 489 583 hominum
519 554 672 583 narrata
699 548 795 582 haec
820 550 1040 591 acceperat,
1065 546 1132 580 sed
1158 545 1361 590 sophistice
1389 557 1434 580 ac
1457 547 1542 580 rhe-

95 605 214 638 torice
248 606 470 651 Aethiopum
499 609 666 651 origines
694 606 937 649 Aegyptiacis
967 604 1183 648 primordiis
1216 605 1464 638 antetulerat:
1490 605 1542 637 in-

97 663 284 706 telligitur
317 663 387 698 hoc
413 675 456 698 ex
486 665 696 698 rationibus
739 673 831 708 quas
872 661 987 695 affert
1015 661 1060 694 de
1087 663 1340 695 animantibus
1365 673 1412 696 ex
1437 668 1543 696 terra

98 719 224 753 calore
247 721 338 754 solis
360 723 574 765 generatis,
605 726 683 754 tum
717 720 764 753 dc
797 717 1019 762 Aethiopum
1048 720 1188 763 pietate
1215 719 1260 752 ab
1287 721 1457 754 Homero
1482 731 1542 752 ee-

96 775 266 819 lebrata3
303 789 415 822 porro
449 781 683 824 Aegyptiac-a
715 778 870 810 inventa
904 780 942 809 et
965 776 1158 817 instituta,
1190 787 1271 809 cum
1297 777 1543 822 Aethiopibus

100 836 395 877 communicata,
428 836 491 879 (cf.
519 836 661 870 Herod.
684 835 730 877 11,
758 834 809 868 30
835 836 874 866 et
906 843 942 866 v.
973 833 1100 876 paullo
1140 838 1240 878 post)
1262 835 1309 868 ad
1339 835 1542 882 Aethiopes

98 895 275 935 tanquam
301 897 478 926 auctores
505 893 709 928 transfert:
740 893 842 925 inter
866 899 962 937 quae
990 901 1122 936 parum
1147 892 1256 927 docte
1292 894 1440 928 litteras
1467 893 1545 928 hie-

98 949 296 993 roglyphis
334 952 570 996 antiquiores
613 950 731 985 fuisse
772 954 915 983 censet.
972 947 1118 981 Similia
1157 952 1303 985 somnia
1344 954 1458 986 etiam
1492 953 1544 986 le-

98 1013 240 1050 guntur
272 1008 371 1052 apud
404 1009 627 1052 scriptorem
662 1008 783 1040 libelli
817 1006 1002 1039 Lucianei
1038 1005 1085 1039 de
1118 1007 1345 1052 Astrologia.
1401 1011 1541 1044 Verum

98 1065 312 1099 abiicienda
346 1065 440 1099 haec
473 1065 519 1098 de
555 1064 779 1108 Aethiopum
814 1065 1040 1110 antiquitate
1076 1066 1115 1096 et
1146 1073 1192 1097 ex
1224 1065 1366 1100 libellis
1395 1067 1545 1102 histori-

101 1123 155 1155 cis
198 1123 385 1156 eiicienda
425 1133 536 1164 esse,
577 1127 720 1157 statuet
756 1132 901 1156 mecum
925 1146 935 1163 ,
973 1122 1142 1166 quisquis
1166 1131 1212 1155 ea
1252 1123 1368 1158 fundo
1405 1125 1544 1160 idoneo

99 1179 284 1214 destituta
318 1186 358 1215 et
391 1181 438 1215 ab
475 1179 677 1226 hypothesi
711 1183 857 1215 temere
893 1183 1073 1226 concepta
1107 1189 1191 1214 esse
1214 1180 1388 1225 profecta
1409 1193 1544 1229 cogno-

95 1240 209 1274 verit.

191 1317 357 1351 Meliora
379 1319 604 1362 argumenta
629 1316 782 1351 aliunde
804 1315 890 1350 duci
915 1316 1014 1352 forte
1039 1321 1237 1362 poterant3
1262 1321 1302 1352 et
1323 1319 1446 1363 primo
1468 1321 1547 1365 qui-

101 1374 189 1408 dem
216 1375 412 1419 probabile
433 1375 632 1423 admodum
659 1385 766 1417 esse,
798 1385 846 1408 ex
872 1375 1096 1410 editioribus
1119 1375 1341 1421 Aethiopiae
1365 1377 1460 1411 loeis
1483 1377 1548 1411 ho-

100 1433 224 1466 mines
258 1432 501 1466 descendisse
536 1432 584 1465 ad
618 1432 782 1477 Aegypti
808 1443 976 1477 campos:
1018 1433 1119 1478 quod
1152 1434 1234 1478 quis
1260 1434 1400 1479 neget‘ss
1433 1435 1546 1469 modo

100 1490 188 1524 illos
215 1490 385 1524 homines
407 1490 591 1523 barbaros
617 1490 735 1523 fuisse
761 1491 966 1533 concedas,
987 1501 1062 1524 non
1088 1502 1180 1525 vero
1206 1492 1328 1526 cultus
1355 1491 1548 1526 humanio-

100 1548 155 1582 ris
187 1548 287 1582 inter
311 1548 526 1592 «Aegyptios
558 1552 750 1581 auctores.
800 1548 862 1581 Ex
895 1549 1091 1591 superiore
1120 1551 1294 1594 Aegypto
1321 1550 1370 1584 ad
1393 1551 1548 1584 inferio-

101 1616 183 1639 rem
216 1605 453 1639 incolendam
493 1616 736 1650 progressum
777 1605 918 1639 factum
947 1614 1039 1648 'esse
1080 1616 1190 1640 nemo
1224 1607 1396 1651 dubitet3
1436 1607 1546 1641 fuere

102 1675 251 1709 quoque
281 1661 504 1707 Aethiopum
539 1674 671 1708 regum
703 1663 904 1706 dynastiae
936 1664 973 1697 in
1009 1664 1261 1708 Elephantine
1297 1666 1547 1699 constitutae:

102 1732 174 1755 nec
198 1725 324 1754 tamen
349 1731 396 1754 ex
418 1720 475 1753 his
501 1722 668 1764 cogitur,
697 1721 783 1754 illos
812 1721 953 1754 cultum
979 1724 1018 1755 et
1042 1722 1249 1766 religiones
1273 1723 1547 1767 Aegyptiorum

103 1789 231 1813 secum
258 1779 454 1818 intulisse3
490 1779 562 1810 etsi
587 1779 684 1811 ritus
712 1781 751 1812 et
782 1779 958 1811 instituta
989 1777 1089 1812 forte
1117 1780 1300 1814 nonnulla
1323 1781 1459 1813 vicinis
1479 1780 1549 1813 Ae-

102 1837 247 1881 gyptiis
278 1836 546 1872 communicari
574 1840 745 1880 potuere.
787 1835 978 1885 Fra-udem
1008 1845 1122 1880 porro
1155 1837 1194 1870 in
1224 1838 1374 1871 nomine
1397 1836 1550 1871 Aethio-

103 1905 191 1939 pum
219 1893 327 1928 obiici
354 1894 582 1935 memineris,
605 1897 681 1926 tam
708 1903 838 1937 parum
866 1895 972 1927 linito
995 1904 1041 1928 eo
1069 1897 1108 1928 et
1129 1894 1346 1936 constituto,
1370 1899 1414 1928 ut
1435 1893 1548 1928 modo

103 1953 142 1985 in
168 1953 350 1986 ulteriore
383 1956 534 1993 austro,
567 1952 679 1985 modo
715 1949 763 1983 ad
786 1952 949 1995 Aegypti
973 1950 1092 1993 fines,
1126 1951 1237 1985 modo
1260 1953 1300 1985 in
1318 1953 1482 1997 Aegypti
1507 1951 1550 1985 fi-

104 2009 214 2043 nibus
242 2010 452 2043 incolentes
474 2009 641 2042 advenas
666 2018 713 2042 ex
738 2013 887 2050 austro,
913 2019 958 2042 eo
984 2010 1135 2043 nomine
1160 2010 1381 2055 designatos
1405 2010 1549 2052 videas,

104 2067 208 2100 nulla
230 2069 451 2111 ceteroquin
474 2067 631 2111 originis
655 2076 772 2101 verae
798 2068 947 2101 ratione
972 2066 1114 2101 habita.

198 2157 458 2202 [86]Subiicit
475 2157 562 2191 inde
585 2156 743 2202 (a.c.5.)
767 2157 841 2191 alia
856 2157 1079 2202 Aethiopum
1095 2159 1282 2199 instituta,
1306 2167 1403 2203 quae
1420 2161 1550 2191 tamen

104 2214 153 2248 ad
187 2226 299 2248 unum
331 2219 476 2247 tantum
511 2226 556 2248 ex
589 2216 635 2248 iis
669 2217 864 2260 populum,
904 2217 965 2261 qui
993 2215 1140 2249 Meroen
1166 2216 1327 2248 insulam
1354 2219 1393 2248 et
1415 2216 1549 2248 urbem

104 2273 144 2305 in
161 2273 253 2306 <Nilo
279 2274 388 2306 sitam
414 2273 585 2314 incoluit,
619 2278 707 2306 sunt
737 2274 969 2315 revocanda;
1000 2274 1098 2318 quod
1128 2277 1166 2307 et
1188 2274 1268 2316 ipse
1295 2273 1378 2318 (sub
1398 2281 1429 2305 c.
1450 2274 1486 2306 7.
1506 2272 1549 2315 f.)

104 2329 258 2362 tandem
294 2334 439 2372 monet,
481 2330 654 2374 quodque
697 2333 980 2375 comparatione
1020 2330 1217 2364 Strabonis
1259 2329 1492 2373 (lib.AXV11.
1515 2340 1551 2374 p.

109 2387 215 2421 1177
237 2389 291 2430 C.)
326 2386 426 2420 facta
454 2387 689 2431 intelligitur.
737 2389 857 2429 Quem
888 2392 1082 2421 auctorem
1113 2392 1295 2432 sequutus
1317 2387 1376 2427 sit,
1404 2387 1552 2420 discere

104 2445 195 2478 lieet
221 2454 267 2477 ex
289 2455 320 2476 c.
344 2444 417 2485 11„
441 2443 751 2488 Agathan-chiama
771 2447 917 2479 scilieet
941 2443 1107 2478 Cnidiam
1131 2445 1193 2480 lib.
1209 2445 1253 2481 ΙΙ.
1278 2453 1400 2477 rerum
1419 2441 1555 2476 Asiati-

108 2512 234 2535 carnm
259 2503 338 2546 (τῶν
364 2503 441 2546 περὶ
465 2502 528 2542 τὴν
548 2500 691 2545 Ἀσίαν)
737 2507 776 2536 et
813 2502 1079 2536 Artemidorum
1104 2501 1303 2546 Ephesium
1333 2501 1431 2534 libro
1455 2501 1554 2535 Vlll.

111 2557 450 2602 Geographiammm
484 2563 526 2591 ut
550 2563 675 2592 tamen
711 2570 757 2593 ea
791 2561 1000 2603 deligeret,
1033 2569 1129 2605 quae
1165 2561 1268 2604 ipse,
1299 2569 1380 2591 cum
1415 2559 1453 2590 in
1484 2558 1554 2591 Ae-

107 2621 225 2660 gypto
252 2620 482 2656 versaretur,
511 2615 639 2648 auditu
667 2621 879 2661 acceperat,
905 2621 981 2649 tum
1011 2627 1033 2649 a
1059 2617 1320 2650 sacerdotibus
1345 2615 1556 2658 Aegyptiis-3,

108 2680 185 2706 tum
219 2684 241 2706 a
281 2673 419 2716 legatis
460 2672 697 2717 Aethiopum.
751 2676 988 2718 lutei-spersa
1031 2674 1129 2708 forte
1172 2674 1353 2707 nonnulla
1393 2676 1481 2704 sunt
1510 2681 1555 2702 m·

112 2729 250 2772 Cle-via,
284 2732 346 2774 qui
378 2731 439 2763 ubi
474 2730 519 2764 de
555 2730 814 2764 Semiramidis
848 2734 886 2765 in
911 2732 1115 2776 Aethiopes
1139 2731 1380 2774 expeditione
1404 2728 1555 2773 agebat,

108 2797 171 2820 res
203 2787 442 2832 Aethiopiras
475 2789 677 2832 attigerat,
711 2790 846 2823 saltem
880 2791 1110 2833 sepulturam
1136 2798 1334 2831 corporum
1370 2787 1468 2819 vitro
1493 2786 1555 2818 ob-

108 2845 326 2886 ductorum,
358 2845 444 2888 (hoc
473 2852 532 2881 est
555 2847 756 2889 bitumine,
793 2857 861 2882 seu
886 2848 1049 2892 gummi,
1082 2847 1272 2881 vernicem
1299 2854 1368 2878 nos
1392 2843 1555 2888 appella-
