1891 3310
524 168 588 208 1N
616 165 943 209 L113.xv111.
976 165 1106 207 cAP.
1133 168 1176 208 2.
1199 168 1240 207 3.
1506 173 1600 215 227

137 283 252 322 cedit.
292 283 390 322 Erat
416 283 529 321 domo
556 281 810 331 Bactrianus,
833 279 1086 319 Bactrianor
1079 294 1151 319 ·um
1180 283 1273 320 olim
1288 290 1466 334 praetor
1494 287 1597 336 apud

138 338 243 378 Curt.
267 340 385 382 IX&
393 342 521 387 10,
548 339 714 377 donatus
746 338 884 375 deinde
904 338 951 376 ab
977 337 1199 375 Alexandro
1224 342 1391 390 satrapia
1419 342 1595 390 Paropa-

134 397 380 434 miszz.1‹lirum
419 396 570 434 Arrian.
597 395 639 433 L
668 395 731 433 VI.
755 395 825 435 15.
855 393 897 434 ἕν
928 389 1063 434 τούτω
1092 393 1136 433 δὲ
1161 391 1439 463 Ὀξυάρτης
1418 413 1440 436 ο
1481 399 1595 438 BA

133 453 375 500 KTPIOE,
414 448 434 493 ὃ
457 447 663 504 Ῥωξάιης
689 473 737 479 -
759 447 923 502 πατὴρ,
955 449 1027 503 ἧκε
1058 448 1154 504 παρ’
1185 448 1494 507 Ἀλέξανδρον,
1522 455 1594 494 καὶ

132 509 407 562 προστίθησιν
439 506 551 548 αὐτῶ
572 508 952 548 ΠΑΡΟΠΛΜΙ..
926 506 1131 547 ΧἈΔῼΝ
1150 508 1417 562 σατραπειαν.
1465 511 1591 561 Atque

133 565 227 603 haec
246 567 398 614 quidem
418 568 510 603 satis
538 565 714 615 expedita
744 564 937 602 videntur.
976 562 1035 601 De
1057 563 1241 612 Roxane,
1279 565 1393 603 fidem
1419 573 1463 604 ut
1491 568 1593 605 libe-

130 635 234 670 rem,
263 622 563 671 praetereundus
592 635 671 659 non
701 627 761 658 est
788 620 891 660 Plut.
922 622 1030 658 locus
1053 623 1094 658 in
1115 621 1226 659 Alex.
1255 635 1291 672 p.
1316 624 1420 663 691.
1441 623 1488 661 Ε.
1521 624 1592 664 καὶ

129 676 181 718 τὰ
193 679 294 746 περὶ
308 674 545 729 Ρωξάιην
533 677 650 746 ἔρωτι
668 675 744 729 μὲν
763 673 977 731 ἐπράχθη.
1004 675 1135 730 καλὴν
1167 677 1236 718 καὶ
1258 673 1416 731 (οραιάν
1447 695 1489 718 (ν
1512 696 1592 720 τινι

123 731 264 790 χρόνω
287 733 401 787 naor>
431 732 560 775 πότον
582 732 806 788 ὀφθεῖσαν.
844 732 912 771 Sic
931 747 1017 771 eum
1039 734 1170 772 edunt.
1205 735 1257 772 At
1277 736 1362 773 loeo
1381 737 1591 776 verborum

130 789 172 830 ἕν
202 807 278 830 τινι
300 787 440 846 χρόνῳ
475 794 515 829 111
536 791 701 830 vetustis
736 797 795 827 est
821 785 1054 828 membranis
1084 790 1126 830 ἓν
1148 806 1378 842 χορτανου,
1402 805 1422 830 0
1448 795 1589 843 quibus

127 847 316 885 Daeerius
349 862 388 885 se
426 847 525 885 1111111
552 850 689 885 elicere
714 859 828 896 posse
856 848 984 884 fassus
1012 853 1090 895 est,
1127 849 1265 897 nuperi
1295 863 1388 886 vero
1419 850 1590 888 editores

125 903 306 942 Britanni
343 905 476 942 urbem
508 905 685 942 fecerunt
719 899 980 955 Χορτακάνα
1021 917 1070 941 ex
1100 903 1238 942 Nostri
1277 904 1319 942 L.
1347 905 1476 944 XVH.
1514 909 1588 948 78.

126 959 340 1011 Utrumque
361 960 608 1000 vehementer
623 964 755 999 miror.
797 959 977 998 Curtium
997 961 1192 1012 recordati
1214 964 1248 999 si
1271 963 1457 1010 fuissent,
1488 968 1590 1014 opti-

124 1031 223 1055 mam
256 1032 336 1055 eam
361 1020 588 1068 scripturam
617 1020 881 1070 agnovissent.
923 1017 1071 1054 Auctor
1100 1018 1134 1055 is
1164 1018 1224 1055 est
1254 1017 1297 1054 L.
1318 1018 1419 1056 Vffl.
1441 1021 1485 1059 4.
1509 1023 1586 1061 21.

122 1074 385 1112 Alexandrum
416 1077 637 1123 pervenisse
666 1077 708 1112 in
729 1088 812 1112 eam
833 1076 1051 1126 regionem,
1084 1077 1147 1112 eui
1173 1074 1422 1113 Cohortanus
1441 1078 1586 1114 nobilis

122 1139 292 1180 satrapes
313 1138 507 1180 praeerat:
536 1145 695 1182 eumque
717 1132 880 1169 barbara
900 1132 1100 1179 opulentia
1121 1133 1344 1170 convivium
1363 1132 1586 1181 adornasse,

122 1187 164 1224 in
196 1201 270 1238 quo
299 1189 468 1226 Roxane
508 1191 611 1239 regis
650 1189 893 1237 omniumque
924 1189 1057 1225 oculos
1077 1190 1332 1226 converterit.
1379 1188 1510 1237 ltaque
1542 1189 1584 1229 ἐν

117 1240 341 1296 Χορτάνου
373 1248 446 1282 erit
473 1247 514 1282 in
536 1245 693 1282 aedibus
729 1245 973 1293 Galam-tani,
1002 1245 1247 1294 firmabitque
1269 1247 1422 1297 egregie
1452 1253 1586 1283 satra·-

117 1313 189 1350 pac
220 1304 302 1339 eius
330 1314 493 1351 nomen,
532 1302 633 1350 quod
660 1301 970 1347 Freinshemius,
1006 1304 1096 1350 quia
1125 1301 1327 1339 obscurius
1358 1308 1460 1349 erat,
1489 1316 1584 1340 con-

115 1358 236 1409 figere
265 1360 467 1396 sustinuit.
512 1358 555 1395 ld
590 1365 740 1407 praeter
767 1372 903 1396 verum
934 1365 1084 1405 tamen,
1116 1359 1220 1407 quod
1253 1358 1476 1396 Cosam-tam·
1499 1360 1582 1397 filia.

117 1411 279 1452 Roxane
302 1417 343 1452 in
373 1413 568 1452 Curtianis
599 1417 700 1463 illis,
736 1421 781 1452 ut
811 1428 914 1452 nunc
944 1428 1027 1451 sese
1061 1415 1176 1463 dant,
1210 1414 1445 1463 perhibetur.
1494 1416 1581 1467 Ego

115 1484 210 1508 vero
230 1469 408 1509 Rubenio
439 1471 562 1509 Elect.
583 1471 612 1509 Ι.
637 1473 712 1512 29.
748 1472 883 1521 cupide
913 1471 1154 1520 adstipulor,
1180 1474 1226 1510 111
1257 1470 1383 1510 Curtii
1409 1473 1478 1509 illa
1510 1474 1584 1511 de-

115 1530 323 1578 scriptione
344 1527 489 1565 hiatum
512 1529 775 1579 defectumque
798 1531 961 1566 notanti.
993 1527 1129 1566 wass,
1162 1530 1164 1532 ’

228 1586 336 1625 259.
368 1588 441 1626 88.
486 1581 723 1638 Στασάνοοι
756 1607 805 1613 -
838 1584 1003 1640 Σολίῳ]
1046 1579 1238 1639 Σολιώτῃ
1264 1585 1453 1623 librorum
1484 1597 1579 1634 quo-

112 1641 276 1679 rundam
295 1656 398 1679 mera
418 1644 638 1692 corruptela
659 1648 731 1679 est.
774 1643 920 1681 Auctor
939 1645 1045 1679 vitae
1066 1641 1197 1679 Arati:
1231 1640 1306 1680 εἶσὶ
1330 1641 1375 1682 δὲ
1401 1642 1468 1681 καὶ
1490 1641 1577 1682 ἕτε-

111 1712 175 1751 ροι
197 1694 322 1738 Σόλοι
344 1700 418 1751 τῆς
438 1695 627 1750 Κύπρου·
657 1694 745 1738 ἀλλ’
780 1696 820 1738 οἷ
837 1697 913 1750 μὲν
943 1693 1145 1751 Κύπριοι,
1176 1693 1319 1738 Σόλιοι
1340 1699 1579 1747 καλοῦνται,

111 1753 151 1794 οἱ
181 1754 226 1794 δὲ
258 1755 456 1800 Κιλίκιοι,
487 1754 641 1801 Σολεῖς.
686 1754 747 1792 Ex
781 1754 909 1805 Cypro
944 1753 1196 1804 Stasanorem
1225 1755 1345 1792 fuisse
1380 1753 1578 1793 Diodorus

110 1813 274 1859 ipsemet
294 1811 406 1849 huius
425 1812 515 1849 libri
535 1824 615 1861 cap.
630 1812 702 1851 39.
724 1811 913 1849 adfirmat.
930 1810 1024 1847 Mox
1035 1808 1270 1877 Σογὸᾉανῆν
1290 1814 1471 1861 scriptum
1491 1815 1578 1860 pri-

109 1870 227 1906 mitus
240 1869 374 1917 fuisse,
396 1876 598 1906 notaverat
615 1868 664 1905 ad
685 1868 829 1906 codicis
850 1871 910 1906 sui
930 1870 1143 1919 marginem
1165 1867 1226 1905 111.
1237 1867 1424 1918 Scaliger.
1437 1869 1573 1906 WESS.

223 1925 334 1965 259.
367 1926 441 1966 89.
470 1924 620 1965 Kalv
580 1941 642 1964 ...α
647 1922 842 1978 ρὸιανὴν]
874 1924 1015 1962 Muta
1004 1938 1046 1962 ln
1069 1919 1314 1976 Σοῗὸιανην.
1340 1924 1478 1962 huon.

221 1983 329 2021 259
359 1983 433 2022 91-
470 1940 670 2035 Ἀτράπῃ
694 1979 738 2021 δὲ
760 1980 965 2034 Μηδίαν]
1003 1981 1180 2018 lustinus
1200 1980 1302 2018 hunc
1328 1984 1455 2020 virum
1473 1984 1574 2020 male

107 2036 351 2090 Acropatum
373 2045 508 2076 vocat.
537 2046 576 2075 at
596 2041 710 2075 etiam
730 2038 815 2087 hic,
843 2045 886 2075 ut
909 2041 1068 2088 opinor,
1095 2039 1198 2074 male
1218 2038 1296 2075 Al}-
1299 2052 1395 2089 apes
1415 2039 1569 2076 dicitur.

105 2094 246 2132 Verum
265 2107 404 2132 nomcn
431 2103 490 2132 est
507 2095 608 2144 apud
628 2094 835 2132 Arrianum
856 2093 919 2148 (L.
940 2094 1003 2132 IV.
1031 2090 1126 2147 18.)
1154 2094 1395 2148 Atropales,
1422 2103 1459 2132 et
1477 2095 1572 2133 Pcr-

105 2153 227 2189 sicum
246 2155 367 2202 magis
388 2159 512 2190 sonat.
558 2151 759 2190 Caeterum
780 2165 829 2189 ex
851 2151 924 2189 hoc
948 2153 1032 2188 1000
1063 2151 1365 2199 deprehenditur
1391 2153 1573 2190 foedissi-

104 2221 207 2245 mum
237 2209 338 2257 apud
369 2208 557 2246 lustinum
589 2207 651 2262 (L.
675 2208 785 2246 XIII.
807 2205 874 2260 4.)
905 2202 1033 2256 1110118,
1064 2208 1166 2256 quod
1197 2216 1235 2245 et
1261 2211 1354 2245 olim
1382 2208 1571 2259 Eutropio

102 2265 278 2312 fraudem
296 2266 403 2305 fecit.
447 2265 514 2303 Sic
536 2277 663 2311 autem
685 2265 799 2302 habet
817 2265 1011 2312 lustinus,
1037 2266 1105 2302 ubi
1135 2266 1426 2313 provinciarum
1459 2278 1571 2314 prae-

103 2321 226 2360 sectos
241 2329 326 2371 post
345 2329 507 2360 mortem
535 2323 749 2360 Alexandri
767 2329 964 2360 recenset:
992 2321 1325 2373 Phrataphernes
1346 2321 1568 2372 Armenios,

108 2376 354 2429 Tlepolemus
374 2379 544 2427 Persas,
571 2379 784 2417 Peucestes
810 2378 1074 2429 Babylonios,
1105 2378 1260 2416 Arclzos
1286 2378 1478 2429 Pelasgos
1495 2387 1566 2417 etc.

101 2433 223 2471 Paulo
253 2437 391 2472 melius
419 2436 656 2484 Eutropius,
684 2436 846 2474 Archon
867 2435 1071 2484 Pelasgos.
1101 2435 1152 2472 At
1170 2436 1270 2472 nulli
1288 2447 1455 2484 unquam
1480 2437 1566 2473 fue-

104 2498 194 2528 runt
222 2492 374 2543 Pelasgi
404 2494 444 2529 in
466 2493 639 2530 Oriente.
678 2491 769 2530 Ideo
788 2506 837 2529 ex
869 2491 940 2528 1100
961 2491 1127 2530 Diodori
1148 2493 1232 2529 1000
1260 2498 1369 2528 etex
1399 2492 1566 2529 Arriano

103 2549 326 2585 emendetur
347 2550 516 2586 lustinus
546 2556 584 2586 et
604 2550 776 2600 legatur:
803 2548 1134 2601 Phrataphernes
1156 2549 1390 2594 Armenios,
1424 2548 1564 2601 Tlepo-

101 2603 223 2641 lemus
238 2605 469 2653 Carmanos,
492 2605 642 2643 Persas
661 2605 884 2653 Peucestes,
904 2605 1148 2656 Babylonios
1169 2605 1329 2642 Archon
1352 2605 1561 2642 Pellaeus:

101 2658 196 2696 haec
218 2673 310 2698 sana
331 2670 438 2699 sunt:
466 2675 557 2699 nam
579 2662 680 2710 apud
708 2661 921 2699 Diodorum
945 2663 1048 2699 infra
1073 2661 1138 2714 (L.
1162 2661 1278 2699 Xlx.
1300 2658 1397 2712 28.)
1427 2667 1465 2697 ct
1485 2661 1560 2696 Ar-

101 2717 253 2753 rianum
275 2715 337 2769 (L.
358 2717 423 2757 VL
448 2716 546 2771 27.)
563 2717 810 2768 'Ilepolemus
839 2716 1062 2755 Carmaniie
1087 2719 1302 2766 praefectus
1329 2719 1493 2764 dieitur,
1523 2723 1562 2754 et

100 2773 193 2809 ibid.
222 2786 302 2821 cap.
317 2775 389 2813 30.
418 2775 622 2812 Peucestes
636 2775 853 2821 Persarum,
882 2781 920 2811 et
942 2775 1041 2812 libro
1068 2776 1115 2812 de
1135 2774 1259 2813 111(110.
1280 2787 1361 2822 cap.
1382 2775 1452 2814 18.
1483 2773 1560 2810 Ar-

99 2829 199 2866 chon
227 2829 376 2869 Cliniae
409 2832 586 2869 Pellaeus
615 2838 799 2880 vocatur,
843 2831 930 2869 ideo
963 2829 1064 2868 nihil
1090 2834 1235 2869 certius
1271 2838 1404 2867 nostra
1431 2843 1563 2870 emen-

1164 2889 1219 2928 15
1249 2889 1268 2907 ’ὲ
