1891 3310
492 133 560 180 ΙΝ
596 137 710 179 LIB.
736 136 865 177 xvi.
905 135 1033 177 CAP.
1059 137 1229 182 ·4.—6.
1492 142 1552 183 79

99 257 235 297 Wnss.
264 256 571 310 Cephisodorum
582 258 696 292 vocat
708 265 795 291 cum
811 250 944 290 eodem
953 248 1150 303 Dionysio
1158 252 1236 291 vol.
1246 251 1292 294 V.
1305 263 1342 302 p.
1359 251 1462 295 593.
1480 256 1553 297 10.

101 314 150 355 R.
177 327 344 352 marmor
362 311 676 350 Arundelianum.
1610 338 1614 346 .

218 373 290 412 86.
331 372 406 411 28.
449 366 568 408 Δίων
605 361 625 407 ὃ
657 361 925 419 Ἱππαρίνου]
981 361 1283 404 Rhodomannus
1328 365 1556 418 Hipparini

93 427 244 477 frater
262 433 419 465 vertens
440 425 533 462 alibi
561 430 786 473 occupatum
809 422 942 459 habuit
963 424 1145 461 animum.
1179 421 1355 460 Ceterum
1375 437 1437 461 res
1455 423 1550 462 Dio-

103 488 164 522 nis
185 476 346 522 eundem
367 482 469 519 hunc
497 483 540 518 in
561 482 705 517 annum
725 478 918 517 Diodorus
937 481 1153 529 congessit,
1187 486 1230 516 ut
1252 479 1549 529 expeditionem,

103 547 286 589 sequente
314 545 550 588 susceptam,
600 536 824 574 conmodius
857 535 1062 584 eademque
1097 538 1196 572 serie
1225 544 1354 584 posset
1379 540 1550 585 exsequi.

102 596 258 646 Alioqui
275 597 396 632 multo
416 596 532 632 citius
552 592 628 631 Dio
657 606 706 630 ex
729 592 865 630 Sicilia
888 593 928 629 in
949 593 1254 642 Peloponnesum
1277 594 1352 630 fuit
1371 593 1551 642 deporta-

103 660 189 701 tus3
227 652 328 701 quod
348 665 397 688 ne
418 658 562 688 temere
587 652 724 688 iecisse
748 649 904 696 videar,
936 650 1030 686 libet
1059 651 1099 686 in
1120 663 1202 686 rem
1222 656 1462 700 praesentem
1481 664 1549 687 ve-

102 713 201 749 nire.
252 708 416 746 Mortem
445 708 541 745 obiit
569 711 699 744 senior
734 704 951 756 Dionysius
980 706 1135 756 Olymp.
1165 716 1248 743 Clu.
1276 719 1379 743 anno
1408 708 1546 756 primo.

103 767 215 805 Plato
235 768 445 803 arcessitur
463 767 503 801 in
516 764 693 801 Siciliam
708 764 778 801 sub
798 776 941 800 annum
959 756 1041 799 eius
1054 762 1208 813 Olymp.
1226 763 1402 800 tertium:
1435 775 1550 812 quar-

105 830 146 860 to
164 823 284 860 ferme
308 828 395 870 post
416 820 634 871 philosophi
653 820 861 858 adventum
878 832 1007 856 mense
1021 818 1096 856 Dic
1119 823 1160 856 in
1190 833 1328 858 navem
1350 822 1551 869 inponitur

13 918 15 926 ¹
77 907 80 909 Α
104 886 218 927 atque
239 881 280 916 in
304 878 505 915 Graeciam
527 877 766 915 amandatur.
798 874 922 913 Docet
940 876 978 912 id
1000 876 1110 913 Plato
1134 876 1256 924 Epist.
1278 875 1360 913 Vll.
1380 889 1415 925 p.
1440 878 1547 916 329.

106 935 149 973 C.
185 935 270 984 Ipse
298 938 486 972 retinetur
507 935 654 972 invitus
685 936 726 970 in
755 934 950 982 sequentis
974 935 1066 970 anni
1085 940 1331 980 autumnum,
1364 946 1553 984 aegreque

106 993 298 1040 inpetrat,
336 999 380 1028 ut
409 992 636 1028 dimittatur.
675 989 763 1027 Vid.
792 989 893 1025 Plut.
921 987 1038 1027 Dion.
1061 1001 1096 1037 p.
1120 990 1225 1029 964.
1246 988 1294 1026 D.
1327 989 1419 1027 Fuit
1448 997 1552 1029 certe

103 1055 248 1086 aestate
265 1049 359 1085 anni
384 1050 423 1088 1.
448 1047 602 1098 Olymp.
623 1057 703 1084 Clv.
721 1048 762 1083 in
781 1046 1060 1095 Peloponneso,
1078 1049 1342 1095 spectavitque
1363 1048 1552 1084 solemnes

105 1105 231 1152 ludos,
258 1112 302 1142 ut
320 1104 443 1154 Epist.
461 1104 511 1143 ll.
535 1118 569 1154 p.
595 1105 700 1144 310.
719 1102 761 1141 C.
785 1102 944 1141 indicat.
974 1101 1260 1140 Circumvoluto
1281 1103 1419 1140 deinde
1448 1116 1552 1142 anno

103 1164 245 1200 iterum
263 1161 373 1198 Plato
396 1167 580 1199 evocatur
601 1174 624 1197 a
642 1167 825 1211 tyrannO,
853 1162 972 1196 missa
990 1161 1032 1195 in
1051 1159 1152 1196 hunc
1175 1159 1290 1196 finem
1309 1162 1477 1207 trireme,
1505 1159 1552 1197 de

106 1230 180 1267 qua
202 1218 326 1268 Epist.
348 1217 413 1254 111.
433 1232 467 1268 p.
489 1219 594 1258 317.
614 1216 657 1257 Β.
697 1215 772 1253 Diu
795 1217 918 1252 nectit
931 1214 1188 1264 Philosophus
1206 1229 1355 1253 moras:
1394 1217 1552 1253 tandem

103 1276 229 1312 literis
261 1274 476 1324 Archytae,
510 1275 720 1312 amicorum
741 1271 1067 1320 Tarentinorum,
1104 1275 1298 1323 ipsiusque
1321 1272 1459 1310 Dionis
1483 1286 1553 1309 ex-

106 1338 321 1382 pugnatur,
349 1333 465 1368 sicuti
482 1331 603 1381 Epist.
623 1330 704 1368 VH.
732 1342 769 1377 p.
798 1330 903 1369 339.
924 1328 972 1365 D.
1001 1329 1125 1369 docet.
1168 1330 1260 1379 Abit
1281 1343 1372 1380 ergo
1393 1330 1462 1366 sub
1484 1343 1554 1366 an-

106 1401 198 1426 num
220 1389 262 1427 2.
284 1387 437 1438 Olymp.
459 1398 553 1435 civ„
574 1387 917 1434 honestissimeque
937 1388 1138 1435 excipitur.
1176 1386 1269 1424 Mox
1291 1389 1388 1423 rixis
1408 1388 1553 1423 exortis
1610 1434 1614 1438 ‚

106 1446 251 1482 abitum
269 1444 400 1481 adulta
419 1451 561 1482 aestate
583 1446 758 1481 molitur:
801 1443 948 1493 inpedit
967 1449 1180 1492 tyrannus,
1210 1456 1399 1494 aegreque
1420 1442 1554 1479 Philo-

107 1501 226 1551 sopho
256 1501 478 1549 persuadet,
518 1508 561 1538 ut
583 1514 668 1538 eum
702 1513 846 1537 annum
876 1502 918 1537 in
941 1499 1077 1536 Sicilia
1094 1506 1277 1539 moretur.
1317 1499 1424 1537 Haec
1446 1499 1555 1537 Plato

106 1557 230 1607 Epist.
254 1557 336 1594 Vll.
357 1572 391 1607 p.
414 1559 519 1598 345.
542 1559 647 1598 346.
677 1556 866 1593 Oriuntur
887 1557 1106 1593 labentibus
1133 1557 1328 1594 mensibus
1350 1570 1453 1593 nova
1478 1558 1558 1592 iur-

106 1617 192 1666 gia:
223 1613 468 1664 philosophus
488 1616 719 1651 contemtius
743 1613 951 1661 duriusque
970 1612 1154 1660 habetur3
1187 1614 1371 1650 liberatur
1388 1612 1556 1659 tandem,

108 1671 466 1721 Archytaaliisque
482 1684 530 1708 ex
556 1672 664 1708 ltalia
684 1669 934 1718 philosophis,
962 1671 1154 1719 missoque
1173 1671 1213 1706 in
1233 1668 1409 1707 Siciliam
1429 1668 1557 1706 Lami-

110 1741 190 1775 sco,
219 1727 525 1777 deprecantibuS‚
553 1734 716 1764 exeunte
737 1726 892 1775 Olymp.
912 1735 992 1762 σιν.
1033 1725 1099 1762 Sic
1118 1728 1198 1775 ipse
1218 1726 1311 1765 ibid.
1334 1739 1368 1774 p.
1390 1727 1494 1765 350.
1516 1731 1557 1762 et

108 1783 211 1822 Plut.
232 1783 349 1823 Dion.
373 1785 478 1824 966.
500 1782 542 1820 B.
566 1783 664 1820 Nam
687 1782 882 1832 Diogenes
904 1782 1032 1819 Laert.
1051 1781 1093 1818 L.
1114 1782 1182 1821 lll.
1207 1785 1281 1822 22.
1302 1796 1470 1819 errorem
1488 1795 1558 1818 ex-

109 1854 245 1878 cusare
264 1841 370 1876 nullo
391 1846 517 1888 potest
538 1840 663 1876 modo.
691 1839 851 1875 Ineunte
873 1839 1027 1889 Olymp.
1050 1849 1113 1875 CV.
1135 1838 1259 1886 Plato,
1291 1852 1413 1886 nuper
1436 1838 1559 1889 Syra-

109 1899 211 1933 cusis
231 1896 367 1942 redux,
396 1895 559 1933 Dioncm
581 1897 764 1932 convenit
781 1898 822 1932 in
842 1895 1128 1944 Peloponneso,
1157 1909 1243 1931 cum
1264 1896 1345 1932 ludi
1365 1895 1561 1945 Olympici

110 1953 407 1990 celebrarentur.
444 1953 541 1989 Vide
562 1952 686 2002 Epist.
706 1951 789 1988 Vll.
811 1964 846 2000 p.
868 1953 973 1991 350.
993 1951 1035 1987 B.
1065 1951 1166 1989 Tum
1185 1951 1261 1989 Dio
1280 1965 1435 1989 manum
1466 1965 1559 1989 con-

110 2023 265 2060 parare,
301 2009 415 2058 idque
434 2012 674 2047 contentiore
693 2009 845 2055 studio,
879 2009 945 2045 ubi
963 2011 1109 2057 accepit
1146 2022 1307 2045 uxorem
1328 2012 1472 2045 Areten
1492 2011 1561 2047 alii

110 2073 273 2115 nuptum
301 2065 450 2112 datam,
479 2065 674 2114 filiumque
703 2068 758 2102 sic
786 2065 962 2112 educari,
991 2072 1035 2102 ut
1059 2066 1296 2116 indulgendo
1324 2066 1560 2113 turpissimis

110 2124 293 2159 inbuatur
322 2123 607 2170 cupiditatibus.
647 2122 810 2159 Lentum
830 2129 957 2158 tamen
979 2129 1016 2158 et
1036 2125 1198 2172 spissum
1224 2122 1327 2158 istud
1347 2124 1557 2172 negotium,

109 2179 212 2228 quod
232 2181 440 2216 multorum
461 2192 651 2216 annorum
679 2179 856 2228 tyrannis
880 2192 1105 2229 magnarum
1132 2192 1246 2227 opum
1280 2179 1482 2227 putabatur
1521 2186 1559 2217 et

110 2238 224 2287 pauci
251 2237 298 2274 ob
324 2249 405 2272 eam
426 2249 597 2278 caussam
620 2236 667 2272 ad
688 2237 911 2272 societatem
930 2236 1093 2284 periculi
1114 2235 1432 2284 perducebantur.
1451 2234 1558 2272 Tan-

113 2293 198 2330 dem
219 2300 381 2329 exeunte
401 2299 545 2329 aestate
567 2295 660 2329 anni
683 2302 738 2328 lv.
762 2291 916 2342 Olymp.
933 2302 997 2331 cv,
1022 2299 1136 2341 portu
1158 2293 1292 2335 solvit,
1322 2299 1360 2328 et
1380 2294 1471 2328 luna
1493 2292 1559 2328 de·-

108 2351 271 2399 liquium
294 2350 449 2396 patitur,
477 2356 572 2386 teste
592 2348 692 2386 Plut.
716 2347 834 2385 Dion.
853 2361 888 2396 p.
909 2349 1071 2389 968.Α.
1094 2349 1347 2386 Volventibus
1369 2348 1458 2386 dein
1478 2349 1562 2386 die-

112 2419 197 2443 rum
218 2405 517 2442 hebdomadibus
542 2405 756 2455 Syracusae
778 2412 1035 2455 occupantur,
1060 2413 1097 2442 et
1116 2418 1217 2442 anno
1239 2405 1391 2454 quidem
1414 2416 1501 2441 vm.
1521 2412 1560 2443 et

111 2472 179 2499 XL.
204 2475 316 2511 quam
336 2463 478 2499 amissa
498 2462 625 2499 fuerat
643 2463 821 2509 libertas,
852 2470 1007 2499 auctore
1027 2463 1159 2500 eodem
1182 2474 1217 2509 p.
1240 2462 1344 2501 970.
1367 2460 1415 2497 D.
1455 2463 1561 2505 Quae

113 2519 266 2568 quidem
286 2521 414 2555 omnia
435 2520 474 2554 in
495 2520 632 2565 istum,
657 2530 769 2567 quem
791 2521 913 2567 innui,
946 2532 1089 2556 annum
1110 2521 1251 2568 optime
1275 2531 1499 2566 congruere,
1527 2520 1562 2556 si

115 2589 211 2626 quae
237 2575 282 2612 de
306 2575 377 2611 hoc
398 2577 510 2611 lunae
540 2575 692 2612 defectu
717 2582 982 2612 conmentatus
1005 2583 1063 2612 est
1083 2575 1188 2613 Seth.
1209 2573 1413 2621 Calvisius,
1439 2581 1477 2610 et
1499 2577 1560 2611 in-

113 2635 184 2670 itia
216 2633 379 2668 senioris
400 2630 582 2680 Dionysii
609 2644 653 2668 ac
675 2641 846 2667 xxxvm
874 2632 1092 2682 tyrannidis
1113 2635 1194 2669 eius
1218 2644 1340 2667 annos
1364 2643 1448 2666 cum
1470 2644 1561 2668 cura

109 2684 436 2733 consideraveris,
464 2701 612 2724 mecum
636 2689 717 2736 ipse
735 2688 918 2725 fatebere.
956 2688 1079 2736 Atque
1103 2688 1195 2725 haec
1222 2688 1349 2735 paullo
1370 2689 1562 2736 copiosius

115 2746 293 2795 persequi
312 2745 478 2793 placuit,
514 2743 614 2792 quod
635 2750 674 2780 et
697 2744 874 2782 Platonis
895 2751 933 2783 et
950 2743 1092 2782 Dionis
1112 2747 1202 2783 illae
1222 2756 1284 2783 res
1304 2745 1564 2796 negligentius

116 2801 272 2840 habitae
291 2801 508 2840 videantur.
532 2800 671 2839 W'Ess.
690 2802 733 2840 in
749 2800 849 2839 Add.
