1859 3326
297 177 448 212 CXXIV
892 178 927 211 H
939 179 968 208 E
982 178 1013 209 Y
1026 176 1054 208 N
1069 179 1099 209 E

294 281 411 323 utque
443 276 641 310 literarum
684 275 898 320 integritati
933 278 972 308 et
1004 274 1252 319 perpetuitati
1285 284 1353 318 pro
1378 275 1477 309 virili
1505 276 1754 318 consulerem,

293 334 366 369 hoc
399 335 483 379 egi,
518 338 560 367 ut
603 334 729 367 studia
770 333 1015 368 humanitatis
1049 332 1098 365 ad
1131 337 1274 366 certam
1308 333 1467 365 formam
1507 343 1551 366 ac
1584 337 1754 376 systema

293 401 496 433 revocare,
531 400 627 434 quae
660 391 870 434 iii-ingenti
904 388 975 424 hac
1008 389 1192 424 librorum
1223 390 1416 434 farragine
1452 391 1625 434 dispersa
1657 394 1756 430 sunt,

293 448 363 482 sub
393 458 509 481 unum
534 447 704 481 obtutum
734 446 930 488 conferre,
960 447 1061 482 viam
1101 447 1150 481 ad
1177 448 1312 485 literas
1333 448 1451 481 bonas
1482 446 1755 491 cornparandas

294 505 569 550 expeditiorem
605 504 755 544 facere,
787 504 1034 548 inprimisque
1070 509 1176 538 certa
1216 509 1255 539 et
1297 505 1495 550 explorata
1534 505 1758 547 interpreta-

294 563 410 596 tionis
444 571 489 594 ac
517 563 667 595 critices
699 561 884 605 principia
905 562 1159 603 constituere,
1188 563 1407 607 veterisque
1434 560 1693 606 mythologiae
1719 564 1758 594 et

294 621 390 654 artis
411 629 566 664 operum
591 627 720 651 veram
746 619 933 652 rationem
958 618 1112 652 tradere
1144 621 1351 654 anniterer.

386 676 562 710 Redeunt
595 674 688 708 haec
721 674 769 707 ad
805 676 958 709 saniora
992 685 1037 709 ac
1070 678 1236 710 certiora
1275 677 1324 710 de
1358 676 1472 710 rebus
1507 675 1665 716 iudicia,
1707 675 1757 708 ad

295 736 487 775 criticam,
517 742 613 778 quae
638 742 712 765 non
735 733 891 767 voculas
918 737 957 767 et
988 732 1186 767 literarum
1220 735 1368 777 apices,
1399 733 1467 769 scd
1492 744 1618 766 rerum
1643 734 1757 767 ratio-

295 803 389 834 nes,
420 790 611 825 hominum
635 793 791 823 naturas
817 794 1105 836 temporumque
1137 791 1382 825 diversitates
1405 801 1449 824 ac
1474 791 1756 824 vicissitudines

293 850 499 893 diligenter
524 848 706 888 rimatur3
727 856 801 893 qua
825 848 857 881 si
880 852 983 882 recte
1011 850 1172 890 utimur,
1197 849 1245 882 ad
1269 850 1406 882 iustam
1431 849 1594 894 aliquam
1616 847 1755 881 molem

297 908 420 951 redigi
446 909 625 949 poterunt
649 906 828 950 antiquae
854 905 1011 946 literae,
1045 909 1083 938 et
1116 905 1214 938 iusto
1249 917 1317 940 suo
1350 906 1493 939 ambitu
1517 906 1685 939 inclusae
1710 915 1755 939 ac

293 964 600 1008 circumscriptae
635 963 855 996 retinebunt
888 974 978 996 suos
1013 963 1190 995 custodes
1226 967 1264 996 et
1304 962 1532 1008 περιπόλους,
1572 973 1754 1008 suamque

291 1023 443 1057 laudem
467 1023 508 1056 et
532 1021 877 1061 existimationem,
905 1021 1019 1055 etiam
1042 1021 1128 1054 aiiis
1152 1021 1298 1063 literis,
1336 1021 1503 1065 ipsisque
1529 1020 1682 1064 patriis,
1715 1021 1754 1053 in

294 1083 519 1115 immensum
546 1077 883 1113 efflorescennbus,

385 1137 466 1172 Nec
490 1140 620 1169 tamen
645 1134 738 1167 haec
762 1137 816 1168 ita
840 1138 997 1179 accepta
1021 1139 1155 1175 sunto,
1188 1145 1234 1169 ac
1260 1136 1317 1177 si,
1349 1144 1373 1168 a
1398 1145 1471 1180 qua
1496 1134 1648 1179 quidem
1672 1144 1755 1168 sen-

290 1197 414 1231 tentia
446 1193 669 1238 longissime
700 1192 855 1234 absum,
892 1192 1020 1225 studia
1050 1194 1290 1236 antiquarum
1325 1192 1521 1225 literarum
1550 1201 1622 1225 non
1659 1192 1754 1226 ulte-

292 1256 371 1288 rius
402 1251 630 1297 procedere,
666 1249 759 1285 nihil
791 1251 941 1287 tentari.
965 1260 1035 1283 seu
1072 1251 1290 1284 coniectura
1329 1253 1368 1283 et
1402 1248 1603 1294 hypothesi
1627 1250 1675 1283 ali
1731 1260 1753 1283 a

291 1312 508 1351 substrata,·
529 1306 623 1340 nihil
645 1307 822 1339 subtilius
847 1307 984 1350 inquiri
1010 1311 1076 1340 aut
1099 1307 1235 1349 exponi
1262 1307 1392 1349 velim3
1426 1307 1498 1341 hoc
1522 1309 1628 1349 volo,
1655 1312 1694 1341 et
1712 1319 1751 1340 ιιι

291 1370 390 1403 votis
411 1367 556 1406 habeo,
588 1374 654 1400 ne,
692 1365 836 1397 minuta
859 1375 904 1397 ac
929 1365 1059 1397 tenuia
1084 1365 1234 1408 singula
1260 1364 1543 1410 persequendo,
1569 1374 1752 1396 summam

290 1436 418 1461 rerum
455 1428 495 1458 et
525 1421 761 1465 complexum
797 1426 940 1454 certum
981 1424 1233 1460 constituere,
1264 1433 1373 1464 vera,
1411 1431 1604 1467 comperta
1637 1432 1682 1454 ac
1713 1422 1755 1454 li-

292 1484 406 1530 quida
429 1485 469 1516 et
493 1481 642 1513 sincera
665 1478 712 1511 ab
739 1479 923 1521 opinatis,
947 1479 1158 1522 probabilia
1189 1489 1211 1512 a
1238 1490 1342 1513 mere
1371 1481 1631 1525 possibilibus,
1656 1489 1755 1512 vana

293 1547 333 1577 et
365 1539 495 1574 inania
536 1537 582 1570 ab
625 1536 801 1578 utilibus,
846 1536 1065 1570 discernere
1106 1537 1364 1581 negligamus3
1411 1549 1457 1574 ne
1506 1548 1602 1582 quae
1637 1537 1753 1571 fundo

292 1600 432 1633 idoneo
473 1594 656 1629 destituta
689 1598 797 1634 suut,
843 1604 889 1628 ex
937 1594 1061 1628 edit-to
1104 1596 1412 1639 pronuntiemus,
1458 1599 1637 1641 tanquam
1678 1606 1753 1628 non

293 1658 471 1702 opinione
505 1651 573 1686 scd
609 1662 734 1685 rcrum
770 1652 932 1685 veritate
958 1655 1088 1685 essent
1114 1653 1220 1693 nixa,
1253 1653 1308 1686 ita
1334 1660 1375 1688 ut
1400 1655 1445 1687 iis
1470 1652 1692 1688 refellendis
1716 1655 1754 1685 et

293 1711 513 1749 evertendis
548 1711 685 1742 iterum
720 1719 817 1741 nova
850 1718 966 1753 opera
1001 1709 1262 1754 impendatur,
1294 1712 1341 1745 iis
1372 1722 1468 1757 quae
1503 1712 1680 1756 graviora
1716 1712 1754 1742 et

290 1773 342 1808 ad
362 1769 549 1817 liquidum
570 1766 752 1810 perducta
776 1770 883 1808 sunt,
908 1765 1154 1812 posthabitis,
1178 1773 1245 1804 aut
1267 1771 1437 1816 utrisque
1460 1768 1598 1805 habitis
1619 1767 1752 1802 eodem

292 1832 400 1871 1000,
430 1826 564 1863 eade-m
593 1824 793 1867 dignitate.

383 1885 493 1920 Haec
526 1881 617 1915 mihi
650 1881 784 1914 videor
816 1884 969 1915 secutus
993 1892 1078 1916 esse
1105 1882 1143 1916 in
1168 1883 1236 1923 iis,
1261 1893 1354 1926 quae
1377 1883 1427 1915 ad
1449 1880 1607 1917 Diodori
1623 1881 1753 1915 librum

289 1944 452 1991 primam
478 1940 519 1974 de
545 1937 779 1982 Aegyptiacis
811 1936 1091 1982 interpretandis
1118 1950 1374 1983 exposueram,
1409 1943 1451 1973 ut
1476 1945 1617 1974 certam
1641 1941 1754 1973 ratio-

294 2014 403 2043 nem,
441 2008 534 2033 vera
563 1997 747 2042 principia
779 2000 817 2028 et
843 1997 1032 2032 elementa
1058 1999 1179 2031 omnis
1203 1989 1469 2041 disputationis
1498 2008 1612 2041 super
1639 1998 1754 2031 rebus

293 2059 460 2104 antiquis
493 2055 564 2090 hoc
595 2053 769 2095 exemplo
805 2056 998 2098 proposito
1033 2056 1286 2098 propinarem.
1334 2055 1429 2088 Sunt
1453 2065 1499 2088 ea
1526 2056 1580 2087 ita
1609 2065 1755 2097 compa-

293 2122 401 2158 rata,
447 2118 489 2147 ut
527 2111 650 2145 nullos
690 2111 898 2144 babeamus
941 2113 1147 2157 scriptores
1190 2113 1441 2152 domesticos,
1477 2112 1602 2145 nullos
1639 2113 1753 2145 rebus

295 2174 416 2220 gestis
447 2172 595 2213 iisque,
637 2170 699 2216 qui
732 2179 797 2202 eas
833 2174 1056 2213 gesserunt,
1099 2174 1226 2203 aetate
1264 2169 1466 2212 aequalem
1513 2179 1560 2202 ne
1601 2169 1753 2215 quidem

294 2233 435 2267 famam
460 2228 646 2261 maiorum
671 2225 719 2260 ad
746 2227 1007 2269 posteritatem
1040 2227 1239 2267 traditam,
1273 2236 1318 2260 ae
1341 2227 1465 2258 scrius
1490 2228 1604 2259 certis
1629 2232 1754 2261 aucto-

295 2289 402 2325 ribus
435 2283 702 2332 perscriptam:
737 2282 845 2317 fuere
883 2287 1011 2317 tamen
1048 2285 1253 2326 scriptores
1286 2283 1333 2316 de
1366 2283 1480 2316 rebus
1509 2285 1754 2330 Aegyptiacis

296 2353 437 2390 magno
471 2350 649 2381 numero,
678 2339 747 2373 sed
782 2340 845 2385 qui
874 2341 1006 2374 vixere
1035 2341 1187 2386 populo,
1223 2340 1416 2384 republica
1442 2346 1481 2373 et
1505 2341 1754 2385 religionibus

277 2399 540 2447 vAegyptiacis
568 2397 705 2440 partim
732 2398 877 2430 eversis
903 2407 948 2431 ac
971 2397 1150 2438 sublatis,
1175 2399 1312 2441 partim
1336 2407 1405 2441 per
1428 2397 1595 2433 advenas
1621 2402 1660 2432 et
1684 2400 1753 2433 sub

295 2461 423 2496 alieno
455 2454 616 2498 imperio
649 2453 827 2495 mutatis;
860 2464 930 2488 nec
955 2458 1084 2488 tamen
1121 2454 1189 2488 lios
1218 2455 1322 2498 ipsos
1344 2456 1571 2499 scriptores,
1594 2461 1753 2500 excepto

295 2526 373 2555 uno
400 2518 440 2549 et
463 2513 607 2553 altero,
634 2509 817 2546 habemus
847 2513 1094 2555 superstites,
1127 2522 1173 2545 ex
1205 2513 1343 2545 ceteris
1374 2523 1447 2545 non
1473 2513 1545 2546 nisi
1573 2518 1754 2558 excerpta

296 2585 367 2610 seu
398 2573 484 2607 loca
515 2578 586 2604 seu
616 2569 848 2611 sententia5‚
884 2568 1086 2614 plerasque
1123 2570 1203 2603 sine
1238 2574 1392 2604 auctore
1428 2573 1467 2603 et
1493 2572 1660 2604 auctoris
1690 2583 1754 2609 no-

295 2632 399 2668 mine
426 2631 457 2665 ².
506 2626 629 2671 Quam
662 2629 771 2662 caute
808 2634 854 2661 ac
880 2626 1052 2663 modeste
1078 2627 1117 2660 in
1146 2625 1204 2661 his
1228 2627 1501 2663 constituendis
1526 2629 1753 2662 versandum

302 2707 582 2725 ...--·----·-

388 2753 410 2789 1
436 2752 594 2795 Quantus
609 2758 775 2782 numerus
792 2748 1002 2791 scriptorum
1028 2748 1072 2783 (le
1097 2747 1199 2782 rebus
1217 2747 1440 2793 Aegyptiacis
1462 2748 1551 2780 olim
1577 2749 1754 2791 exstiterit,

300 2809 334 2834 et
360 2799 397 2832 iu
425 2799 498 2842 ipsa
523 2794 828 2831 Coxmnentatione
856 2795 900 2827 de
927 2794 1088 2828 Diodoro
1118 2796 1243 2835 docui,
1275 2804 1308 2827 et
1349 2795 1508 2838 pluribus
1542 2797 1751 2828 enumeratis
