1859 3326
314 180 410 225 314
672 212 678 218 .
785 170 1305 218 ANNOTATJONES

312 288 548 345 Ποταμοὺς
567 289 724 344 Καρῶν
748 289 843 328 alibi
860 287 1001 339 legere.
1022 286 1187 325 Flumen
1209 286 1348 338 Syriae
1366 284 1519 342 Καῤῥὰ
1539 294 1599 326 est
1618 288 1663 330 in
1681 287 1780 329 Ste†·;

315 352 434 404 phani
455 344 645 403 Κάᾷῥαι,
682 360 705 385 a
725 358 800 394 quo
822 345 862 384 id
881 345 1179 395 Mesopotamiae
1201 345 1389 393 oppidum
1413 358 1553 383 nomen
1573 346 1778 394 indeptum„

315 410 436 447 fuisse
457 409 523 444 ait.
567 403 645 441 sed
665 403 705 440 id
727 403 774 441 ab
798 415 865 439 ora
886 402 1025 451 Syriae
1048 403 1257 452 superioris
1279 402 1488 449 maritima,
1518 401 1565 439 de
1587 410 1663 451 qua
1684 401 1772 446 heic

314 459 405 511 loci,
435 463 568 501 aberat
588 460 758 511 longiuS.
787 458 997 497 Posideum
1018 469 1096 494 non
1117 457 1282 498 obscura
1301 457 1440 508 Syriae
1464 458 1556 495 urbs
1579 464 1662 496 erat
1682 470 1774 507 pro·

315 535 363 572 pe
387 521 549 557 Orontis
569 519 710 553 ostium
733 527 783 552 ex
801 514 1020 552 Ptolemaeo
1042 512 1085 550 L.
1103 513 1148 550 V.
1175 510 1244 554 1¹5.
1265 520 1379 564 atque
1398 516 1497 554 aliis.
1536 514 1621 564 Ipse
1639 521 1776 556 auctor

313 581 397 615 eius
427 574 676 616 conmeminit
711 570 896 620 Excerpt.
924 570 1160 611 Peirescian.
1192 581 1230 621 p.
1261 571 1404 619 378.,ν
1425 571 1490 609 ubi
1518 583 1636 622 prave
1669 566 1775 608 nunc

313 633 523 676 Πισίόιον.
551 629 693 667 WEss.
1384 633 1387 636 ’
1583 638 1585 640 ·
1616 635 1621 640 ’
1768 633 1781 657 ’-,

431 690 537 728 381.
564 688 637 726 12.
668 679 900 733 Σταθμοῦς
920 679 1044 722 εἴκοσι
1066 680 1134 721 καὶ
1154 679 1386 736 τέσσαρας]
1417 683 1582 728 Quidam
1601 683 1778 725 mansioss

313 760 384 786 nes
404 745 594 789 reddunt,-
622 741 668 778 de
690 741 828 788 quibus
856 741 941 791 lege
973 738 1213 777 Herodotum
1242 737 1306 791 (L.
1328 739 1373 776 V.
1394 736 1491 792 53.)
1520 741 1588 778 ubi
1609 739 1776 791 singulis

315 815 361 841 cr.
382 802 506 840 stadia
533 799 696 844 tribuit,
725 808 821 846 quae
853 799 1022 844 quinque
1048 797 1231 833 milliaria
1260 795 1496 844 Teutonica‚
1525 796 1653 834 demto
1672 806 1780 844 qua.-

317 861 455 898 drante
478 869 566 893 cum
592 854 739 892 duobus
769 852 905 890 stadiis
930 852 1115 890 efficiunt.
1160 850 1328 890 Stathmi
1347 854 1468 903 igitur
1488 863 1601 892 xxlv
1622 854 1779 891 ‘consti-—

315 921 430 954 tuunt
451 923 537 950 exn
561 911 745 948 milliaria
764 923 850 946 cum
870 909 1050 955 dimidio,
1083 909 1116 945 si
1135 918 1261 945 xxxu
1281 909 1407 947 stadia
1430 923 1499 958 pro
1518 922 1596 947 uno
1616 908 1782 952 milliari⁴

313 969 524 1020 acceperis.
545 967 684 1004 Rnon.
712 965 935 1003 Herodotus
955 978 1034 1002 non
1053 964 1147 1002 dicit
1167 962 1363 1016 σταθμὸν
1383 978 1547 1016 aequare
1567 975 1614 1002 cI.
1641 964 1782 1012 stadia,

314 1029 383 1067 sed
405 1029 544 1065 diurno
565 1027 707 1061 itinere
736 1023 896 1060 totidem
926 1022 1054 1058 stadia
1073 1033 1185 1070 posse
1205 1021 1378 1060 absolvi:
1409 1034 1481 1059 nec
1500 1023 1615 1073 longe
1645 1029 1778 1059 tamen

314 1086 362 1123 ab
386 1087 461 1123 isto
490 1082 698 1120 intervallo
726 1080 871 1118 afuisse
898 1078 1065 1116 videtur.
1100 1077 1240 1117 Graeci
1263 1081 1535 1128 saepeitinera
1556 1080 1780 1129 σταθμοῖςρ

314 1149 359 1179 ut
389 1139 524 1178 Latini
553 1138 703 1176 castris
733 1138 958 1174 metiuntur.
1018 1134 1162 1172 Noster
1190 1134 1344 1182 quidem
1372 1142 1474 1171 certe
1507 1133 1550 1172 L.
1568 1133 1675 1171 XlV.
1699 1133 1777 1173 29.

315 1192 513 1249 σταθμὸν
536 1194 582 1230 de
611 1193 750 1230 ‹liurno
781 1194 920 1231 itinere
943 1191 1105 1239 aceepit.
1146 1189 1248 1229 Nam
1269 1190 1371 1239 quod
1400 1190 1501 1242 apud
1523 1185 1777 1241 Xenophont.

312 1252 472 1302 ’Avaffi
505 1251 547 1289 L.
580 1249 642 1286 [V.
680 1261 717 1297 p.
752 1249 859 1288 265.
888 1248 934 1283 de
967 1247 1126 1284 Graecis
1161 1245 1355 1286 ἐντεῦθεν
1383 1242 1676 1298 ἐπορεύθησαν
1709 1241 1779 1285 διὰ

311 1305 529 1359 Χαλύβων
549 1303 892 1345 ΣΤΑΘΖΙἸΟΥΣ
906 1299 1009 1342 ἔπτὰ
1033 1305 1199 1353 legitur,
1222 1303 1264 1340 id
1284 1304 1367 1351 ipse
1389 1305 1581 1353 expressit
1599 1302 1777 1355 διῆλθον

315 1366 357 1406 ἓν
376 1361 550 1418 ἡμέραις
568 1357 683 1401 ἑπτά.
726 1360 840 1398 Unde
860 1360 1109 1397 manifestum
1131 1365 1210 1406 est,
1239 1362 1467 1397 citatissimo
1497 1360 1636 1396 itinere
1666 1371 1779 1396 usum

314 1425 436 1462 fuisse
456 1422 717 1469 Antigonum,
750 1419 815 1466 qui
846 1427 888 1453 vl
909 1416 1044 1453 diebus
1067 1412 1290 1466 σταθμοὺς
1322 1419 1405 1454 sive
1426 1418 1651 1453 mansiones
1668 1424 1778 1451 Xle

315 1479 611 1532 percucurrerit.
638 1474 792 1513 Mallem
812 1480 940 1510 autem
958 1475 997 1510 in
1011 1472 1327 1521 praecedentibus
1339 1468 1384 1521 ἓξ
1402 1468 1587 1527 ἡμέραις,
1610 1474 1683 1510 etsi
1697 1483 1779 1509 non

316 1538 508 1581 nesciam,
533 1531 624 1581 quid
643 1533 804 1581 vulgato
822 1532 1096 1579 patrocinetur.
1126 1528 1261 1566 Wass.

431 1592 538 1630 381.
564 1590 640 1629 28.
666 1587 774 1639 ῘΙερὶ
794 1584 870 1639 τὴν
891 1582 1073 1624 παλαιὰν
1090 1581 1228 1633 Γάζαν
1248 1586 1324 1636 τῆς
1345 1581 1521 1637 Συρίας]
1551 1583 1694 1622 Mirum
1721 1590 1781 1622 est

317 1647 466 1686 Gazam
488 1645 550 1682 hic
570 1645 688 1681 semel
706 1646 922 1692 iterumque
943 1638 1125 1682 παλαιὰν
1148 1641 1357 1691 adpellari,
1385 1648 1423 1679 et
1441 1637 1716 1694 Παλαιγάζαν
1736 1643 1782 1677 iu·

315 1704 488 1753 Dexippi
507 1704 727 1753 fragmento
746 1700 846 1750 apud
865 1698 1092 1749 Syneellum
1120 1692 1412 1749 Chronograph.
1433 1710 1468 1747 p.
1487 1699 1596 1739 266.
1638 1690 1780 1734 Fuitne

319 1762 464 1809 duplex
484 1760 576 1798 olim
604 1758 742 1803 Gaza,
775 1757 836 1793 uti
863 1755 993 1806 Tyrus
1015 1761 1052 1792 et
1069 1753 1345 1804 Palaetyrus?
1379 1754 1438 1791 lta
1459 1760 1563 1803 puto.
1597 1753 1694 1791 Vide
1716 1766 1780 1802 orf-

317 1811 447 1855 dinem
464 1818 521 1854 rei
541 1821 685 1866 gestae.
716 1812 959 1851 Ptolemaeus
976 1818 1102 1848 castra
1122 1818 1290 1850 metatur
1311 1810 1360 1848 ad
1382 1810 1657 1861 Palaegazam:
1688 1823 1780 1847 ean-

317 1875 405 1912 dem
424 1876 465 1911 in
484 1873 615 1911 urbem
636 1883 724 1916 suas
744 1871 872 1919 copias
891 1871 1018 1919 coegit
1038 1867 1270 1907 Demetrius.
1299 1867 1514 1918 Pugnatur.
1547 1866 1680 1903 Victus
1700 1867 1781 1904 abit

315 1929 554 1976 Demetrius,
578 1926 862 1975 retroceditque
880 1939 967 1972 cum
985 1924 1179 1974 equitibus
1196 1923 1350 1961 ordines
1370 1924 1614 1961 servantibus
1635 1923 1783 1961 Gazam

315 1999 459 2035 usque:
489 1997 582 2024 mox
604 1984 671 2022 ubi
702 1984 773 2020 sub
800 1984 892 2020 solis
914 1994 1092 2020 occasum
1114 1980 1260 2018 Gazam
1291 1981 1580 2030 praeteriisset,
1608 1981 1782 2029 equitum

318 2044 440 2092 aliqui
458 2044 500 2080 in
521 2041 655 2079 urbem
674 2053 713 2075 se
728 2069 740 2088 ,
766 2052 828 2076 res
851 2051 938 2075 suas
961 2039 1150 2083 ablaturi,
1177 2038 1393 2086 recipiunt,
1423 2042 1462 2075 et
1486 2036 1532 2072 ab
1553 2039 1782 2085 insequente

318 2100 542 2138 Ptolemaeo
560 2110 638 2134 una
659 2109 746 2133 cum
766 2096 861 2132 urbe
881 2095 1096 2145 capiuntur.
1133 2092 1239 2130 Haec
1261 2105 1343 2141 cap.
1370 2093 1441 2132 84.
1485 2094 1592 2136 Quae
1614 2093 1782 2141 quidem,

320 2158 402 2195 nisi
431 2157 543 2203 plane
572 2166 678 2198 erro,
702 2154 758 2189 ita
789 2158 997 2201 conparata
1023 2150 1225 2196 videntur,
1259 2149 1560 2198 ut'PaZaega'za
1593 2156 1631 2186 et
1663 2149 1781 2186 Gaza

322 2214 500 2251 diversae
532 2212 611 2247 sint
644 2208 881 2256 censendae,
922 2220 994 2244 nec
1029 2208 1145 2256 longo
1176 2212 1305 2242 tamen
1335 2206 1545 2242 intervallo
1579 2204 1783 2255 disseptae.

320 2269 484 2307 Putares
504 2261 778 2317 Παλαιγάζαν
796 2277 878 2300 eam
898 2276 994 2309 esse,
1023 2275 1135 2312 quam
1156 2261 1376 2298 Alexander
1394 2268 1653 2311 expugnatam
1672 2275 1782 2300 ever-

321 2329 398 2374 tit,
430 2324 612 2374 quoniam
634 2322 680 2357 de
709 2322 776 2357 illa
810 2320 952 2358 Strabo
971 2319 1014 2358 L.
1037 2318 1144 2355 XVI.
1165 2331 1201 2366 p.
1227 2319 1361 2359 1102.
1385 2316 1429 2353 Α.
1463 2317 1782 2370 κατεσπασμένη

325 2379 368 2421 δ’
394 2377 477 2420 ὑπὸ
507 2373 810 2428 Ἀλεξάνόρου,
832 2375 900 2414 καὶ
919 2372 1102 2426 μένουσα
1124 2372 1291 2426 ἕρημος,
1317 2387 1459 2411 eversa
1480 2374 1528 2411 ab
1547 2373 1780 2412 Alexandro

331 2440 448 2477 Gaza
469 2442 551 2483 est,
581 2440 791 2485 manetque
819 2434 991 2471 deserta.
1037 2432 1179 2469 Verum
1205 2432 1332 2468 obstat
1350 2433 1469 2477 situs,
1498 2433 1563 2479 qui
1586 2432 1782 2468 nobilissi-

325 2508 410 2534 mae
441 2493 591 2538 Gazae,
637 2502 751 2538 quam
788 2488 1009 2526 Alexander
1039 2489 1265 2535 occupavit,
1300 2487 1400 2524 idem
1432 2487 1597 2523 mansit:
1639 2487 1783 2524 habent

324 2557 525 2603 praeterea
550 2549 685 2584 ultima
729 2543 933 2583 Strabonis
962 2545 1081 2583 verba
1118 2546 1328 2593 plurimum
1354 2543 1613 2590 difficultatis3
1658 2555 1782 2591 neque

328 2611 433 2645 enim
455 2618 590 2643 verum
611 2609 689 2648 est,
717 2602 818 2652 quod
847 2608 885 2638 et
901 2603 978 2639 viri
1003 2601 1106 2638 docti
1129 2600 1271 2637 dudum
1298 2599 1505 2645 viderunt,
1532 2598 1675 2636 Gazam
1695 2606 1784 2649 post

326 2661 542 2701 Alexandri
571 2667 743 2706 tempora
772 2658 961 2695 desertam
988 2658 1157 2694 durasse.
1207 2655 1444 2702 Diodorum,
1481 2666 1592 2702 quem
1625 2657 1686 2692 illi
1713 2669 1782 2692 ne-

327 2722 562 2771 glexerunt,
590 2714 799 2752 advocabo.
837 2713 973 2753 Refert
992 2713 1105 2750 huius
1127 2714 1193 2752 lib.
1219 2726 1299 2762 cap.
1324 2714 1395 2752 59.
1426 2711 1663 2761 Antigonum
1688 2712 1782 2762 Iop-

323 2790 405 2829 pen
425 2782 464 2811 et
497 2773 675 2815 Gazam.
714 2770 814 2819 quod
844 2770 948 2807 dicto
978 2770 1177 2806 audientes
1203 2782 1282 2806 non
1315 2774 1445 2815 erant,
1481 2768 1689 2819 pugnando
1720 2782 1784 2804 ce-

333 2835 446 2881 pisse.
473 2838 551 2867 tum
575 2828 746 2865 camdem
768 2827 914 2864 Gazam
932 2839 955 2864 a
976 2826 1196 2864 Ptolemaeo
1223 2827 1342 2862 fuisse
1361 2825 1559 2866 subactam
1589 2837 1673 2874 cap.
1697 2824 1785 2864 84.K
