1859 3326
273 211 367 251 302
739 203 1256 247 ANNOTATIONES

391 317 498 361 364.
533 318 608 360 65
651 318 746 358 Τοῦ
777 313 1062 370 Κασσάνδρου
1091 317 1359 374 στρατηγοῦ]
1401 314 1582 359 Fortasse
1594 316 1740 362 Ἀσάν-

276 376 329 433 ὃρ
332 392 393 418 ου.
424 375 522 414 Vide
541 388 633 413 mox
653 388 686 412 c.
711 377 785 415 62.
817 375 952 413 WEss.

394 433 502 474 364
535 433 610 473 69.
654 430 742 471 Καὶ
763 427 951 482 Ζιβύτην
979 427 1053 470 τὸν
1078 429 1256 481 βασιλέα
1279 452 1328 460 -·
1351 426 1630 483 καταλαβὼν]
1661 431 1738 470 Hie

275 488 483 541 Bithyniae
501 502 572 526 rex
594 501 659 525 seu
680 487 845 538 dynasta
866 486 1107 524 Plutarcho
1096 500 1137 524 ιιι
1165 471 1466 532 Quaestionibus
1487 488 1645 527 Graecis
1666 487 1736 541 (T.

277 548 329 588 ΙΙ
354 561 390 597 p.
411 543 535 597 302.)
559 545 700 582 dicitur
721 542 953 594 Ζειποίτης,
985 545 1200 581 Pausaniae
1219 544 1458 596 Ζυποιμτης
1448 559 1490 582 ιη
1510 546 1657 583 Eliacis
1671 544 1737 599 (L.
1743 594 1746 598 ι

277 604 324 643 V.
348 601 440 655 12.)
469 603 521 638 At
542 600 741 639 Memnoni
762 599 864 667 (cap.
879 602 953 640 21.
975 613 1012 650 p.
1032 602 1139 640 721.
1158 600 1342 639 Biblioth.
1354 598 1505 654 Photii)
1526 600 1739 654 Ζιποίτης,

278 663 342 699 cui
364 661 488 710 magis
509 657 642 695 credo:
683 657 761 694 fuit
795 659 898 693 enim
919 656 1149 694 Heracleota
1186 656 1392 708 Bithyniae
1421 661 1588 698 vicinus.
1631 658 1740 697 Haeo

278 717 395 755 dubia
417 717 518 766 parit
537 715 761 752 iotacismus
780 715 979 750 inferioris
1000 712 1242 751 Hellenismi.
1273 715 1367 751 lnde
1389 711 1561 753 errorum
1582 717 1741 764 amplis-

278 777 375 812 sima
395 774 544 809 messis.
586 769 718 807 PALm.
746 769 832 808 Καὶ
857 768 1057 822 Ζιβοίτην
1078 776 1149 838 etc.
1161 771 1177 821 ]
1203 770 1289 808 Hoc
1312 773 1492 819 praetuli,
1511 775 1650 821 quippe
1671 786 1741 810 ve-

276 832 372 869 rius.
418 826 645 873 Ζιποίτιον,
678 821 797 872 πόλις
821 825 1052 873 Βιθυνίας,
1079 823 1160 865 ἀπὸ
1185 827 1384 868 Ζιποίτου
1402 826 1554 880 βασιλ’
1520 843 1622 878 .εως,
1650 827 1742 866 Ste-

278 886 428 952 phanus
451 885 591 932 inquit,
619 889 658 919 et
679 881 844 919 'lzetzes
868 881 966 920 Chil.
989 882 1055 920 111.
1083 884 1189 924 950.

386 937 435 980 ‘O
466 942 541 980 τοῦ
570 937 791 978 Ζειποίτου
816 937 893 990 μὲν
920 936 1011 985 υἱὸς
1040 937 1190 987 ἐκεῖνος
1216 934 1463 994 Νικομήδης

385 991 435 1037 Ὁ
466 996 610 1041 κτίσας
641 989 936 1047 Νικομήδειαν.
971 1016 1019 1023 —-·
1052 1016 1102 1023 --

280 1054 416 1094 Livius
438 1052 553 1090 habet
573 1052 805 1093 Ziboetam,
849 1051 963 1088 huius
982 1052 1147 1090 fortasse
1167 1051 1312 1100 filium,
1345 1051 1388 1090 L.
1410 1051 1639 1103 XXXVIII.
1663 1053 1738 1094 16.

279 1125 365 1149 cum
388 1109 581 1147 Gronovii
602 1115 705 1145 nota.
732 1096 823 1145 Fuit
835 1108 1019 1145 Ziboetes
1041 1109 1245 1146 Astaccnis
1267 1117 1304 1145 et
1325 1109 1608 1157 Chalcedoniis,
1627 1111 1742 1149 sicuti

280 1167 382 1205 Plut.
404 1165 450 1203 T.
474 1166 522 1202 ΙΙ.
545 1177 582 1214 p.
604 1167 712 1205 402.
739 1166 952 1201 clarissime
973 1165 1099 1212 docet,
1127 1168 1260 1216 gravis
1282 1166 1540 1204 adversarius.
1580 1166 1743 1216 Astacef·

279 1227 321 1262 ni
343 1224 390 1261 ab
413 1222 584 1259 eiusdem
602 1222 683 1258 filio
705 1221 916 1258 Nicomede
934 1221 1121 1258 videntur
1141 1222 1297 1259 tandem
1320 1225 1616 1272 oppressi,certe
1628 1214 1744 1261 Astaa'

282 1293 372 1328 cus,
412 1278 572 1319 condita
599 1291 716 1328 prope
744 1290 826 1315 eam
848 1277 1096 1324 Nicomedia,
1132 1279 1329 1325 paullatim
1356 1281 1496 1316 incolis
1514 1281 1743 1329 vacuefacta

282 1343 352 1374 est.
387 1336 466 1373 Iam
490 1334 591 1383 quod
613 1333 804 1380 Tzetzes,
833 1340 873 1370 et
891 1341 982 1370 ante
1004 1348 1089 1371 eum
1111 1334 1308 1382 Memnon,
1334 1334 1585 1373 Nicomediae
1606 1337 1742 1374 condi-

278 1400 402 1431 torem
421 1391 623 1442 perhibent
643 1389 891 1427 Nicomedem
912 1390 1101 1428 Ziboetae
1123 1390 1166 1427 F
1157 1418 1191 1438 .,
1234 1404 1278 1428 ea
1298 1393 1339 1428 in
1362 1405 1403 1428 re
1433 1395 1742 1432 consentientem

279 1463 361 1488 non
381 1449 524 1486 habent
542 1445 794 1496 Stephanum,
818 1442 1164 1500 (ῙυίΝικομήὸεια,
1187 1443 1303 1494 πόλις
1327 1448 1534 1496 Βιθυνίας
1554 1445 1745 1505 Νικοιιηφ

280 1506 379 1551 ὸους
406 1507 480 1544 τοῦ
502 1499 623 1555 Ζηλα
652 1500 824 1551 παιδὸς,
858 1506 892 1541 si
912 1511 1038 1541 tamen
1061 1507 1113 1541 ita
1133 1505 1345 1553 scripserit.
1388 1505 1494 1542 Alibi
1514 1504 1668 1554 idem,
1655 1505 1742 1546 εστὶ

280 1562 349 1602 xm
370 1562 476 1613 Ztsl’)
481 1576 505 1598 α
529 1580 578 1587 --
601 1554 719 1606 πόλις
738 1557 1100 1607 Isannadomag‚⁶
1073 1576 1125 1612 ην
1146 1558 1299 1599 ἔκτισεν
1323 1556 1343 1600 ὃ
1365 1558 1633 1614 Νικομηδους
1653 1561 1744 1610 υιὸς

281 1621 345 1670 Zr
346 1620 453 1663 wag.
490 1617 542 1653 Et
560 1618 710 1653 melius.
747 1615 849 1654 Nam
865 1617 1021 1666 Zeilas,
1052 1617 1274 1655 Nicomedis
1294 1615 1361 1666 F.
1391 1627 1429 1655 et
1448 1620 1489 1655 in
1513 1632 1635 1670 regno
1655 1633 1742 1656 suc*

281 1687 411 1712 cessor
431 1680 489 1710 est
507 1673 606 1723 apud
628 1672 825 1710 Memnon.
846 1687 878 1710 c.
900 1675 975 1714 23.
1018 1673 1131 1710 Unde
1151 1676 1278 1724 priore
1300 1676 1385 1711 loco
1409 1677 1483 1714 τοῦ
1505 1676 1643 1727 Ζηΐλα
1661 1691 1743 1717 πα·

278 1728 379 1786 τρὸς
398 1735 611 1779 praestaret
630 1732 774 1778 utique.
802 1730 945 1768 Verum
964 1731 1059 1767 illud
1083 1744 1185 1768 nunc
1205 1742 1283 1767 non
1304 1733 1465 1781 agimuS.
1490 1730 1647 1770 ’ΝΕεεμ

398 1787 504 1827 364.
538 1788 610 1826 77.
639 1781 713 1832 εΩς
742 1783 918 1826 (55'7103'
949 1808 996 1814 -
1031 1784 1273 1833 Σέλευκος
1260 1786 1374 1838 ετῑχε
1401 1786 1479 1839 μὲν
1507 1788 1741 1840 πολιορκῶν

278 1841 512 1896 Ἐρυθρὰς]
552 1842 703 1880 Mutavi
724 1843 1010 1881 distinctionem
1043 1846 1274 1881 auctoritate
1295 1842 1393 1894 Reg.
1417 1846 1531 1894 primi
1555 1844 1741 1883 Seleucus

280 1900 480 1938 obsidebat
495 1899 697 1950 Erythram,
722 1902 831 1936 cuius
854 1901 960 1937 urbis
984 1901 1237 1947 obsidionem,
1256 1900 1476 1939 Ptolemaeo
1497 1901 1742 1950 adveniente,

281 1959 422 2003 solvit,
454 1958 637 1994 aliorsum
664 1957 787 1993 classe
807 1963 1029 2006 properans.
1075 1956 1280 2008 Erythrae
1300 1958 1341 1994 in
1364 1958 1473 1995 Ionia
1493 1966 1624 2006 erant,
1654 1960 1740 1996 loco

282 2024 418 2064 aspero
441 2015 611 2061 positae,
640 2011 841 2049 Herodoto
869 2013 945 2050 vit.
970 2012 1127 2050 Homer.
1149 2028 1181 2051 c.
1208 2015 1277 2055 18.
1300 2014 1440 2052 indice.
1468 2014 1610 2064 Oppidi
1631 2017 1742 2053 inco-

281 2070 339 2107 las
356 2067 633 2121 Ἐρυθραίους
652 2070 765 2106 multi
784 2076 1014 2134 memorant,
1042 2072 1156 2107 etiam
1174 2070 1404 2108 Plutarchus
1425 2072 1581 2115 Quaest.
1603 2071 1741 2110 Graec.

284 2138 319 2177 p
341 2127 448 2166 298.
468 2124 524 2172 B.,
552 2137 647 2173 quos
666 2126 807 2162 nollem
830 2139 852 2162 a
872 2127 959 2163 viro
981 2128 1266 2164 consultissimo
1280 2126 1560 2165 Histor.Foed.
1578 2129 1686 2166 Part.
1707 2128 1737 2166 Ι.

281 2192 321 2234 p.
351 2183 453 2224 139.
477 2183 562 2218 loco
583 2187 722 2218 motos.
750 2181 884 2218 WVEss.

398 2239 504 2277 364.
526 2239 598 2278 89.
614 2234 702 2276 ’Έτι
723 2236 768 2277 δὲ
793 2233 848 2284 ὡς
870 2235 1115 2284 ''Ozvvffiovg
1137 2258 1185 2265 --
1213 2233 1439 2278 κατιῦκισεν
1459 2237 1516 2286 εἷς
1535 2235 1610 2292 τὴν
1629 2234 1742 2292 ομοᾩ·Ι

283 2309 415 2346 νυμον
432 2290 505 2332 {m
510 2296 566 2332 τῶ
589 2300 659 2331 etc.
673 2291 691 2346 ]
720 2292 997 2331 Cassandream
1018 2293 1237 2346 Antigonus
1255 2281 1404 2343 innuit,
1439 2299 1479 2333 in
1499 2310 1612 2346 quam
1632 2312 1741 2347 prae-

284 2358 344 2388 ter
364 2352 461 2387 alios
483 2349 665 2400 Olynthii
685 2351 989 2401 conmigrarunt.
1014 2350 1156 2389 Confer
1178 2350 1293 2389 huius
1314 2352 1406 2390 libri
1424 2366 1504 2404 cap.
1519 2353 1576 2393 52
1583 2381 1610 2402 .,
1630 2360 1668 2391 et
1678 2368 1740 2392 me

282 2407 380 2447 nihil
404 2407 574 2443 iniuria
565 2419 773 2444 innovasse
793 2420 993 2457 agnosces.
1027 2408 1160 2445 WVESS.

398 2463 485 2505 36Γ
466 2475 504 2501 ..)
531 2460 886 2514 1.’ςΕλευθ’ςρους,
919 2461 1233 2516 ἀφρουρήτους,
1263 2460 1523 2516 αὐτονόμους
1543 2473 1614 2503 etc.
1625 2462 1643 2518 ]
1671 2465 1740 2504 Ln-

283 2519 353 2558 bez·
356 2532 410 2565 os,
439 2521 637 2566 inmunes,
673 2521 755 2556 suis
776 2520 926 2569 legibus
947 2533 1030 2557 esse
1055 2522 1256 2567 Graecos,
1286 2528 1330 2558 ut
1351 2521 1486 2559 Livius
1507 2523 1676 2572 loquitur
1695 2522 1738 2559 L

283 2575 405 2614 XXV
410 2575 476 2614 ΙΙΙ.
502 2577 588 2622 32.
619 2575 703 2613 sive
724 2571 959 2627 αὖτονόμοι
964 2591 983 2622 ς
1004 2577 1072 2616 καὶ
1096 2572 1336 2631 ἀᾳορολο)
1310 2593 1459 2629 ητους,
1482 2578 1673 2627 quomodo
1695 2579 1737 2616 Ι..

283 2632 356 2670 XV
362 2632 407 2669 ΙΙ.
431 2632 505 2671 24.
533 2631 690 2669 Noster.
723 2631 801 2670 Adi
827 2632 971 2672 Ezecb.
992 2633 1217 2684 Spanhemii
1246 2634 1341 2671 Orb.
1361 2633 1471 2672 Rom.
1493 2634 1666 2672 Exci-cit.
1688 2635 1738 2672 ΙΙ.

285 2691 328 2730 9.
362 2688 499 2727 VVEss.

398 2744 504 2784 365.
528 2743 602 2784 32.
634 2739 721 2783 Τὸν
740 2745 815 2796 τῆς
837 2738 1000 2797 Καριας
1022 2741 1239 2812 σατράπην
1261 2742 1567 2800 Κασσανὸρον]
1600 2745 1736 2784 Scribe

272 2797 546 2850 ”,-1σανὸρον,
575 2806 615 2837 et
641 2812 732 2837 mox
760 2803 899 2838 iterum
927 2798 1227 2854 βοηθησοντας
1256 2809 1342 2849 τοῖς
1365 2820 1412 2844 πε
1397 2820 1455 2856 ρι
1476 2801 1550 2843 τὸν
1563 2800 1729 2843 ''Aom-

281 2857 316 2896 ὸ
309 2873 392 2910 un.
427 2857 612 2895 Asander
641 2859 743 2894 enim
762 2855 897 2894 Cariae
925 2859 1000 2895 fuit
1020 2866 1215 2909 siti-apes,
1244 2863 1299 2898 uti
1322 2861 1368 2898 ad
1389 2862 1471 2899 Lib.
1493 2861 1566 2898 XV
1573 2861 1636 2898 ΙΙΙ.
1660 2862 1733 2900 39.
