1859 3326
265 161 325 204 56
723 161 1250 206 ANNOTATIONES

265 274 489 315 moedorum
506 275 608 315 festo
626 277 695 315 illo
716 276 777 315 die
796 277 882 316 fieri
900 279 1039 328 solitis,
1050 278 1720 330 copiosissimeviridoctissimiSel-

269 333 393 370 denus
421 334 470 370 ad
497 332 632 371 Marm.
653 334 867 373 Oxoniens.
897 348 933 385 p.
957 337 1030 376 36.
1061 344 1099 373 et
1119 336 1373 386 Spanhemius
1401 337 1449 374 ad
1470 336 1719 384 Aristophan.

269 387 413 427 Ranar.
433 385 647 429 ὑπόθεσιν.
662 390 876 441 Dionysius
894 398 975 429 tum
995 393 1126 431 docuit
1144 394 1313 429 fabulam
1332 389 1490 443 Λύτρα
1502 390 1722 448 ίΈκτορος,

270 458 392 498 eaque
417 447 660 500 adversarios
681 449 888 497 superavit.
926 448 1091 486 Tzetzes
1111 448 1274 486 Chiliad.
1296 448 1342 485 V.
1371 451 1475 490 180.

391 501 526 549 Οὗτος
553 498 574 543 ὃ
606 499 828 550 Διονύσιος
852 502 1009 551 πολλὰς
1033 503 1109 556 μὲν
1136 504 1371 559 τραγῳδίας

383 554 460 598 Ἔν
480 563 572 605 ταῖς
595 555 812 612 ,Αθήναις
834 557 1048 612 ἀναγνοὺς,
1084 557 1285 614 δεύτερος,
1309 559 1448 611 τρίτος
1465 553 1612 613 ἦλθεν.

387 614 463 661 Εἷς
482 615 691 655 AYTPA
710 615 755 655 δὲ
775 618 849 656 τοῦ
867 616 1149 656 ΕΚΤΟΡΟΣ
1164 613 1419 667 καλούμενόν
1439 631 1477 656 τι
1495 616 1651 672 δρᾶμα,

383 666 693 724 Ἀναγνωσθὲν
711 671 869 724 ἐνίκησε
889 668 1046 719 πάντας
1067 671 1108 711 ἓν
1129 678 1220 719 ταῖς
1234 668 1462 725 Ἀθήναις.

275 725 500 777 Scripserat
531 728 664 766 eodem
695 731 810 766 titulo
842 730 1079 780 tragoediam
1108 729 1346 780 Aeschylus,
1376 737 1415 766 et
1442 731 1524 767 eius
1553 731 1729 780 exemplo

274 783 471 822 Hectoris
491 784 618 834 Lytra
641 793 752 833 poeta
779 785 953 833 Ennius,
990 788 1124 824 forsan
1145 789 1260 824 etiam
1280 785 1517 836 Dionysius,
1562 799 1610 824 ne
1637 785 1731 835 quid

278 842 406 879 veteri
428 839 595 891 Tragico
616 842 855 879 concederet.
889 843 1024 880 NVESS.

395 899 469 938 60.
500 898 574 937 35.
617 899 714 937 Τῶν
733 897 774 937 ἓν
795 901 852 952 τῷ
872 901 984 953 χορῷ
1008 914 1068 946 τις
1093 896 1232 955 ᾅδων]
1262 898 1338 936 Pro
1360 895 1472 954 ᾄδων
1494 898 1623 937 videri
1644 910 1734 947 pos-

280 954 334 990 sit
363 953 570 1004 legendum
600 950 731 1009 ᾠδῶν.
768 954 922 992 Mallem
943 964 1071 993 tamen
1091 959 1207 993 alium
1227 958 1468 1006 genitivum,
1498 955 1565 992 sed
1584 957 1735 993 nullum

280 1012 406 1062 magis
426 1012 598 1048 vicinum
617 1012 821 1061 participio
844 1009 955 1067 ᾄδων
976 1016 1137 1064 reperio.
1169 1012 1323 1049 STEPH.

399 1067 473 1108 60.
503 1068 578 1107 46.
617 1067 691 1114 Εἷς
719 1066 956 1121 ἀρῤωστίαν
983 1067 1268 1124 σφοδροτέραν
1297 1065 1481 1117 ἐνέπεσε]
1510 1067 1598 1105 Vid.
1619 1065 1734 1105 Corn.

282 1120 471 1172 Nepotem
492 1123 609 1163 Dion.
633 1137 665 1161 c.
686 1126 729 1164 2.
753 1132 792 1161 et
813 1124 947 1175 Regib.
970 1140 1001 1163 c.
1022 1129 1079 1174 2.,
1110 1127 1174 1162 ubi
1197 1127 1352 1163 minime
1374 1125 1634 1171 libidinosum,
1659 1136 1737 1161 non

282 1179 543 1234 luoeuriosgcm,
565 1193 641 1218 non
663 1195 845 1228 avaram,
866 1183 1011 1220 nullius
1029 1185 1092 1220 rei
1105 1184 1270 1233 denique
1292 1183 1487 1233 cupidam,
1503 1180 1738 1230 Dionysium

284 1230 474 1285 perhibet.
517 1237 595 1274 Sed
616 1240 795 1275 vinosum
813 1240 955 1285 fuisse,
985 1253 1033 1277 ex
1056 1238 1255 1276 Athenaeo
1277 1237 1317 1274 L.
1339 1237 1391 1275 X.
1418 1239 1487 1278 10.
1518 1244 1555 1273 et
1575 1237 1738 1274 Aeliano

285 1291 333 1332 V.
359 1292 463 1333 Hist.
485 1293 527 1330 L.
547 1293 594 1331 11.
614 1295 689 1334 41.
710 1302 874 1332 constat.
898 1294 1123 1333 SiPlinium
1139 1295 1262 1341 audis,
1277 1294 1490 1344 Dionysius
1501 1291 1658 1330 Siciliae
1671 1301 1738 1344 ty-

285 1360 433 1387 rannus
453 1358 610 1399 accepto
630 1353 818 1389 victoriae
836 1354 1006 1403 tragicae
1032 1355 1168 1390 nuntio
1190 1351 1331 1403 gaudio
1347 1351 1465 1397 obiit,
1492 1349 1534 1386 L.
1554 1349 1636 1387 Vll.
1664 1351 1736 1390 53.

289 1405 403 1449 Quod
420 1420 513 1446 vero
533 1415 833 1445 consentaneum
854 1417 933 1447 tum
954 1409 1104 1447 demum
1127 1410 1220 1457 crit,
1249 1408 1316 1446 ubi
1337 1421 1402 1456 ea,
1435 1418 1531 1456 quae
1555 1420 1578 1444 a
1593 1406 1738 1444 Nostro

288 1471 520 1511 narrantur,
550 1464 755 1502 addideris.
783 1465 917 1502 Wess.

409 1522 482 1561 61.
516 1522 587 1561 56.
615 1518 741 1560 Ἀλλὰ
758 1519 930 1574 ποιητὴς
952 1518 1009 1561 ὧν
1027 1518 1174 1574 κακὸς]
1200 1521 1299 1558 Vide
1321 1521 1493 1570 superius
1514 1519 1741 1560 c.6.VVESS.

405 1578 479 1617 61.
520 1579 592 1618 64.
641 1575 765 1616 Κατὰ
796 1576 872 1629 τὴν
903 1574 1126 1631 ἀκρόπολιν
1158 1575 1260 1630 ete]
1306 1578 1440 1614 Potior
1471 1576 1621 1612 Insulae
1652 1589 1741 1625 pars

292 1637 400 1679 erat,
436 1640 690 1684 tyrannorum
717 1635 863 1672 domus.
913 1634 972 1672 De
1004 1649 1047 1672 ea
1075 1635 1143 1672 Ph.
1169 1633 1374 1672 Cluverius
1395 1632 1505 1670 Sicil.
1530 1633 1621 1669 Ant.
1642 1632 1684 1669 L.
1708 1631 1739 1672 Ι.

250 1722 253 1725 .
290 1701 327 1737 p.
354 1689 456 1730 156.
478 1689 662 1740 Dionysii
681 1692 1104 1741 magnificentissimam
1122 1693 1356 1741 sepulturam
1377 1690 1631 1737 descripserat
1651 1688 1743 1726 Phi-

290 1745 420 1794 listus,
441 1748 555 1784 sicuti
579 1760 601 1784 a
620 1748 722 1786 Plut.
747 1750 788 1784 in
809 1747 939 1797 Pelop.
958 1760 993 1796 p.
1017 1750 1125 1788 296.
1147 1747 1189 1784 F.
1212 1748 1402 1784 doeemur.
1434 1746 1575 1783 Wess.

408 1804 482 1843 61.
514 1805 586 1844 70.
612 1800 870 1856 ὶΕγκαλέσας
889 1806 938 1857 τῇ
961 1800 1072 1843 πόλει
1093 1806 1176 1843 τῶν
1207 1801 1539 1853 Σκοτουσσαίων]
1568 1800 1748 1839 Meminit

291 1857 460 1908 perfidae
480 1860 742 1908 crudelitatis,
773 1873 849 1909 qua
870 1861 1092 1898 Alexander
1118 1860 1369 1898 Scotussaeos
1389 1859 1602 1908 oppressit,
1642 1859 1743 1895 Plut.

294 1914 427 1964 Pelop.
455 1929 491 1966 p.
514 1918 620 1956 293.
640 1917 701 1966 E„
728 1930 850 1966 neque
867 1920 1062 1955 intactam
1083 1919 1281 1968 praeteriit
1302 1914 1574 1953 Pausanias—L.
1597 1913 1662 1952 VI.
1687 1915 1744 1963 5.,

295 1971 339 2007 in
367 1978 537 2022 tempore
566 1980 718 2022 tamen,
758 1987 833 2025 quo
858 1975 963 2011 edita
983 1981 1061 2021 est,
1101 1975 1266 2010 multum
1285 1987 1308 2011 a
1326 1972 1499 2009 Diodoro
1522 1971 1743 2008 deflectens.

295 2015 507 2066 Asseverht
530 2029 683 2080 Olymp.
703 2041 784 2078 cu,
813 2038 851 2068 et
870 2045 914 2068 eo
936 2031 1088 2080 quidem
1108 2043 1225 2076 anno,
1251 2031 1318 2079 qui
1337 2028 1569 2065 Archontem
1582 2026 1744 2065 Athenis

295 2082 572 2124 Phrasielidern
593 2087 706 2134 vidit,
734 2089 965 2138 contigisse:
998 2087 1099 2136 quod
1118 2099 1268 2132 vereor,
1288 2092 1331 2123 ut
1350 2098 1484 2122 verum
1506 2097 1588 2121 esse
1616 2090 1743 2132 queat.

294 2140 519 2179 Alexander
539 2155 702 2192 namque
726 2157 770 2180 eo
789 2147 971 2192 temporis
991 2145 1151 2180 articulo
1173 2143 1342 2180 nondum
1356 2141 1581 2192 tyrannidis
1599 2144 1746 2190 potitus

297 2205 394 2245 erat,
424 2197 558 2236 Iasone
577 2212 639 2236 res
660 2214 727 2249 per
749 2199 991 2237 Thessaliam
1015 2212 1161 2236 summo
1186 2212 1272 2236 cum
1292 2201 1452 2246 imperio
1472 2197 1748 2234 administran-

298 2261 348 2291 te.
372 2253 590 2304 Occupavit
611 2256 909 2294 dominationem
929 2257 1041 2294 homo
1064 2258 1222 2304 inpurus
1237 2268 1339 2292 anno
1360 2254 1513 2304 Olymp.
1539 2264 1606 2290 (311.
1631 2265 1747 2301 quar-

297 2317 354 2358 to,
381 2314 495 2349 sicuti
514 2324 561 2348 ex
580 2311 840 2361 Xenophonte
860 2321 898 2350 et
918 2312 1089 2350 Diodoro
1110 2319 1305 2349 ostensum
1323 2324 1437 2360 supra
1458 2312 1543 2347 fuit.
1575 2310 1715 2347 WVEss.

416 2369 490 2408 61.
521 2370 593 2408 77.
634 2369 725 2408 Καί
749 2384 863 2415 τινας
891 2366 1021 2415 ἄλλας
1053 2365 1190 2414 πόλεις
1219 2364 1479 2419 προσήγαγε]
1522 2365 1630 2405 Solet
1650 2369 1747 2405 alias

299 2419 579 2477 προσηγάγετο
600 2424 673 2463 hoc
691 2438 762 2463 usu
783 2433 919 2466 terere.
961 2425 1022 2464 De
1040 2426 1155 2463 rebus
1174 2424 1234 2462 his
1250 2423 1471 2475 Xenophon
1490 2423 1646 2464 Hellen.
1665 2423 1748 2461 Vll.

299 2491 336 2529 p.
355 2481 462 2521 487.
491 2481 626 2518 WEss.

414 2539 488 2578 61·
513 2539 585 2578 80.
614 2536 700 2577 Καὶ
718 2537 960 2578 Πελοπίδαν
985 2535 1248 2589 ἐκομίσαντο]
1281 2537 1440 2575 Socium
1458 2548 1606 2587 quoque
1628 2537 1748 2586 capti-

298 2595 438 2632 vitatis
463 2593 680 2634 Ismeniam.
713 2595 799 2632 vid.
823 2595 923 2633 Plut.
944 2595 1072 2644 Pelop.
1095 2608 1132 2644 p.
1155 2596 1265 2635 294.
1285 2594 1331 2631 A.
1362 2594 1497 2632 Wl-:ss.
1735 2640 1738 2641 ⁷

416 2652 489 2691 61.
524 2649 595 2691 82.
625 2647 776 2702 Χάρης
794 2646 860 2689 ὑπ’
881 2649 1134 2702 Ἀθηναίων
1157 2652 1253 2700 ete.]
1296 2650 1498 2700 Copiosius
1520 2650 1566 2687 de
1584 2648 1748 2687 Charete
1772 2663 1784 2667 “

300 2713 340 2744 et
358 2704 540 2744 Phliasiis
557 2706 736 2755 Xenoph.
759 2707 911 2747 Hellen.
934 2708 976 2744 L.
997 2708 1080 2745 Vll.
1098 2721 1134 2757 p.
1154 2709 1261 2748 490.
1292 2708 1425 2744 'WESS.

411 2765 485 2804 61.
515 2765 589 2804 91.
628 2764 805 2804 Παῦλον
833 2759 1056 2814 ]1”Ιάλλιον]
1098 2757 1245 2803 Αὖλον
1265 2760 1475 2804 Mamm).
1506 2761 1642 2801 RHoD.
1673 2762 1748 2799 Ve-

295 2831 384 2862 rum
401 2827 459 2859 est
473 2813 636 2863 Λῦλον.
673 2819 802 2860 Habet
819 2817 890 2859 hos
908 2822 1084 2860 tribunos
1103 2819 1241 2860 Livius
1260 2820 1304 2859 L.
1324 2820 1390 2860 Vl.
1406 2821 1495 2869 36.,
1521 2818 1667 2858 Nostro
1688 2824 1749 2856 ta-
