1891 3310
1449 221 1538 252 L1x

513 691 562 733 C.
618 691 669 734 G.
723 690 768 734 H
816 692 852 733 E
903 689 942 731 Y
987 688 1028 732 N
1078 691 1115 733 E

301 803 384 843 DE
429 802 745 843 FONTIBUS
792 801 868 842 ET
914 801 1323 843 AUCTORIBUS

88 906 920 958 HISTORIAR'UM
1029 906 1540 956 DIODORI

406 1027 482 1061 ET
515 1025 592 1060 DE
630 1023 764 1059 Elus
800 1023 1232 1059 Auc'romTA'rE

120 1135 188 1165 EX
217 1134 509 1178 AUCTORUM,
552 1135 679 1174 QUOS
716 1134 990 1175 SEQUITUR,
1034 1134 1157 1164 FIDE
1191 1132 1507 1164 AESTIMANDA.

406 1259 949 1304 COMMENTATIO
996 1257 1221 1302 PRIMA

285 1360 375 1400 AD
434 1361 701 1401 LIBROS
760 1330 946 1400 ress
1004 1358 1344 1398 Palonsss.

158 1461 242 1505 [Ex
267 1461 474 1497 Comment.
505 1459 586 1496 Soc.
617 1460 787 1505 Gotting.
818 1460 867 1494 ad
892 1469 925 1494 a.
952 1459 1072 1494 1782.
1106 1458 1179 1494 vol.
1202 1457 1247 1493 V.
1270 1468 1304 1503 p.
1324 1456 1388 1492 80.
1417 1459 1471 1502 s.]

90 1569 161 1617 Ad
186 1583 345 1618 Diodori
372 1584 484 1618 fidem
511 1587 550 1618 et
574 1587 840 1620 auctoritatem
866 1596 975 1632 quam
1000 1584 1120 1618 multa
1154 1583 1192 1616 in
1225 1581 1390 1626 antiquis
1426 1578 1542 1613 histo-

91 1643 178 1683 riis,
221 1643 259 1675 in
290 1642 511 1686 populorum
545 1643 794 1687 religionibus
828 1648 867 1678 et
898 1643 1101 1682 institutis,
1143 1641 1369 1684 omninoque
1405 1639 1444 1672 in
1477 1638 1540 1671 do-

91 1701 208 1734 ctiore
232 1701 457 1744 antiquitate
482 1700 720 1742 referantur,
754 1711 850 1745 quae
876 1701 935 1734 vel
962 1699 1114 1733 aliunde
1140 1702 1332 1741 comperta
1357 1708 1429 1730 non
1455 1697 1542 1738 sint,

90 1760 152 1792 vel
178 1759 223 1791 ab
249 1759 333 1791 aliis
358 1759 480 1791 minus
507 1759 649 1791 diserte
675 1759 837 1800 tradita,
870 1760 963 1792 satis
988 1757 1231 1798 meministis,
1258 1757 1328 1789 ΛΑ.
1373 1754 1454 1788 Nec
1477 1755 1543 1787 mi-

90 1827 160 1849 nus
188 1815 286 1849 forte
312 1816 557 1857 meministis,
592 1816 738 1849 laudari
764 1826 848 1849 eum
875 1816 1096 1860 plerumque
1120 1815 1191 1855 sic,
1224 1817 1267 1846 ut
1297 1823 1423 1846 rerum
1460 1822 1544 1845 nar-

90 1878 257 1907 ratarum
283 1872 378 1906 fides
405 1878 443 1907 et
467 1875 674 1908 auctoritas
700 1884 816 1917 penes
841 1875 962 1918 ipsum
988 1884 1072 1908 esse
1096 1875 1265 1916 putetur3
1291 1870 1415 1903 solere
1436 1870 1542 1902 illum

93 1942 174 1965 cum
198 1931 414 1973 Herodoto,
442 1931 685 1976 Thucydide,
712 1930 982 1974 Xenophonte,
1014 1929 1273 1973 similibusque
1297 1927 1543 1971 scriptoribus

92 1990 278 2023 nominari
306 1999 350 2022 ac
371 1991 602 2032 comparari,
636 1990 875 2034 dubitarique
901 1987 1109 2028 interdum,
1142 1987 1239 2019 iisne
1267 1995 1315 2017 an
1340 1985 1394 2018 illi
1423 1985 1544 2018 maior

92 2047 188 2081 fides
215 2048 264 2079 sit
287 2045 481 2088 habenda;
517 2046 679 2091 denique
707 2051 827 2080 totum
855 2047 936 2080 eius
959 2056 1051 2090 opus
1076 2044 1317 2084 historicum,
1361 2043 1432 2076 etsi
1464 2046 1542 2075 tam

91 2105 207 2138 variis
231 2114 275 2136 ac
298 2104 458 2136 diversis
484 2104 653 2147 partibus
678 2106 946 2148 compositum,
980 2114 1055 2136 una
1079 2101 1191 2135 laude
1215 2111 1260 2134 ac
1283 2099 1546 2144 reprehensio-

94 2174 141 2196 ne
166 2173 233 2195 seu
256 2161 511 2194 commendari
536 2173 603 2195 seu
630 2162 793 2204 elevari;
831 2173 904 2195 non
929 2161 1042 2194 aliter
1066 2170 1110 2193 ac
1134 2160 1167 2192 si
1194 2169 1259 2200 ea,
1298 2169 1392 2204 quae
1420 2167 1465 2191 ex
1492 2158 1545 2189 in-

94 2220 260 2252 numeris
285 2219 529 2262 scriptoribus
552 2219 687 2253 hausta
718 2219 895 2260 tradidit,
940 2218 985 2251 de
1018 2228 1085 2251 suo
1121 2218 1313 2258 attulerit,
1356 2215 1544 2259 fidemque

95 2276 191 2309 adeo
220 2279 455 2309 narratarum
481 2288 607 2311 rerum
634 2278 768 2312 eodem
794 2278 904 2311 modo
929 2279 1100 2320 praestet
1125 2286 1170 2309 ac
1199 2273 1442 2318 Thucydides
1481 2275 1546 2305 aut

95 2332 320 2377 Xenophon.
369 2334 473 2373 Quae
500 2345 562 2368 res
588 2346 660 2368 non
687 2337 779 2369 satis
803 2335 998 2368 intellecta
1024 2344 1105 2367 cum
1141 2344 1200 2366 me
1232 2334 1352 2376 ipsum
1385 2330 1472 2364 olim
1506 2330 1545 2361 in

94 2390 264 2424 fraudem
285 2390 488 2432 induxerit,
512 2403 670 2438 cumque
696 2395 733 2426 in
761 2393 871 2426 docta
897 2393 1122 2436 antiquitate
1144 2392 1263 2425 multa
1280 2389 1419 2423 iudicia
1435 2397 1545 2431 pepe-

96 2449 191 2482 rerit
216 2459 332 2492 prava
358 2452 396 2481 et
422 2450 567 2494 iniqua:
595 2462 673 2484 rem
702 2461 771 2484 nec
798 2451 882 2496 [90]
911 2451 1082 2483 inutilem
1107 2460 1178 2484 nec
1203 2449 1354 2493 cognitu
1383 2447 1548 2478 iniucun-

98 2506 182 2539 dam
204 2507 415 2550 suscepisse
435 2508 577 2547 videor,
605 2509 636 2540 si
655 2510 691 2541 in
712 2509 919 2552 scriptoris,
945 2509 1006 2552 qui
1030 2512 1086 2542 tot
1110 2517 1236 2542 rerum
1261 2508 1464 2549 gestarum,
1491 2505 1549 2535 tot

95 2564 354 2597 institutorum
388 2574 431 2597 ac
464 2565 688 2608 religionum
724 2567 944 2599 memoriam
976 2567 1163 2606 servavit,
1208 2564 1433 2605 omninoque
1472 2569 1547 2591 ma-

97 2631 208 2666 gnam
237 2622 472 2665 antiquitatis
498 2628 641 2666 partem
668 2624 798 2655 unicus
826 2623 1031 2666 sospitator
1064 2623 1110 2656 ab
1141 2622 1298 2655 interitu
1331 2617 1546 2657 vindicavit,

99 2679 131 2711 si
153 2676 192 2711 in
217 2676 290 2711 eius
303 2677 418 2723 fidem
439 2683 473 2711 et
496 2679 742 2712 auctoritatem
768 2680 894 2724 paullo
919 2679 1139 2724 diligentius
1163 2679 1362 2722 inquiram.

190 2748 350 2781 Omnino
373 2747 575 2790 Diodorus,
602 2759 685 2781 cum
709 2748 906 2782 historiam
933 2748 1155 2782 catholicam
1181 2746 1343 2781 condere
1366 2744 1546 2777 omnium-

99 2815 172 2850 que
195 2808 404 2849 temporum
428 2817 490 2840 res
512 2817 586 2840 uno
612 2817 726 2851 opere
752 2805 1072 2851 comprehendere
1096 2806 1233 2845 vellet,
1267 2813 1393 2836 rerum
1420 2812 1547 2834 narra-

101 2867 227 2896 tarum
259 2868 390 2898 auctor
423 2862 555 2898 haberi
588 2866 739 2908 nequit,
769 2866 842 2899 nisi
874 2869 1059 2911 quatenus
1092 2872 1157 2898 eas
1191 2861 1238 2895 ab
1267 2860 1353 2894 aliis
1387 2858 1546 2894 traditas
