1891 3310
352 219 417 260 IN
446 203 558 258 Lm.
590 216 690 257 xv.
721 196 851 256 σμ’».
885 217 959 258 76.
983 226 1032 246 ->
1053 217 1129 258 78.
1426 217 1492 258 59'

33 338 136 383 λεως
159 335 225 374 ait.
261 332 340 371 Ubi
362 334 425 371 vir
444 344 605 383 magnus
636 329 882 368 scribendum
905 329 1031 368 videri
1061 328 1174 367 docet
1193 328 1416 382 Μαργαῖαι
1438 341 1488 368 ex

35 393 232 442 Stephano
249 392 291 427 in
309 390 528 443 Μαργαῖαι
542 416 554 436 ,
585 383 703 434 πόλις
717 385 903 434 Ἠλείας,
937 381 993 432 ὡς
1010 380 1164 439 ιΙ4Ῑραῖα
1177 413 1188 432 ,
1223 399 1246 423 a
1275 387 1384 423 cuius
1405 388 1488 436 opi-

34 452 151 487 nione
173 460 251 485 non
270 447 416 484 recedit
434 444 648 482 Berkelius.
693 443 867 493 Namque
889 456 934 479 ea
954 443 1055 479 bona
1075 444 1108 479 si
1127 443 1275 480 fuerint
1288 469 1300 490 ‚
1327 455 1490 493 pravum

36 509 110 543 erit
137 500 366 555 Μάργανα·
409 503 604 540 indicatur
631 503 734 538 enim
758 500 857 537 idem
883 499 1075 550 oppidum.
1111 497 1196 549 Ego
1223 511 1318 536 vero
1342 499 1491 537 dubito.

35 561 141 599 Fieri
161 562 316 612 poterit,
345 566 389 597 ut
408 561 482 596 iam
505 556 696 607 Stephani
717 564 840 594 aetate
862 551 1106 608 ΖΙἸαργάλαι,
1128 558 1222 603 sive,
1247 557 1303 592 ita
1326 557 1360 592 si
1377 557 1492 603 veiis,

37 618 259 670 ΠἸαργαῖαι
290 619 332 653 in
361 614 551 653 Strabone
587 616 779 651 lectitatae
814 613 903 649 sint.
951 612 1132 650 veriores
1163 619 1292 648 tamen
1323 612 1498 650 arbitror

37 669 300 727 ΠἸαργάνας,
329 678 410 709 tum
433 672 479 708 ob
513 671 614 708 hunc
637 669 799 708 Diodori
820 670 967 716 locum,
996 676 1072 706 tum
1097 669 1260 705 maxime
1281 668 1328 704 ob
1350 667 1493 705 Xeno-

36 730 240 781 phontem,
281 730 347 777 qui
370 725 627 780 ,Μαργανέας
657 729 697 764 in
729 725 842 763 huius
872 726 963 762 belli
985 724 1149 763 historia
1166 723 1209 762 L.
1228 723 1311 761 VII.
1333 723 1491 765 Hellen.

40 794 76 836 p'.
96 788 221 827 497.»
238 791 423 823 memorat
449 783 666 834 Cronioque
687 782 884 833 adiungit,
918 788 1189 830 praetereaque
1211 781 1270 817 bis
1286 776 1494 835 Ἀμφιδό-

39 846 138 890 λους
169 841 236 881 καὶ
258 842 502 894 Μαργανεῖς
530 842 571 878 in
597 840 710 877 Elide
733 841 844 889 ponit
867 838 907 876 L.
929 838 995 877 III.
1021 852 1054 888 p.
1079 839 1184 879 384.
1231 838 1333 881 Quin
1358 844 1396 874 et
1420 837 1494 875 hoe

41 913 89 938 ex
116 897 378 947 Xenophonte
408 897 596 934 conficere
625 909 736 948 posse
766 895 922 942 videor,
952 907 1113 942 pravum
1133 897 1175 932 in
1196 892 1389 931 Strabone
1410 907 1494 932 esse

35 951 337 1010 ’Λμᾳιπόλεως
368 955 597 992 vocabulum
643 960 756 1001 atque
792 954 833 989 in
863 948 1150 1004 Ἀμφιδολιάς
1171 951 1492 988 conmutandum:

41 1020 79 1050 et
98 1014 237 1061 partim
257 1011 430 1060 quidem,
465 1011 650 1060 quoniam
668 1003 970 1060 Ἀμφιπόλεως
998 1009 1038 1044 in
1058 1007 1316 1056 Peloponnesi
1335 1006 1405 1044 hac
1426 1020 1496 1044 ora.

40 1082 229 1118 nusquam
251 1070 396 1105 mentio
421 1074 499 1104 est:
559 1067 699 1115 partim
719 1078 813 1103 vero
854 1064 955 1112 quod
973 1060 1232 1116 ’Λλιιᾳιίδολοι
1257 1071 1293 1100 et
1315 1077 1337 1100 a
1359 1063 1496 1101 Xeno.

41 1125 185 1175 phonte
207 1131 244 1161 et
260 1123 456 1174 Stephano
477 1123 541 1160 hic
563 1124 814 1160 collocantur.
844 1121 952 1157 Adde
973 1122 1137 1168 scriptos
1149 1118 1354 1157 Strabonis
1374 1121 1497 1157 libros

36 1180 330 1236 Ἀμφιπολιάς
349 1181 554 1229 praeferre,
577 1187 690 1230 atque
707 1179 760 1227 id,
779 1178 881 1228 quod
901 1176 1153 1215 coniectando
1173 1176 1377 1214 adsecutus
1399 1190 1498 1224 sum,

43 1251 164 1289 paene
183 1239 436 1287 expostulare.
467 1236 603 1274 VVESS.

157 1295 231 1335 63.
264 1295 336 1334 55.
374 1289 478 1332 εΥπό
501 1295 574 1332 τοῦ
598 1289 782 1345 ἀδελφοῦ
802 1286 1048 1344 Περδίκκα]
1080 1288 1219 1328 Errat:
1250 1299 1375 1338 neque
1395 1291 1500 1329 enim

44 1352 185 1390 fratres
206 1352 376 1389 fuerunt.
403 1349 489 1387 Vid.
514 1350 560 1387 ad
581 1362 612 1387 c.
636 1351 708 1389 71.
745 1347 882 1386 VVESS.

159 1409 234 1449 63.
271 1409 345 1447 62.
389 1403 585 1456 Σερούϊος
616 1403 881 1454 Σουλπίκιος]
913 1402 987 1440 His
1007 1402 1131 1440 tribus
1153 1402 1373 1454 adiungunt
1392 1401 1502 1439 Fasti

47 1462 113 1514 Sp.
127 1463 350 1511 Servilium,
371 1462 415 1502 L.
439 1463 634 1512 Papirium
656 1469 692 1498 et
713 1461 754 1498 L.
774 1460 988 1497 Veturium.
1020 1458 1155 1496 RHOD.
1184 1458 1327 1498 Confer
1345 1458 1503 1498 Livium

47 1520 92 1558 L.
113 1520 175 1558 VI.
197 1522 269 1561 38.
297 1527 335 1556 et
353 1518 489 1557 Fastos
510 1519 639 1570 Pighii
661 1518 708 1556 ad
730 1530 819 1555 ann.
841 1527 1090 1555 cchxxx1V.
1121 1516 1261 1554 WEss.

161 1577 234 1617 63.
266 1577 339 1616 64.
382 1574 575 1627 Φωκίδης
602 1572 868 1625 Ἀθηναῖος]
908 1573 998 1611 Νοη
1028 1569 1221 1620 στάδιον,
1256 1572 1324 1610 sed
1352 1567 1503 1623 πάλην,

47 1631 257 1670 Phocidem
278 1632 379 1670 bunc
398 1635 563 1680 vicisse,
592 1638 703 1670 notat
725 1630 927 1668 Eusebius.
957 1629 1086 1667 Stadii
1111 1630 1316 1667 victoriam
1336 1629 1505 1665 attribu-

47 1697 120 1727 unt
141 1690 313 1727 Eubotae
333 1687 544 1738 Cyrenaeo,
568 1688 612 1724 de
635 1701 708 1738 quo
731 1687 897 1726 Pausan.
920 1687 961 1724 L.
976 1686 1040 1724 VI.
1065 1689 1104 1727 8.
1124 1685 1236 1722 Hanc
1258 1684 1351 1723 v'ero
1367 1685 1507 1734 Olym-

48 1747 201 1795 piadem
232 1745 472 1796 praesidibus
494 1746 634 1782 Pisatis
659 1752 696 1781 et
722 1744 935 1780 Arcadibus
966 1743 1088 1780 fuisse
1117 1743 1373 1789 celebratam,
1403 1742 1506 1779 idem

52 1817 84 1840 c.
107 1804 150 1843 4.
183 1802 242 1840 his
262 1802 455 1853 significat
474 1802 624 1838 verbis:
666 1798 742 1851 τὴν
765 1795 966 1852 τετάρτην
987 1797 1031 1837 δὲ
1048 1795 1309 1849 Ὀλυμπιάδα
1332 1796 1394 1836 ἐπὶ
1415 1802 1509 1843 ταῖς

51 1855 199 1898 ἑκατὸν
222 1856 295 1897 οὐκ
318 1853 628 1911 ἀναγράφουσιν
650 1854 687 1896 οἶ
707 1855 878 1903 Ἰ-Ιλεΐοι,
907 1851 1012 1894 διότι
1033 1852 1091 1906 μὴ
1118 1853 1235 1894 αὐτοὶ
1257 1851 1330 1894 τὸν
1352 1852 1509 1907 ἀγῶνα,

53 1913 159 1955 ἀλλὰ
180 1916 352 1954 Πισαῖοι
374 1914 441 1952 καὶ
459 1910 671 1966 Ἀρκάδες
698 1910 851 1952 ἔθεσαν
871 1909 957 1951 ἀντ’
982 1909 1135 1952 αὐτῶν.
1164 1911 1345 1963 Adiunge
1364 1910 1509 1949 Xeno-

53 1972 236 2024 phontem
255 1971 296 2008 L.
324 1970 404 2007 VII.
424 1969 577 2008 Hellen.
600 1984 634 2021 p.
664 1971 767 2010 500.
792 1969 927 2006 IVESS.

167 2029 239 2069 63.
264 2030 337 2069 66.
371 2026 461 2066 Καί
478 2041 557 2066 τισι
576 2028 779 2077 μυθικαῖς
803 2048 851 2055 —-
873 2023 1104 2073 ἀποὸεἶξεσι
1127 2019 1355 2078 χρώμενοι]
1379 2021 1510 2062 Fabu-

53 2086 111 2124 las
130 2084 199 2122 has
223 2084 363 2121 Strabo
383 2084 552 2120 declarat
571 2084 614 2122 L.
636 2082 740 2122 VIII.
767 2096 802 2133 p.
827 2083 930 2123 545.
955 2094 1067 2131 quem
1086 2082 1188 2120 vide.
1214 2080 1352 2119 VVEss.

76 2152 78 2155 “
168 2142 240 2183 63.
274 2142 345 2181 75.
381 2141 478 2179 Τῶν
505 2136 724 2191 παρόντων
748 2138 811 2178 ἐπὶ
831 2136 908 2191 τὴν
927 2134 1077 2191 πανήγ.
1099 2133 1307 2191 Ἑλλήνων
1330 2135 1512 2190 ἐστεφα-

55 2196 272 2249 νωμένων]
319 2197 428 2242 Quod
453 2196 516 2233 hic
539 2197 584 2234 d'e
606 2199 799 2235 coronatis
821 2196 980 2234 Graecis
1002 2195 1168 2233 traditur
1182 2222 1194 2242 ,
1225 2207 1305 2231 non
1327 2194 1377 2231 ad
1395 2205 1512 2242 quos-

57 2267 230 2303 cunque,
257 2254 323 2292 sed
343 2253 391 2290 ad
414 2253 591 2291 ludorum
611 2253 900 2299 moderatores,
936 2259 1132 2290 curatores
1153 2265 1197 2288 ac
1218 2251 1388 2297 iudices‚
1424 2249 1512 2287 ath-

56 2311 221 2349 lothetas
242 2318 279 2347 et
301 2309 554 2361 agonothetas
591 2312 783 2360 pertinere
815 2312 951 2347 statuit
971 2308 1051 2346 Pet.
1073 2307 1196 2347 Faber
1216 2308 1395 2359 Agonist.
1417 2305 1461 2343 L.
1479 2305 1510 2345 I.

62 2369 134 2409 19.
156 2380 191 2417 p.
219 2369 316 2413 70.‚
348 2369 476 2413 nimis,
509 2374 552 2403 ut
568 2380 630 2403 res
653 2366 776 2413 docet,
805 2373 979 2418 anguste.
1010 2365 1148 2403 VVESS.

174 2425 249 2464 63.
279 2425 352 2463 78.
390 2422 476 2463 Καὶ
506 2420 580 2474 τὴν
600 2419 864 2473 Ὀλυμπιάδα
888 2444 936 2451 —-
959 2419 1034 2461 οὐκ
1065 2419 1306 2473 ἀνέγραψαν
1329 2415 1513 2471 Ἠλεῖοι]

58 2479 171 2518 Hanc
193 2494 277 2517 cum
296 2490 338 2516 x.
364 2487 401 2516 et
419 2490 570 2516 xxxlv.
602 2479 689 2516 Elei
715 2475 1050 2530 Ἀνολυμπιάδας
1079 2478 1282 2516 vocabant.
1301 2477 1516 2516 Pausanias

60 2537 104 2575 L.
123 2536 187 2573 Vl.
201 2538 276 2577 22.
305 2532 462 2582 ταύτας
481 2534 555 2582 τὰς
572 2531 854 2586 Ὀλυμπιάδας
873 2534 940 2574 καὶ
961 2532 1018 2575 ἐπ’
1045 2531 1190 2581 αὗταῖς
1214 2530 1290 2585 τὴν
1313 2529 1514 2583 τετάρτην

60 2607 104 2633 τε
137 2593 204 2632 καὶ
235 2589 486 2645 ἑκατοστὴν.
516 2594 709 2632 τεθεῖσαν
737 2591 782 2631 δὲ
812 2587 890 2631 ὑπὸ
924 2587 1180 2644 Ἀρκάδων,
1217 2588 1517 2629 ANOAHJJ.

62 2649 329 2696 ΠῙΑΛΑΣ,
368 2646 406 2688 οἳ
430 2647 579 2688 Ἠλεῖοι
611 2650 854 2697 καλοῦντες,
890 2645 938 2688 οὗ
970 2650 1082 2702 σφᾶς
1111 2646 1152 2687 ἐν
1182 2642 1398 2701 καταλόγῳ
1432 2647 1518 2684 τῶν

59 2702 350 2757 Ὀλυμπιάδων
369 2701 611 2758 γράφουσιν.
642 2705 779 2743 Wnss.

179 2764 252 2803 64.
283 2763 356 2802 90.
400 2761 646 2808 Διακοσιίιις
670 2760 789 2800 ναυσὶ
814 2760 1148 2812 διαπληροῢντας
1175 2755 1276 2810 etc.]
1307 2757 1382 2796 Hic
1409 2758 1520 2795 locus

64 2819 264 2856 morbosus
273 2825 342 2856 est.
360 2817 459 2855 Nam
473 2827 509 2855 et
521 2817 747 2864 διακοσίαις
768 2817 887 2856 ναυσὶ
908 2817 1466 2868 διαπληροῦνταςεοΙοεοίειιῐ,
1480 2820 1522 2852 et

66 2874 110 2914 δὲ
130 2875 198 2914 καὶ
217 2878 318 2921 ναῦς
337 2872 630 2928 παρεχομένοις
640 2874 846 2912 absurdum
858 2881 969 2913 sonat
984 2881 1022 2912 et
1032 2874 1174 2912 falsum
1184 2879 1253 2910 est.
1272 2871 1325 2910 Et
1335 2871 1521 2908 soloecis-
