1859 3326
332 173 428 215 266
793 164 1320 204 ANNo-'rA‘riossss

342 313 346 316 -
439 283 558 353 '3112
583 281 656 322 81.
681 275 748 319 Ἕν
767 292 953 319 τοσουτω
975 275 1020 317 δὲ
1033 275 1168 330 Ἀντί)
1170 280 1281 325 ονος]
1304 277 1449 316 Hunc
1438 291 1480 316 in
1502 276 1712 319 modumL.
1722 279 1787 319 IV.

340 341 414 383 55.
433 337 475 380 ἓν
494 351 680 390 τοσουτῳ
704 334 748 374 ὁὲ
765 332 838 375 τὸν
858 350 909 385 με
893 333 934 374 ἓν
954 330 1114 374 Ἰάσονα
1131 355 1178 362 ·—-
1194 329 1323 382 δόξαι.
1351 335 1404 372 Et
1422 335 1464 373 L.
1481 335 1593 374 XIV.
1607 338 1679 378 83.
1702 350 1788 375 sae-

335 410 457 450 peque
477 398 586 434 alias.
636 393 738 437 Quid
760 391 1094 442 subintelligatur,
1129 403 1289 439 operose
1313 391 1527 441 disquirere
1547 396 1590 430 in
1611 406 1654 430 re
1671 405 1789 444 expe-

336 455 418 492 dita
436 462 762 503 supervacaneum
774 450 860 485 eut
881 447 974 485 Mox
986 446 1117 496 πεζῶν
1137 450 1263 496 potius
1283 452 1415 486 censui
1438 449 1485 485 ob
1506 451 1589 488 τῶν
1606 463 1789 488 υπασπι-

335 513 450 551 στῶν
469 505 567 554 wig
592 500 905 556 ἀλκιμωτάτους
924 504 1111 553 Polyaeni
1139 512 1177 541 et
1205 507 1394 542 sermonis
1414 505 1596 543 indolem.
1621 505 1673 543 W
1676 516 1758 543 Ess

450 567 507 605 31
523 564 654 604 1.89.
686 560 771 600 Καὶ
790 557 865 606 τὰς
876 558 951 610 μὲν
965 564 1051 606 τοῖς
1069 556 1197 610 ἒμβο)
1202 574 1262 606 οις
1280 556 1502 608 τύπτοντες
1522 559 1787 615 ἀνὲρῤηττον]

336 622 450 668 Quod
478 620 587 659 felici
611 620 829 655 coniectura
851 617 1056 654 adsecutus
1077 623 1159 653 erat
1183 616 1242 655 Ill.
1266 615 1464 669 Scaliger,
1499 618 1539 655 id
1562 619 1787 656 auctoribus

335 678 488 717 schedis
509 677 681 713 correxi:
721 684 883 721 namque
906 672 1019 709 nihili
1040 679 1098 709 est
1115 674 1317 724 vulgatum
1337 671 1593 727 ἀνέῥριπτον,
1617 684 1655 711 et
1677 688 1787 712 ama..

333 737 540 774 nuensium
562 734 682 780 lapsu,
696 731 763 778 qui
787 736 826 766 et
846 741 895 765 ex
914 725 1261 781 ἀναῤῥηττόντων
1287 729 1328 767 L.
1339 730 1464 768 XVII.
1480 733 1551 771 58.
1574 733 1615 768 in
1635 729 1730 799 1103.
1745 733 1784 771 l.

329 795 591 843 progenuerat
611 781 988 854 ἀναρριπτούντων,
1003 792 1145 822 natum.
1166 784 1362 823 Diodorus
1383 787 1425 825 L.
1448 786 1556 824 XIV.
1578 789 1650 828 72.
1675 785 1718 826 αἱ
1740 785 1785 826 δὲ

327 847 513 887 πλείοσιν
533 844 730 896 ἐμβολαῖς
749 836 1084 896 ἀναῤῥήττουσαι
1104 839 1179 919 τὰς
1198 856 1341 896 συγγεγ
1344 841 1596 897 ομφωμένας
1614 842 1788 890 σανίδας

328 905 449 943 simili
472 905 514 940 in
534 914 590 938 re.
619 899 759 938 WEss.

445 959 553 999 312.
589 959 629 997 8.
666 950 1011 1005 Κατειλημμὲνην
1039 948 1240 999 ἀδίκωςε
1218 950 1300 993 υπὸ
1333 952 1634 1008 Πτολεμαιου]
1671 954 1784 1004 Vide,

328 1028 426 1067 quae
448 1017 590 1064 scripta
610 1019 701 1049 sunt
720 1011 835 1048 huius
855 1010 949 1047 libri
969 1022 1050 1078 cap.
1067 1010 1143 1049 43.
1173 1009 1315 1047 ἎΤ333.

439 1072 547 1111 312.
594 1070 665 1110 15.
718 1066 805 1107 Καὶ
842 1062 948 1105 κατὰ
987 1064 1064 1118 τὴν
1094 1066 1243 1115 Βαθυ)
1248 1065 1374 1106 ωνιάν
1402 1064 1647 1106 ἐπιθεμένου
1681 1065 1782 1117 etc.]

328 1128 504 1167 Tametsi
530 1138 611 1164 non
640 1122 912 1162 inconmodam
942 1123 1034 1159 dent
1063 1125 1319 1169 sententiam,
1349 1134 1445 1171 quae
1463 1125 1505 1159 in
1526 1121 1622 1173 Reg.
1645 1136 1703 1172 pr.
1725 1125 1784 1160 le-

326 1192 500 1236 guntur,
535 1195 604 1220 cur
629 1188 759 1218 tamen
787 1181 946 1229 vulgato
970 1180 1259 1228 praeferantur,
1294 1192 1430 1216 caussa
1452 1191 1531 1216 non
1553 1186 1612 1216 est
1633 1181 1781 1230 gravis.

324 1241 547 1280 Periculum
563 1251 671 1285 vero,
693 1240 734 1274 in
756 1236 858 1284 quod
878 1235 1069 1272 Eumenes
1092 1238 1195 1272 circa
1215 1233 1472 1284 Babylonium
1492 1248 1628 1286 agrum
1647 1237 1784 1273 soller-

324 1301 382 1336 tia
403 1296 557 1334 Seleuci
582 1294 770 1338 incurrit,
799 1292 977 1338 uberius,
1008 1291 1075 1328 sed
1094 1291 1144 1328 ad
1167 1289 1322 1342 Tigrim
1346 1303 1519 1339 amnem,
1550 1291 1784 1330 describitur

324 1354 520 1404 sequentis
537 1352 627 1389 libri
646 1348 823 1398 cap-13.
851 1346 988 1384 lVEss.

437 1409 540 1449 Ibid.
570 1401 791 1455 Σελεύκου]
821 1402 995 1443 Λευκοῦ
1014 1402 1101 1443 Vat.
1123 1403 1250 1440 simile
1269 1403 1409 1441 vitium
1428 1404 1528 1453 apud
1539 1402 1780 1455 Hesychium

321 1466 365 1505 in
384 1461 647 1506 Λεπταλέον.
674 1460 816 1498 Confer
839 1458 999 1497 Suidam
1020 1460 1112 1497 Voc.
1127 1457 1370 1512 Ὀογεῶνας.
1401 1459 1536 1498 wass.

437 1522 544 1561 312.
575 1519 650 1559 25
678 1512 831 1562 Ἶππεῖς
849 1515 893 1554 de*
908 1515 1068 1567 χιλίους
1085 1515 1156 1561 ,καὶ
1175 1514 1458 1568 τριακοσίους]
1489 1516 1535 1553 In
1554 1516 1672 1554 dubio
1692 1519 1779 1556 ani-

320 1591 408 1617 mus
428 1584 499 1624 est,
529 1575 690 1614 hoccine
709 1572 904 1610 mordicus
922 1576 1110 1619 retineat,
1137 1586 1187 1609 an
1209 1573 1478 1610 dissidentium
1500 1571 1614 1611 Codd.
1639 1586 1778 1622 sequa-

319 1641 385 1672 tur
405 1633 690 1671 auctoritatem.
720 1629 872 1666 Tacent
893 1632 1124 1678 scriptorum
1142 1631 1230 1677 alii,
1252 1630 1456 1678 omniaque
1472 1630 1627 1706 integra
1644 1630 1783 1695 decer—

319 1693 431 1728 nenti
451 1691 691 1738 relinquunt.
716 1686 858 1723 WEss.

435 1747 545 1786 312.
578 1746 654 1785 41.
693 1738 767 1789 ,Ως
791 1740 834 1780 ὁὲ
860 1736 1140 1793 ἀνεθεωοηθη
1167 1737 1215 1781 τὸ
1247 1737 1488 1808 συμᾳὲρον]
1529 1741 1598 1780 Sic
1618 1743 1662 1782 L.
1683 1741 1776 1782 XII.

322 1802 395 1844 15
411 1796 785 1852 ἀναθεωρουμενος
805 1797 849 1836 δὲ
869 1797 936 1838 καὶ
956 1813 1034 1848 μετ
1065 1795 1184 1847 ἀκοιρ
1169 1795 1276 1844 Ὴειας
1295 1793 1592 1848 ἐξεταζόμενος.
1605 1799 1713 1836 EtL.
1725 1800 1783 1848 Π..

323 1859 364 1900 5.
389 1857 430 1896 S.
450 1859 573 1897 Lucas
595 1857 641 1893 de
662 1855 798 1894 Paullo
819 1854 864 1891 A.
886 1855 931 1892 A.
955 1853 1082 1892 XVII.
1102 1825 1177 1893 23.
1209 1850 1471 1904 διερχόμενος
1492 1854 1562 1893 καὶ
1585 1853 1775 1896 ἀναθεω-

319 1916 408 1966 ρῶν
426 1912 480 1954 τὰ
501 1909 761 1963 σεβάσματα.
797 1924 864 1961 pro
887 1924 962 1960 quo
984 1909 1160 1947 Clemens
1181 1909 1468 1947 Alexandrinus
1490 1910 1675 1949 Stromat.
1687 1912 1716 1949 Ι.
1737 1925 1774 1961 p.

319 1972 427 2011 372
450 1986 516 2009 και
539 1968 717 2008 ἶστοοῶν
737 1964 790 2006 τὰ
811 1964 1072 2017 σεβασματα,
1090 1966 1155 2002 sed
1175 1968 1342 2016 glossam
1362 1978 1432 2013 pro
1451 1980 1546 2006 vero
1563 1970 1775 2018 amplexus.

317 2026 423 2065 Hinc
443 2009 734 2077 ἀναθεώοησις
754 2036 823 2073 pro
844 2025 1034 2072 diligente
1055 2024 1119 2059 vei
1137 2023 1457 2060 consideratione
1475 2025 1575 2072 apud
1598 2024 1774 2073 saidam,

317 2085 403 2121 sive
422 2082 634 2119 Diodorum
657 2083 797 2130 potius,
827 2081 938 2116 cuius
967 2080 1094 2125 verba,
1127 2078 1229 2126 quod
1248 2091 1404 2116 monere
1425 2082 1604 2132 neglexi,
1634 2080 1773 2120 Gram-

317 2141 483 2177 maticus
509 2138 716 2185 exscripsit
736 2149 755 2172 e
775 2136 817 2174 L.
836 2135 947 2173 XIII.
971 2136 1045 2174 35,
1075 2134 1212 2172 lVEss.

433 2195 538 2234 313.
564 2195 636 2233 50.
658 2189 759 2232 Ἀπὸ
781 2188 985 2244 τιμήσεων
1010 2188 1102 2243 ἄχρι
1119 2192 1237 2242 μνῶν
1257 2187 1374 2240 δέκα]
1390 2190 1488 2229 Vide
1502 2194 1677 2241 superius
1692 2206 1773 2244 cap.

322 2252 396 2292 18.
431 2250 648 2299 Antipater,
676 2262 762 2286 cum
784 2255 871 2296 post
892 2247 1110 2285 Lamiacum
1132 2248 1271 2284 bellum
1290 2247 1460 2285 Atticam
1478 2262 1560 2286 rem
1578 2250 1772 2299 publicam

318 2307 531 2353 ordinaret,
561 2306 751 2351 omnibus,
781 2317 942 2353 quorum
964 2316 1102 2340 census
1121 2303 1388 2340 drachmarum
1415 2305 1490 2341 duo
1509 2307 1634 2343 millia
1653 2319 1772 2344 exce-

319 2363 441 2410 deret,
469 2363 518 2400 ad
541 2361 705 2399 honores
725 2361 869 2398 aditum
891 2362 1135 2409 patefecerat,
1167 2361 1270 2406 aliis,
1298 2362 1363 2408 qui
1384 2362 1486 2399 infra
1505 2375 1592 2400 eum
1612 2376 1771 2400 censum

319 2426 443 2465 erant,
473 2419 654 2455 exclusis.
702 2416 839 2465 Filius,
873 2417 974 2465 quod
1000 2417 1131 2453 multis
1151 2429 1195 2453 ea
1214 2429 1276 2452 res
1295 2419 1427 2466 gravis
1449 2425 1564 2469 esset,
1591 2421 1771 2466 mutavit,

317 2477 398 2514 illis
420 2477 537 2512 etiam
565 2476 622 2511 rei
644 2474 816 2523 publicae
845 2474 1180 2510 administratione
1204 2475 1412 2521 permissa,
1439 2486 1596 2523 quorum
1621 2475 1720 2512 bona
1740 2486 1769 2512 x

317 2533 445 2570 minas
474 2531 557 2568 sive
585 2529 784 2566 drachmas
814 2529 919 2565 mille
937 2530 1161 2577 aequabant.
1196 2529 1280 2565 vid.
1303 2528 1358 2565 CI.
1382 2528 1579 2568 Bonamici
1600 2529 1765 2571 Dissert.

320 2587 372 2627 T.
395 2586 467 2624 XI.
486 2584 689 2623 Conment.
712 2585 829 2621 Acad.
853 2584 1030 2635 inscript.
1054 2599 1089 2634 p.
1110 2586 1217 2625 256.
1249 2585 1327 2622 WE
1332 2595 1387 2622 ss.

435 2643 540 2682 313.
566 2642 637 2681 53.
679 2639 816 2686 Οὗτος
837 2640 881 2680 δὲ
905 2643 1042 2692 aava).
1047 2638 1162 2691 uffan!
1182 2638 1256 2691 τὴν
1281 2640 1395 2691 {nge-u
1389 2639 1482 2679 3951(
1474 2657 1509 2680 ν
1528 2649 1599 2678 etc.
1608 2643 1621 2692 ]
1651 2642 1768 2681 Vide-

319 2707 383 2738 tur
402 2698 623 2736 Demetrius
643 2699 774 2733 statim
793 2703 906 2745 atque
925 2697 1088 2734 Athenis
1106 2711 1128 2734 a
1149 2695 1364 2734 Cassandro
1384 2698 1459 2734 fuit
1480 2700 1681 2748 inpositus,
1712 2702 1767 2737 ci-

318 2759 427 2795 vium
454 2767 614 2792 censum
645 2756 793 2804 egisse,
832 2764 907 2801 quo
932 2755 1094 2802 liqueret
1122 2756 1278 2801 quinam
1307 2753 1516 2790 honoribus
1545 2756 1657 2806 fungi
1676 2768 1766 2805 pos-

319 2819 416 2851 sent.
455 2811 632 2849 Meminit
662 2812 745 2847 eius
766 2807 950 2846 Ctesicles
975 2809 1075 2860 apud
1095 2809 1234 2847 Athen.
1269 2809 1309 2846 L.
1336 2808 1399 2848 VI.
1422 2823 1458 2860 p.
1485 2812 1593 2851 272.
1616 2811 1676 2859 C.‚
1699 2813 1766 2850 ubi
