1859 3326
311 231 413 262 XLII
826 217 1260 254 WESSELINGII

308 328 438 372 ,‚dero,
472 333 569 358 nunc
594 323 691 357 enim
717 322 859 360 textus,
885 328 995 363 quem
1018 319 1166 355 vocant,
1190 315 1396 357 impressus
1423 314 1484 344 est
1503 310 1650 344 modo.“
1690 308 1761 342 Re-

307 386 529 429 linquantur
553 391 666 424 ergo,
693 379 745 411 uti
769 387 929 421 aequum
956 379 1036 414 est,
1071 372 1115 405 L.
1140 372 1468 410 Rnonommm
1503 369 1565 413 qui
1589 367 1760 411 proximo

309 452 431 483 anno,
463 443 596 485 quarto
621 448 733 481 supra
762 434 1002 467 millesimum
1033 434 1072 464 et
1094 431 1170 466 loc.
1193 429 1319 462 omnia
1354 426 1535 467 Diodori,
1580 425 1761 468 exceptis,

309 501 494 533 incertum
521 507 594 540 qua
620 496 666 528 de
694 502 839 532 caussa,
869 489 1121 533 Legationum
1148 487 1300 530 Eclogis
1327 485 1368 518 F.
1385 485 1541 517 Uasm
1556 492 1586 524 1,
1613 481 1760 514 Graece

312 562 352 591 et
373 557 510 589 Latine
536 553 731 586 Hanoviae
757 548 972 593 publicavit,
996 545 1259 587 adstruxitque
1285 553 1343 583 ea,
1370 550 1466 586 quae
1490 539 1646 573 Photius
1671 538 1759 571 olim

309 616 349 648 iu
374 613 601 660 μυριόβιβλον
631 619 735 642 suam
764 605 977 640 addiderat,
1035 603 1117 642 Qua
1141 611 1258 645 opera
1282 601 1337 633 uti
1363 599 1501 633 eximie
1529 597 1576 631 de
1608 607 1649 629 re
1678 595 1763 641 lite3

308 673 412 706 raria
439 670 595 702 meritus
623 669 701 706 est,
742 665 795 697 ita
818 662 1019 696 dolendum
1048 661 1235 700 maxime,
1266 658 1407 691 nullum
1435 657 1490 690 illi
1515 654 1618 689 aliud
1642 652 1761 686 fuisse

310 729 521 772 exemplum
548 728 700 769 praeter
724 722 864 754 editum
890 720 936 754 H.
963 718 1239 758 Srnpmm,
1268 715 1367 760 quod
1391 716 1429 748 in
1454 713 1673 753 consilium,
1703 720 1762 743 oc-

310 785 546 821 currentibus
572 782 794 825 l'requenter
819 778 942 811 dubiis
967 776 1234 819 mendosisque
1260 774 1376 815 locis,
1402 775 1555 806 mittere
1582 770 1761 815 potuerit.

308 849 428 889 Atque
453 842 546 875 haec
573 844 768 883 postrema·
788 835 946 870 Diodori
974 833 1087 867 Siculi
1114 834 1263 873 ἔκδυσις,
1307 834 1413 865 cuius
1447 831 1604 875 egregia
1638 838 1762 862 acces-

308 905 366 937 sio
395 899 637 934 meritissimo
664 899 856 933 censetur,
883 903 993 937 quam
1020 896 1104 935 post
1128 892 1286 934 triginta
1310 900 1429 924 annos
1455 888 1634 921 Lutetiae
1660 885 1763 918 Pari-

308 962 449 994 siorum
476 958 533 989 vii·
557 955 697 988 multae
724 952 947 986 eruditionis
977 954 1014 983 et
1041 950 1169 983 iudicii
1204 949 1466 981 firmamus
1500 945 1761 986 vinissms,

307 1018 433 1051 missis
471 1016 509 1047 in
542 1013 728 1056 publicum
763 1008 932 1054 pluribus
964 1007 1122 1041 Diodori
1156 1007 1203 1040 de
1239 1004 1443 1038 virtutibus
1480 1007 1519 1037 et
1549 1004 1653 1037 vitiis
1687 1003 1760 1036 fra-

308 1074 494 1120 gmentiS‚
527 1071 629 1104 fecit.
1420 1058 1425 1063 '

400 1129 500 1163 Satis
533 1128 578 1160 de
610 1125 779 1159 Graecis.
823 1122 999 1155 Latinam
1024 1120 1239 1154 versionem
1268 1119 1410 1163 primus
1436 1119 1625 1152 adornare
1656 1117 1762 1150 insti-

307 1190 382 1222 tuit
421 1186 643 1219 vocatus
676 1183 1074 1219 Bmcmonmcs,
1120 1178 1388 1221 absolutosque
1429 1178 1592 1221 quinque
1629 1175 1760 1215 libros,

308 1246 377 1280 sed
410 1243 570 1288 inperite
605 1242 641 1274 in
678 1239 728 1274 Vl
755 1238 943 1276 divulsos,
973 1246 1042 1268 nec
1067 1234 1231 1267 fideliter
1256 1244 1477 1278 expressos,
1512 1243 1656 1267 summo
1679 1232 1762 1266 lite-

305 1313 433 1338 rarum
462 1305 621 1344 pan-0110
655 1303 694 1331 et
722 1296 859 1328 vindici
896 1294 1121 1336 praecipuo,
1162 1291 1320 1325 Nicolao
1346 1292 1390 1326 V.
1417 1292 1589 1325 Pontifici
1613 1292 1762 1326 obtulit.

308 1361 394 1396 Non
428 1369 487 1392 me
523 1357 620 1400 fugit
656 1355 752 1388 lianc
786 1353 945 1397 gloriam
980 1350 1122 1394 Poggio
1157 1349 1309 1383 auferre
1342 1349 1472 1383 doctos
1509 1361 1530 1383 e
1561 1350 1762 1384 Britannia

307 1421 411 1452 viros
437 1419 591 1450 conatos
616 1413 743 1452 fuisse,
764 1415 774 1433 1
821 1410 939 1442 Bau
953 1418 988 1445 N,
1015 1409 1236 1440 'rwvxum
1254 1434 1263 1447 ,
1280 1415 1298 1435 2
1332 1407 1615 1440 Bon-roxum
1647 1413 1760 1452 atque

307 1477 420 1510 alios:
459 1474 546 1518 quin
576 1471 891 1504 Vixcrzxrwu
921 1468 1181 1499 opsoronn
1195 1474 1220 1497 M
1246 1465 1376 1497 suain
1403 1464 1640 1508 praefatione
1672 1466 1761 1497 seri-

306 1534 450 1578 psisse:
489 1538 671 1573 „quorum
704 1526 894 1569 (quinque
927 1523 1135 1566 librorum)
1170 1522 1296 1555 versio
1329 1532 1413 1555 meo
1445 1523 1595 1566 quidem
1622 1523 1761 1556 iudicio

305 1590 477 1633 „Poggio
512 1597 584 1619 nou
617 1589 718 1618 recte
751 1582 995 1615 adscribitur:
1029 1590 1150 1625 neque
1182 1581 1280 1613 enim
1313 1580 1520 1612 verisimile
1547 1584 1624 1620 est,
1663 1581 1760 1615 adeo

304 1647 609 1691 „spurciloquum
648 1645 686 1674 et
715 1640 943 1673 virulentum
977 1636 1247 1681 sycophantam
1276 1641 1314 1670 et
1336 1637 1636 1682 vitilitigatorem
1662 1641 1761 1683 quic-

308 1715 443 1750 „quam
470 1700 699 1735 Graecitatis
727 1697 916 1737 calluisse,
945 1696 1004 1740 qui
1034 1706 1078 1728 ne
1106 1694 1281 1728 Latinam
1310 1695 1458 1739 quidem
1484 1696 1673 1739 linguam,
1702 1707 1761 1729 cu-

304 1764 389 1806 „ius
422 1761 491 1793 sibi
522 1757 722 1791 videbatur
752 1765 836 1787 esse
863 1754 1135 1797 peritissimus,
1175 1757 1279 1787 recte
1305 1753 1473 1786 calluit,“
1521 1752 1594 1786 Sed
1619 1763 1685 1794 ea,
1720 1759 1763 1788 ut

306 1819 440 1853 sedulo
469 1817 613 1855 dicam,
655 1813 770 1845 nimia
803 1816 901 1846 sunt.
949 1810 1082 1843 Fuerit
1114 1810 1320 1843 maledicus
1351 1811 1504 1851 rabula,
1550 1810 1760 1845 obscoenus

306 1885 538 1920 spui-cosque
565 1873 752 1916 Poggius,
795 1873 1046 1913 proptereane
1080 1867 1238 1900 Diodori
1269 1869 1444 1900 versione
1478 1867 1670 1902 abstinere
1700 1869 1761 1902 de-

304 1934 408 1973 buit,
441 1942 550 1976 quem
577 1934 726 1963 constat
749 1926 1011 1972 Xenophontis
1037 1929 1076 1958 et
1103 1925 1263 1957 Luciani
1280 1929 1295 1953 3
1332 1925 1513 1959 nonnulla
1536 1925 1674 1960 Latine
1701 1927 1763 1960 de-

306 1989 433 2024 disse'!
483 1989 654 2032 'l'wynus
692 1992 730 2020 et
763 1987 956 2019 Burtonus
987 1983 1045 2018 Io.
1074 1981 1292 2023 lumem,
1325 1983 1440 2016 'docto
1472 1983 1640 2016 eiusdem
1680 1982 1760 2017 fere

305 2047 445 2080 aetatis
478 2047 580 2086 viro,
622 2045 939 2087 Balliolensisque
976 2041 1125 2084 collegii
1161 2041 1283 2080 socio,
1324 2041 1541 2074 versionem
1574 2045 1763 2080 asserunt,

307 2113 554 2147 caussamque
580 2102 720 2135 habent
747 2111 793 2135 ex
820 2105 950 2132 vetere
976 2097 1164 2130 versionis
1191 2097 1272 2130 eius
1296 2098 1523 2140 exemplari,
1553 2099 1610 2130 cui
1633 2108 1762 2130 recen-

304 2163 382 2195 tior
411 2171 543 2193 manus
577 2160 794 2202 adscripsit:
837 2155 1018 2197 „Paullus
1044 2158 1198 2198 propter
1222 2154 1512 2187 translationem
1551 2155 1622 2187 sibi
1657 2154 1760 2187 dedi-

305 2225 455 2261 „catam
489 2216 648 2250 Phream
686 2217 903 2259 episcopatu
937 2212 1131 2244 Badouiae
1166 2211 1395 2252 donaverat,
1441 2221 1550 2255 quem
1588 2222 1670 2244 cum
1704 2222 1763 2245 ac-

306 2276 518 2319 „cepisset,
552 2273 762 2316 supervixit
787 2279 954 2303 mensem
980 2279 1094 2300 unum
1121 2272 1159 2301 et
1184 2268 1278 2301 obiit
1301 2269 1465 2311 Romae,
1490 2269 1653 2302 nondum
1679 2280 1764 2303 con.

305 2334 541 2375 ,‚secratus.⁴‘
594 2329 808 2371 Adiungit4
839 2328 949 2360 ΑΝΤ.
973 2326 1147 2366 wool),
1179 2325 1279 2359 uude
1313 2336 1359 2358 ea
1392 2330 1516 2359 sumta
1549 2331 1656 2367 sunt,
1695 2328 1762 2359 ini-

306 2392 400 2423 tium
440 2388 579 2421 codicis
622 2386 755 2419 eodem
791 2382 1041 2427 chirographo
1079 2392 1186 2423 esse3
1237 2383 1442 2426 „Epistola
1477 2383 1524 2416 ad
1548 2383 1593 2419 D.
1621 2384 1761 2428 Papam

307 2446 504 2490 „Paullum
533 2444 579 2476 de
606 2453 672 2476 sex
702 2442 809 2475 libris
834 2441 991 2474 Diodori
1018 2440 1131 2472 Siculi
1159 2438 1362 2473 fabulando
1389 2451 1493 2474 more
1521 2442 1717 2485 gentilium
1731 2445 1762 2473 :‘⁴

305 2510 399 2544 tum,
442 2501 605 2544 „Nullus
644 2505 758 2533 antea
791 2499 1030 2543 quantumvis
1062 2496 1280 2541 praeclarus
1316 2507 1442 2530 rerum
1481 2500 1641 2542 scriptor
1678 2498 1762 2538 fuit,

305 2561 542 2594 sanctissime
570 2562 701 2601 patei-‘⁶
728 2562 820 2600 etc.;
861 2566 958 2601 quae
987 2555 1138 2600 quidem
1163 2554 1279 2588 verba
1300 2554 1578 2599 praefationem
1613 2556 1760 2590 ordiun—

399 2711 416 2743 1
443 2705 616 2746 Antiquit.
641 2702 750 2735 Acad.
777 2702 892 2736 Oxou.
919 2701 958 2736 L,
980 2700 1041 2733 Ill.
1065 2712 1100 2743 p.
1120 2700 1200 2736 371.

395 2757 419 2788 2
444 2753 532 2783 Hist.
558 2751 661 2791 Ling.
688 2749 750 2782 Gr.
777 2760 811 2790 p.
835 2749 890 2781 55.

396 2801 419 2834 3
444 2798 495 2828 lo.
520 2798 616 2838 Bnpt.
641 2796 831 2826 Recanatus
856 2793 926 2826 Yit.
951 2792 1074 2833 Poggii
1100 2792 1184 2835 Cap.
1200 2791 1262 2825 XI.

396 2846 419 2878 ’ὲ
443 2844 532 2875 nist.
557 2843 714 2886 Univers.
740 2840 857 2876 Oxou.
887 2839 927 2870 L.
945 2838 988 2870 ll.
1013 2850 1047 2880 p.
1063 2840 1120 2874 76.
