1859 3326
316 203 419 246 304·
691 207 695 213 ⁴
778 201 1316 246 -ANNOTAMONES

398 314 538 358 ..36-7.
566 315 639 357 17.
684 312 772 356 Καὶ
801 313 894 363 θεὶς
920 312 994 356 τὸν
1025 316 1111 357 τῶν
1139 313 1327 368 Νεμέων
1346 310 1515 370 ἀγῶνα]
1553 314 1781 355 Illustrissi-

316 385 404 414 mus
438 380 477 411 et
506 385 701 422 nunquam
739 373 822 409 sine
852 372 964 410 laude
1005 373 1276 410 memorandus
1316 372 1500 421 Iosephus
1530 372 1707 425 Scaliger
1736 375 1779 412 in

318 433 406 469 suis,
420 430 467 468 ad
487 430 696 468 Eusebium
715 431 818 465 notis
839 441 872 477 p.
895 429 969 470 85.
1002 428 1079 466 hocs
1103 430 1188 466 loco
1211 428 1426 467 Diodorum
1455 431 1629 480 graviter
1648 443 1779 479 repre-

281 522 283 524 .
318 487 456 525 hendit
482 493 521 523 et
555 486 652 522 hanc
683 487 945 522 narrationem
971 492 1128 522 accusat
1147 487 1263 534 falsi,
1287 499 1331 524 eo
1356 486 1458 536 quod
1486 485 1654 523 Nemeus
1674 496 1777 538 agon

318 545 539 581 trieterieus
579 547 683 588 erat,
723 548 760 578 et
780 554 988 590 numquam
1015 542 1175 580 cadebat
1213 545 1255 580 in
1295 542 1505 580 secundum
1536 541 1780 592 Olympiadis

319 612 488 648 annum,
530 598 597 635 sed
626 610 775 646 semper
799 601 970 635 tertium.
1022 598 1075 635 At
1102 601 1316 649 ignoscant,
1334 598 1430 637 mihi
1461 601 1562 636 tanti
1589 601 1666 636 viri
1684 612 1780 639 ,ma-

319 668 410 702 neS‚
442 657 475 692 si
503 654 717 691 Diodorum
739 653 812 692 hoc
839 656 926 692 loco
949 657 1049 692 tueri
1080 655 1255 693 confido:
1283 662 1362 693 non
1393 661 1451 692 est
1475 656 1637 692 enimin
1667 657 1779 705 culpa

319 713 419 750 forte
449 710 659 749 Diodorus.
700 709 876 749 Fuerunt
890 712 996 760 ‘enim
1014 712 1159 748 Nemea
1181 712 1373 762 duplicia,
1400 714 1549 749 aestiva
1569 713 1718 749 seilicet
1741 718 1779 748 et
1826 744 1828 747 ,

320 768 504 814 hiberna,
534 774 577 804 ut
597 779 646 803 ex
665 767 858 805 Pausania
887 770 1008 816 liquet
1038 770 1079 805 in
1101 766 1486 821 Corinthiacis‚(cap.
1514 765 1603 820 15.)
1627 768 1693 812 ubi
1723 770 1780 805 sic

320 827 376 862 ait
396 824 442 861 de
464 826 638 874 Argivis:
669 820 810 876 καὶτὸὴ
834 824 907 863 καὶ,
926 821 1085 875 δρόμου
1106 822 1378 877 προτιθέασιν
1397 822 1551 875 ἀγῶνα,
1579 820 1779 877 ἀνδράσιν

319 876 595 930 ὡπλισμένοις
621 878 811 930 Νεμείων
841 878 1174 933 πανηγύρει-τῶν
1198 883 1456 933 χειμερινῶν.
1489 880 1542 918 Et
1562 881 1603 918 in
1624 880 1781 919 Eliaeo-¹

319 950 405 975 rum
420 936 465 974 ll.
483 935 584 988 (cap.
600 934 692 988 16.)
708 943 794 986 post
806 939 989 975 >lacunam
1007 938 1098 975 haee
1113 939 1480 986 verbasequuntur:
1507 935 1779 990 ἐκλειφθέντα

320 992 365 1032 ἐκ
393 992 582 1043 Νεμείων
609 1007 653 1032 τε
687 992 756 1031 καὶ
783 990 985 1045 Ἰσθμίων
1017 992 1144 1033 αὐτὸν
1173 991 1369 1045 βασιλεὺς
1393 990 1610 1044 Ἀδριανὸς
1639 991 1678 1039 ἒς
1698 994 1781 1032 Ne-

319 1048 448 1101 μείων
472 1047 613 1101 ἀγῶνα
634 1051 717 1089 τῶν
729 1053 972 1103 χειμερινῶν
991 1048 1199 1090 ἀπέδωκεν
1211 1049 1418 1103 Ἀργείοις.
1460 1049 1619 1089 Aestiva
1635 1049 1782 1086 Nemea

321 1108 466 1142 mensis
495 1106 657 1142 Panemi
685 1106 746 1143 die
767 1116 843 1143 ΧΠ.
871 1108 1186 1154 celebrabantur,
1223 1115 1266 1144 ut
1292 1109 1347 1144 ait
1372 1109 1532 1158 antiqua
1551 1104 1782 1154 hypothesis

318 1159 551 1200 Nemeorum
571 1161 744 1199 Pindari.
771 1162 963 1200 Panemus
982 1171 1107 1201 autem
1127 1165 1255 1200 Attico
1272 1162 1600 1200 Hecatombaeoni
1620 1174 1782 1210 respon-

322 1218 458 1265 debat,
493 1226 536 1255 ut
564 1222 646 1267 ipse
668 1217 845 1269 Scaliger
873 1223 1012 1257 asserit
1041 1223 1081 1257 in
1104 1223 1183 1257 suis
1203 1220 1249 1256 de
1271 1220 1467 1258 mensibus
1489 1220 1709 1266 laterculis,
1742 1225 1782 1259 et

322 1282 434 1312 crant
452 1277 519 1312 illa
538 1275 704 1312 celebria
724 1274 869 1312 Nemea
889 1277 1088 1313 trieterica
1109 1283 1148 1313 et
1167 1277 1375 1325 periodica.
1410 1274 1585 1312 Hiberna
1598 1286 1696 1312 vero
1717 1276 1782 1318 fu2-

319 1332 398 1370 isse
418 1344 547 1368 annua
567 1334 650 1368 iure
670 1337 862 1379 putamus,
883 1334 984 1369 sicut
994 1332 1157 1370 Athenis
1177 1332 1470 1370 Panathenaica
1489 1344 1629 1382 magna
1646 1338 1782 1381 penteo,

321 1390 443 1424 terica
467 1395 599 1434 erant,
630 1394 669 1424 et
698 1392 832 1437 quinto
856 1401 1006 1438 quoque
1028 1403 1130 1426 anno
1153 1390 1469 1427 celebrabantur:
1506 1390 1659 1437 minora
1675 1398 1780 1428 'vero

321 1446 542 1494 quotannis.
570 1443 655 1481 Hoc
680 1445 803 1494 igitur
821 1446 906 1482 loco
927 1445 1089 1483 Diodori
1110 1444 1326 1483 Cassander
1344 1452 1431 1495 post
1448 1451 1632 1483 aestatem
1653 1451 1692 1481 et
1711 1457 1781 1481 au-

320 1507 499 1538 tumnum
520 1503 561 1538 in
592 1514 661 1537 sua
681 1501 927 1551 expeditione
949 1510 1240 1551 consumptum,
1270 1503 1360 1540 dum
1383 1505 1427 1539 in⁴
1444 1500 1710 1541 Macedoniam
1730 1498 1780 1540 ad

319 1554 483 1594 hiberna
515 1560 728 1594 exercitum
758 1571 868 1594 suum
893 1559 1120 1606 reducebat,
1162 1559 1393 1596 Nemeorum
1419 1571 1545 1608 agona
1576 1556 1781 1598 hibernum

321 1615 488 1659 curavit,
518 1626 596 1650 non
614 1627 708 1651 vero
723 1616 975 1655 trietericum.
1006 1615 1137 1652 PALM.
1167 1615 1348 1653 Studium
1365 1614 1528 1652 Diodori
1546 1613 1780 1653 defendendi

320 1669 478 1706 laudare
489 1683 658 1719 possum,
677 1678 756 1708 'non
768 1673 864 1708 item
884 1671 1159 1710 defensionem.
1181 1672 1296 1713 ,Falsa
1315 1685 1377 1709 res
1388 1676 1460 1717 est,
1473 1672 1645 1722 *singulis
1665 1673 1779 1708 annis

319 1723 485 1763 Nemees
503 1725 686 1763 hibernos
703 1728 824 1765 fuisse
847 1729 1071 1766 celebratos.
1098 1729 1232 1767 Nemei
1245 1732 1347 1766 enim
1362 1728 1444 1765 ludi
1457 1729 1642 1764 trieterici
1655 1733 1780 1774 erant,

320 1781 477 1830 binique
509 1784 679 1831 qualibet
709 1783 939 1834 Olympiade
969 1786 1159 1823 redibant.
1208 1785 1251 1822 ld
1282 1798 1354 1822 nos
1386 1783 1521 1821 Critici
1549 1789 1700 1822 veteres
1729 1783 1780 1821 ad

321 1836 531 1876 Pindarum
555 1839 694 1891 docent
713 1841 873 1891 Argum.
892 1841 1003 1882 Nem.
1025 1842 1090 1879 ΠΙ.
1116 1849 1153 1879 et
1165 1842 1209 1879 V.
1230 1849 1456 1892 praeterque
1476 1848 1623 1878 ceteros
1645 1853 1781 1877 omnes

319 1893 415 1943 Imp.
447 1895 619 1933 lulianus
653 1896 723 1946 Ep.
752 1897 928 1937 XXXV.
953 1911 987 1948 p.
1008 1900 1115 1939 408.
1135 1898 1175 1937 C.
1205 1895 1342 1938 Διττὰ
1372 1896 1420 1936 δέ
1446 1897 1563 1944 ἐστι,Υ
1584 1899 1778 1946 inquiens,

317 1951 461 2002 Νέμεα
486 1948 599 2003 παρὰ
620 1958 706 1998 τοῖς
724 1950 939 2006 ζέίργειόις,
974 1952 1353 2008 καθ-άπερἩΙσθῃιιια
1383 1951 1497 2006 παρὰ
1518 1951 1776 2005 Κορινθίοις.

320 2007 442 2044 Addit
462 2008 520 2044 liis
541 2009 773 2057 imperator,
806 2024 875 2047 suo
897 2018 1067 2060 tempore
1085 2012 1179 2050 duos
1202 2014 1298 2052 alios
1319 2012 1366 2049 ab
1388 2011 1547 2061 Argivis
1568 2009 1678 2046 ludos
1701 2009 1778 2056 edi,

319 2060 425 2103 ὥστε
447 2060 548 2102 εἶναι
568 2064 775 2118 τέσσαρας
797 2063 955 2113 πάντας
976 2068 1178 2114 ἐνιαυτοῖς
1197 2066 1410 2121 τέσσαρσι,
1439 2075 1485 2104 ut
1502 2073 1677 2116 quatuor
1697 2079 1778 2102 om-

320 2121 413 2157 nino
436 2122 521 2159 ludi
539 2125 654 2158 annis
676 2125 884 2172 quaternis
904 2126 996 2161 sint.
1049 2126 1154 2168 Quae
1179 2125 1330 2173 quidem
1354 2125 1434 2161 sola
1455 2123 1695 2161 validissime
1716 2124 1779 2164 in-

318 2177 499 2228 fringunt
513 2178 725 2215 doctissimi
737 2179 918 2216 Palmerii
935 2183 1174 2217 sententiam.
1206 2180 1302 2218 Bina
1316 2182 1512 2229 quaternis
1524 2181 1636 2215 annis
1650 2181 1681 2215 si
1698 2178 1779 2214 Nc-

319 2245 405 2273 mea
427 2235 719 2271 celebrabantur
740 2237 973 2283 certamina,
1002 2237 1146 2274 Nemea
1166 2236 1327 2274 hiberna
1350 2248 1428 2272 non
1455 2237 1613 2273 fuerunt
1637 2238 1778 2272 annila.

319 2284 461 2343 Aliam,
476 2303 549 2338 qua
561 2289 733 2328 Diodoro
754 2300 1055 2341 succurreretur,
1076 2296 1178 2330 viam
1200 2296 1347 2334 munire
1360 2291 1465 2328 Sam.
1482 2293 1630 2328 Petitus
1653 2293 1780 2341 coepit

322 2344 524 2382 Conment.
545 2345 587 2382 L.
610 2347 651 2383 L.
674 2347 790 2386 Attio.
806 2347 889 2384 Lib.
904 2348 932 2384 I.
955 2348 1035 2386 Tit.
1056 2349 1083 2386 I.
1105 2363 1140 2398 p.
1160 2350 1261 2389 135.
1288 2348 1490 2385 P'ertendit
1511 2347 1654 2384 Nemea
1671 2344 1774 2384 anno

319 2409 456 2450 quarto
479 2402 720 2452 Olympiadis
743 2404 863 2440 fuisse
886 2405 1002 2454 edita,
1028 2411 1065 2441 et
1086 2409 1265 2454 quoniam
1286 2408 1400 2442 tertio
1422 2416 1570 2453 quoque
1591 2417 1693 2441 anno
1715 2406 1776 2440 in-

320 2459 617 2505 staurabantur,
646 2460 814 2496 seeundo
835 2461 966 2498 eadem
988 2475 1090 2498 anno
1110 2470 1207 2498 aeta.
1239 2442 1343 2498 meib
1362 2465 1402 2499 in
1427 2468 1592 2498 mentem
1615 2467 1774 2497 venerat

321 2513 442 2556 Setho
461 2514 643 2562 CalvisiQ
670 2517 857 2563 probante
875 2518 914 2554 in
936 2517 1151 2569 Prolegom.
1175 2519 1221 2555 ad
1236 2519 1395 2555 Pindari
1411 2518 1632 2554 Nemeonic.
1655 2515 1774 2552 Eras-

319 2584 382 2608 mo
405 2569 615 2608 Schmidio.
646 2572 772 2619 Atque
796 2572 868 2611 hoe
890 2574 1035 2611 firmari
1059 2577 1090 2611 si
1113 2582 1262 2622 posset,
1294 2574 1634 2612 commodissimum
1653 2573 1768 2612 foret.

320 2627 456 2664 Annus
480 2629 581 2664 enim
603 2634 660 2664 est
681 2628 837 2678 Olymp.
859 2640 970 2667 val.
993 2632 1206 2678 secundus,
1245 2643 1319 2679 quo
1339 2631 1524 2672 Nemeum
1552 2628 1654 2665 hunc
1677 2640 1772 2679 ago'-

319 2694 406 2721 nem
430 2682 644 2721 Cassander
672 2684 790 2723 dedit.
828 2685 880 2722 At
909 2687 1066 2723 obstant
1084 2687 1314 2724 Nemeorum
1335 2701 1356 2724 a
1376 2687 1473 2725 viris
1491 2687 1569 2722 illis
1590 2685 1772 2722 doctissi-

318 2743 391 2777 mis
411 2740 597 2788 producta
617 2743 814 2789 exempla,
845 2754 940 2790 quae
962 2745 994 2780 si
1014 2757 1099 2780 cum
1121 2758 1212 2781 eura
1232 2746 1524 2791 examinentur,
1553 2742 1696 2790 partim
1728 2742 1770 2778 in

319 2796 561 2846 Olympiadis
580 2809 723 2834 annum
741 2799 919 2846 primum,
948 2800 1087 2849 partim
1111 2804 1151 2837 in
1172 2800 1340 2837 eiusdem
1362 2799 1514 2850 Olymp.
1533 2800 1688 2835 tertium
1710 2799 1768 2834 in-

317 2859 487 2892 current.
533 2852 621 2902 Ipso
641 2855 817 2892 examine
837 2856 1035 2904 abstineo,
1069 2855 1170 2906 quod
1195 2857 1554 2907 diligentissime'eo
1575 2855 1769 2902 perfuncti
