1891 3310
805 15 828 41 Q

292 161 353 204 [N
385 159 735 202 EXCERPTA
765 159 845 205 1)ss
875 161 1045 202 vtR'r.
1076 162 1158 204 ET
1186 163 1311 205 VIT.
1465 169 1556 211 505

98 277 237 325 posuit.
296 275 395 315 Eam
414 289 549 315 vocem
569 273 687 314 habet
707 288 755 314 ex
777 274 900 315 Sulda
920 275 969 315 H.
985 275 1227 326 Stephanus,
1264 285 1302 318 et
1334 292 1404 330 per
1426 279 1560 334 δεικη-

91 332 235 385 7.1urt);
269 346 335 372 seu
363 330 618 385 ὁεικηλικτὰς
652 335 792 381 vertit,
831 347 967 383 nempe
1001 334 1172 382 histrio,
1213 337 1279 385 qui
1304 350 1487 387 personas
1518 342 1559 377 in

94 390 247 427 theatro
268 391 438 428 ostendit
449 391 610 456 populo,
633 396 823 440 tamquam
844 404 867 428 a
885 393 1038 429 nomine
1064 391 1106 430 ὸε
1111 391 1265 442 ι’κηλοι,
1298 394 1399 442 quod
1423 401 1481 432 cst
1504 398 1560 434 so·

93 447 276 485 mulaclzr
279 461 341 484 um
359 449 421 485 vel
441 448 586 496 imago.
627 445 703 483 Sed
718 460 803 484 eum
817 447 862 483 de
881 460 926 485 co
948 449 1098 485 nullam
1116 447 1255 486 habeat
1275 453 1559 502 auctoritatem,

93 516 172 541 non
202 504 385 551 verebor,
422 505 539 540 aliam
566 502 704 540 afferre
731 505 1091 552 interpretationem
1112 518 1191 542 non
1209 509 1359 553 minus,
1387 517 1430 544 ut
1448 516 1556 557 puto,

93 561 357 598 verisimilem.
399 557 661 610 Προὸείκτης
680 573 702 596 a
722 556 939 609 noesl‘setuvz
945 576 977 600 ω
1004 561 1161 598 videtur
1179 564 1384 600 manifeste
1406 563 1558 613 deduci,

94 616 195 666 quod
227 617 387 654 verbum
407 622 744 667 praemonstrare
776 624 814 654 et
834 619 1007 668 praesig
1009 619 1182 667 mfieare
1219 620 1429 670 significat
1489 620 1559 658 Sic

93 673 194 723 apud
220 672 461 710 Herodotum
487 673 554 711 lib.
574 671 676 709 Vlll.
711 673 785 712 37.
821 672 953 726 προδέ
951 689 1060 727 κτωο
1090 682 1170 723 est,
1205 678 1271 727 qui
1299 690 1361 714 res
1389 678 1557 732 futuras,

94 738 299 778 antequam
321 730 528 776 eveniant,
557 729 746 778 praedicit
767 736 805 766 et
819 733 1086 781 piaenunciat,
1115 738 1160 769 ut
1179 745 1294 782 supra
1315 733 1362 770 ad
1383 747 1468 770 cum
1489 748 1560 772 au·-

95 795 241 825 ctorem
263 787 486 824 notavimus
507 798 542 834 p.
557 785 630 824 31
650 785 825 826 Exercit.
885 787 944 824 lta
967 787 1219 840 ποοὸείκτνς
1237 790 1336 827 nihil
1357 790 1462 827 aliud
1487 797 1559 840 est,

97 857 209 893 quam
240 845 294 890 is,
329 845 395 893 qui
425 854 488 878 res
510 843 661 879 futuras
683 845 958 891 praenunciat,
1000 844 1102 892 quod
1122 853 1318 893 praestare
1336 849 1560 898 gloriantur

96 900 318 950 Astrologi,
347 897 635 947 Metoposcopi,
677 898 982 937 Chi-romantiam
1003 902 1169 948 professi
1187 911 1226 938 et
1246 904 1342 940 alias
1360 911 1460 941 artes
1483 911 1562 943 tam

93 969 238 1004 vanaS,
278 967 390 1005 quam
411 968 433 992 a
455 955 697 1005 principibus
713 957 906 1006 plerisque
929 957 1121 1005 creditas,
1145 958 1295 1007 divini,
1331 973 1562 997 necroman-

93 1020 175 1062 tes,
209 1020 247 1049 et
270 1013 366 1050 tales
387 1012 464 1051 viri
483 1024 564 1050 non
582 1013 682 1049 male
702 1009 877 1051 hocloco
898 1015 1235 1065 θαυματοποιοῖς
1257 1018 1561 1069 coniunguntur.

94 1069 224 1107 Pam.

207 1127 313 1166 606.
344 1126 419 1167 67.
458 1120 545 1164 Καὶ
566 1123 856 1178 νευροπατεΐν]
896 1122 1119 1177 Legendum
1143 1133 1202 1164 est
1223 1128 1306 1165 sine
1332 1127 1449 1167 dubio
1473 1145 1565 1169 νευ-

93 1187 366 1236 ροσπαστεΐν,
402 1181 503 1231 quod
525 1184 725 1229 sequentia
744 1183 855 1232 plane
876 1184 1118 1220 confirmant.
1177 1183 1279 1222 Nam
1300 1186 1394 1222 illud
1421 1201 1562 1238 νευρο-

96 1245 240 1278 πατεῖν
274 1239 464 1276 Graecum
494 1250 575 1275 non
602 1244 672 1275 est.
730 1240 1015 1290 Νευρορἀτεῖν
1047 1243 1176 1291 potius
1207 1241 1419 1280 diceretur:
1458 1243 1563 1281 unde

96 1296 348 1334 Nem-obatee
376 1294 477 1344 apud
505 1295 715 1343 Vopiscum
744 1296 786 1333 in
815 1295 957 1333 Carino
988 1309 1071 1345 cap.
1093 1299 1165 1338 19.
1206 1298 1273 1335 sed
1302 1297 1375 1335 hoc
1404 1300 1563 1347 quidem

96 1354 182 1390 loco
211 1355 368 1391 minime
400 1353 597 1389 convenit.
657 1351 731 1389 Est
769 1362 896 1396 mitem
925 1359 1249 1406 νευροσπαστεΐν
1279 1367 1350 1403 ope
1380 1355 1562 1394 fidiculae

95 1423 252 1447 movere
277 1423 322 1445 ae
346 1407 497 1445 trahere
516 1409 644 1458 lignea
667 1412 828 1458 quaevis
855 1411 1084 1458 simulacra,
1123 1411 1224 1461 quod
1245 1411 1289 1449 fit
1309 1419 1391 1449 arte
1409 1413 1565 1450 mecha-

96 1469 200 1504 nica.
237 1466 334 1503 Vide
355 1464 581 1501 Turnebum
603 1465 668 1502 lib.
684 1467 725 1504 2.
745 1465 909 1504 Advers.
929 1480 1010 1517 cap.
1027 1470 1099 1508 18.
1156 1466 1241 1504 Hac
1266 1470 1305 1505 in
1328 1475 1412 1506 arte
1434 1472 1566 1507 excel-

95 1523 217 1562 luisse
246 1522 389 1560 dicitur
418 1520 611 1559 Pothinus
639 1522 795 1570 quidam
824 1521 1073 1561 Atheniensis
1103 1530 1201 1561 teste
1221 1523 1427 1568 Eustathio
1452 1526 1563 1565 iliad.

98 1576 149 1627 (δ’,
178 1592 214 1629 p
238 1580 348 1619 457.
376 1578 442 1616 ubi
465 1577 596 1615 addit:
639 1577 774 1631 Τέχιη
803 1578 849 1620 df*
877 1575 1044 1627 πάντως
1067 1577 1117 1620 οὗ
1141 1577 1392 1620 σπουδαιμα
1371 1598 1395 1634 η
1419 1597 1566 1635 νευρο-

97 1650 331 1688 σπαστικη,
371 1631 479 1674 ἀλλὰ
508 1637 593 1674 τῶν
617 1632 705 1674 κατ>
732 1633 840 1683 εἷ’ὸος
871 1636 1050 1683 παιδιᾶς.
1093 1637 1245 1677 VA,.1ES
1302 1638 1389 1677 Και
1423 1654 1566 1692 νευρο-

96 1690 318 1759 σπαστεῖν]
358 1690 477 1728 Recte
498 1691 698 1731 Valesius.-
748 1692 892 1730 Omnes
917 1694 983 1730 oli.
973 1707 1033 1741 m,
1057 1694 1121 1742 qui
1145 1689 1394 1745 αὐτομάτων
1415 1703 1452 1732 et
1474 1711 1515 1735 νε
1520 1712 1566 1735 v-

97 1744 348 1802 ροσπάστων
376 1748 525 1785 ludicra
541 1749 757 1786 mobilitate
777 1748 1068 1787 multitudinem
1086 1733 1356 1799 oblectabant,
1388 1753 1476 1791 θαῑ
1478 1769 1566 1803 μα..

96 1804 263 1856 Tozpyoi
294 1811 332 1842 et
363 1803 696 1855 Saepta-coneto),
756 1818 919 1857 quorum
951 1805 1147 1844 Diodorus
1173 1809 1347 1855 proxime
1375 1812 1565 1857 meminit,

100 1862 338 1898 dicebantur.
395 1859 502 1897 Hero
532 1860 727 1898 Automat.
752 1875 786 1911 p.
810 1863 918 1902 244.
948 1858 1122 1902 ἐκάλουν
1146 1862 1191 1902 δὲ
1215 1862 1253 1902 οἶ
1270 1864 1440 1904 παλαιοι
1467 1863 1567 1912 τοὺς

97 1915 150 1957 τὰ
169 1920 343 1957 τοιαῖτα
365 1915 515 1969 δημιου
503 1919 722 1969 ργοῦντας
745 1917 909 1958 OAYR
906 1919 1242 1960 [AFOYPFOE
1243 1920 1301 1967 Σ,
1339 1919 1407 1960 διὰ
1428 1919 1474 1961 τὸ
1499 1920 1567 1961 ἐκ-

98 1975 154 2014 π)
144 1989 283 2026 ηκτοι]
313 1975 390 2025 τῆς
415 1974 467 2012 &c
452 1974 611 2026 εωριάς.
670 1974 963 2043 Imagunculae‚
989 1974 1160 2013 fidiculis
1181 1978 1460 2025 quodammodo
1480 1980 1570 2016 ani-

96 2040 234 2078 matae,
256 2000 486 2084 σιγιλλάρια
500 2027 921 2084 νειροσπαστοίμεια
946 2031 1039 2081 lmp.
1054 2031 1310 2082 Antonino,’
1297 2049 1453 2086 opyava
1473 2051 1568 2074 τευ-

96 2083 342 2139 ρόσπαστα,
375 2098 602 2135 quamquam
627 2089 744 2126 latius
768 2087 862 2125 haec
886 2091 1031 2140 porrigi
1052 2097 1236 2138 possunt,
1276 2089 1446 2140 Synesio
1479 2091 1567 2130 l.1.

98 2143 258 2182 Provid.
281 2156 318 2193 p.
330 2146 404 2185 98.
417 2142 483 2190 B..
510 2143 556 2180 de
575 2143 715 2194 quibus
736 2147 922 2195 conplura
940 2145 986 2183 Is.
1000 2144 1250 2183 casaubonus
1268 2147 1315 2183 ad
1336 2147 1463 2185 Persii
1482 2147 1567 2186 Sat.

96 2201 146 2240 V.
184 2203 310 2249 128„
337 2199 381 2237 ΒΔ
402 2199 613 2238 vulcanius
636 2202 678 2238 in
699 2201 904 2252 Apuleium
927 2201 972 2239 de
998 2202 1146 2240 Mundo
1173 2204 1334 2255 p.2l5.
1357 2213 1395 2243 et
1416 2204 1464 2244 T.
1488 2205 1569 2243 Ga-

100 2256 260 2295 takerus
280 2257 328 2294 ad
347 2257 537 2293 Antonin.
561 2257 656 2306 Imp.
675 2257 722 2297 L.
739 2258 823 2295 Vll.
848 2260 890 2298 3.
948 2258 1084 2297 lVEsS.

216 2314 323 2354 607.
355 2315 429 2353 68.
462 2314 568 2352 Ζῶα
594 2310 858 2366 πεντάπηχα]
893 2314 1073 2367 Intelligo
1095 2315 1307 2354 bestiarum
1332 2316 1569 2356 simulachra

101 2368 296 2416 deaurata,
320 2382 416 2419 quae
435 2369 476 2405 in
497 2381 634 2419 pompa
653 2371 806 2409 traduci
825 2385 908 2409 mos
928 2378 1024 2420 erat,
1051 2379 1094 2409 ut
1114 2380 1219 2420 patet
1239 2386 1288 2410 ex
1309 2373 1568 2424 descriptione

102 2439 262 2477 pompae
292 2427 400 2463 illius
431 2425 644 2466 Ptolemaei
669 2426 913 2480 Philadelphi
940 2427 1043 2479 apud
1062 2428 1304 2468 Athenaeum
1326 2431 1397 2471 lib.
1414 2431 1458 2470 V
1485 2444 1567 2482 cap.

106 2486 146 2525 8.
166 2495 203 2533 p.
217 2484 324 2523 202.
382 2480 536 2518 VALEs.

218 2541 324 2580 607
359 2540 432 2580 81·
477 2536 564 2578 Καὶ
595 2537 824 2591 Μικίψαν]
871 2539 998 2579 Huius
1029 2542 1196 2580 iunioris
1228 2541 1414 2591 Micipsae
1444 2518 1567 2581 filium

103 2596 271 2633 arbitror
298 2596 418 2633 fuisse
446 2594 732 2644 Hiempsalem,
773 2599 883 2634 cuius
911 2598 1087 2636 meminit
1117 2599 1348 2637 Plutarchus
1378 2602 1419 2637 in
1444 2599 1568 2638 Mario

105 2664 141 2701 p.
163 2653 295 2696 429..
332 2652 529 2701 Appianus
560 2652 626 2691 lib.
641 2652 668 2690 1.
701 2652 883 2691 Civilium
908 2667 943 2703 p.
959 2655 1066 2696 668.
1097 2663 1135 2692 et
1153 2654 1290 2694 Cicero
1308 2658 1347 2693 in
1368 2658 1410 2695 2.
1431 2663 1569 2693 contra

106 2707 265 2746 Rullum
285 2710 426 2758 capti.
475 2707 623 2745 VALES.
683 2707 826 2754 Mirum
854 2717 937 2757 est,
979 2709 1234 2760 Sallustium,
1268 2715 1309 2749 in
1338 2712 1474 2749 liberis
1495 2713 1570 2751 Mi-

107 2766 233 2814 cipsae
264 2764 528 2802 describendis
560 2772 811 2815 occupatum,
848 2765 894 2804 de
922 2765 993 2804 hoc
1025 2766 1190 2817 Micipsa
1218 2781 1374 2819 prorsus
1405 2771 1570 2806 tacuisse

112 2820 212 2859 Belli
246 2820 420 2873 iugurth.
453 2835 486 2859 c.
511 2822 552 2862 5.
613 2821 727 2867 Quod
756 2836 851 2862 vero
870 2821 1050 2863 Valesius
1082 2827 1320 2877 suspicatur,
1367 2823 1570 2874 Hiempsa-
