1891 3310
431 189 496 230 IN
523 188 638 231 [ΑΒ.
669 189 826 229 XVH.
854 189 980 230 CAP.
1008 194 1047 234 5.
1075 216 1122 227 -.
1148 198 1188 236 8.
1442 203 1527 245 147

200 304 305 346 165.
337 299 518 345 51Ἕτι
545 303 622 354 τῆς
651 298 800 349 νυκτος
822 299 950 356 ου’σης
970 301 1248 346 ἀνατέλλοντα
1267 322 1342 356 τας
1361 307 1527 360 ἇκτΐιας

83 367 154 398 etc.
165 358 184 414 ]
225 360 269 398 Si
295 358 645 410 inteipungendum
674 361 726 396 sit
754 367 841 408 post
863 357 1054 409 ἀκτινας,
1083 369 1128 399 ut
1146 363 1189 400 in
1209 364 1322 401 editis
1341 369 1530 416 omnibus,

82 417 509 485 convenietvei‘borum
532 421 746 452 structurae
775 417 816 452 in
840 415 881 453 S.
905 416 1039 454 Matffl.
1063 417 1216 470 Evang.
1237 433 1269 455 c.
1292 421 1336 457 V.
1357 424 1433 462 45
1465 422 1528 463 ὅτι

80 470 155 512 τὸν
186 469 302 524 η’λιον
333 467 461 511 αἰτοῦ
493 467 724 520 ἀνατέ3λει,
764 472 941 521 idemque
961 475 1137 522 notabit,
1175 476 1277 526 quod
1295 476 1529 517 Heliodoins

81 531 162 566 illis
190 528 339 566 indicat
368 527 564 574 versibus,
603 539 698 576 quos
719 526 874 565 exhibet
896 528 1067 567 Galenus
1086 531 1129 569 L.
1151 530 1200 569 Il.
1223 533 1268 569 de
1290 532 1465 575 Antidot.
1490 550 1526 587 p.

81 585 202 632 445„
217 597 294 622 non
319 597 395 621 una
412 584 560 621 macula
581 584 804 632 adspersos:

196 638 258 680 Οὐ
285 638 347 691 μὰ
373 655 446 679 τον
478 637 520 678 ἐν
552 637 708 693 Τρικκῃ
736 637 871 692 πρηὺν
902 637 1028 690 θεὸν,
1056 637 1105 682 οὗ
1131 639 1193 694 μᾶ
1224 640 1298 684 τὸν
1324 640 1440 698 ὖψοῦ

188 693 348 736 Ἠέλιον
377 695 597 749 σπείροντα
631 694 752 742 Θεοις
779 696 1091 752 ᾳαεσᾲιβροτον
1121 697 1277 752 αἶγλητ.

81 751 150 791 Sic
171 755 277 804 Iege,
317 765 539 801 mecumque
567 752 723 791 adverte
746 752 817 789 hoc
839 757 962 792 sancti
983 757 1086 792 vatis
1108 756 1250 796 Psalm.
1270 755 1427 797 XCVII.
1453 762 1526 802 1]

80 784 232 861 ἶν’-13170
220 820 285 849 νἾτ
301 820 386 855 ἾἹΝ,
407 822 475 858 pro
494 821 567 857 quo
579 808 847 857 Alexandrini,
871 813 963 863 ᾳῶς
983 826 1033 850 αν
1027 810 1157 851 ε”τειλε
1177 814 1235 851 τῶ
1257 813 1415 868 δικαίῳ,
1446 820 1528 854 cul-

80 874 119 903 te
140 865 320 915 profecto.
351 865 638 913 Expresserunt
658 864 783 903 divini
803 874 936 914 poetae
960 879 1038 905 non
1059 868 1155 905 adeo
1173 870 1292 907 verba
1309 881 1418 918 quam
1438 887 1527 911 sen-

80 925 264 959 tentiam:
297 933 418 970 neque
436 923 538 958 enim
560 934 654 972 opus
675 928 747 969 est,
776 929 819 959 ut
837 924 977 974 legisse
999 937 1064 961 eos
1083 934 1150 963 ΠἿτ
1173 935 1240 964 *tm
1261 940 1345 963 cum
1367 930 1527 976 quibus-

81 979 169 1015 dam
187 979 429 1016 arbitremur.
479 977 549 1014 Sol
572 977 724 1029 σπείρει
754 975 830 1029 τὴν
863 977 1008 1031 αἷγλην
1039 983 1125 1018 sive
1142 977 1189 1020 τὸ
1213 985 1305 1034 φῶς
1335 997 1419 1021 cum
1443 988 1526 1024 ori-

78 1042 164 1072 tur:
204 1047 283 1070 non
303 1034 407 1071 aliud
429 1034 588 1082 proinde
617 1035 710 1088 φῶς
732 1031 782 1072 ἀν
787 1032 906 1074 ἕτειλε
928 1038 986 1074 τῶ
1008 1035 1152 1075 δικαία)
1183 1051 1227 1074 ac
1257 1041 1347 1091 ([ὤς
1374 1039 1527 1093 ἔσπαρ-

76 1089 201 1142 μέιιον
231 1089 315 1129 ἐστὶ
347 1092 405 1129 τῶ
437 1088 605 1144 ὸικαίιι),
634 1090 737 1140 quod
757 1089 932 1129 Hebraea
952 1092 1213 1131 indicant.1d
1232 1109 1325 1132 vero
1347 1097 1379 1132 si
1401 1098 1526 1136 lucem

78 1149 312 1184 seminatam
336 1160 418 1183 esse
437 1149 623 1196 verteris,
657 1152 700 1183 ut
719 1146 805 1184 fieri
825 1149 944 1194 solet,
972 1151 1179 1186 manifesta
1205 1154 1279 1218 erit
1297 1167 1347 1201 με
1333 1150 1526 1202 vosp'amg·

77 1202 133 1249 εἷς
153 1200 251 1242 α’λλο
271 1201 398 1255 γένος,
429 1202 514 1240 Hoc
535 1209 686 1253 praeter
696 1203 811 1240 viam.
837 1202 971 1241 Malim
990 1218 1060 1255 ego
1081 1202 1138 1244 ἔτι
1161 1227 1210 1234 —-—
1232 1204 1455 1247 ‹Jer'fflavdſtrn
1450 1224 1524 1259 τα,

75 1257 152 1306 τὰς
182 1257 349 1306 ἀκτῖνας
372 1255 446 1298 οὐκ
466 1257 508 1297 ἓν
532 1281 580 1286 --
602 1257 902 1312 τετραμμένον
934 1261 1174 1312 distinguere
1197 1276 1281 1300 eum
1300 1263 1525 1313 interprete.

76 1314 253 1353 Ceterum
273 1316 507 1364 Pomponius
529 1315 629 1353 Mela
645 1314 747 1352 hunc
759 1315 923 1353 Diodori
942 1318 1070 1355 locum
1093 1321 1229 1355 aemul
1223 1327 1307 1357 itur
1325 1319 1367 1356 L.
1391 1321 1434 1357 II.
1453 1325 1522 1363 18.

77 1372 171 1423 Ipse
205 1385 314 1409 mons
343 1369 470 1426 (Ida)
500 1379 634 1409 vetere
662 1374 840 1410 divorum
872 1376 1092 1412 certamine
1121 1381 1164 1411 et
1186 1377 1332 1413 iudicio
1360 1376 1526 1416 Paridis

74 1435 327 1475 memoratus,
357 1431 547 1466 orientem
567 1429 686 1466 solem
718 1429 843 1466 aliter
871 1442 988 1480 qaam
1004 1433 1050 1478 ¹in
1074 1431 1168 1476 aliis
1188 1434 1311 1469 terris
1330 1434 1431 1470 solet
1450 1435 1524 1472 ad·-

74 1487 198 1537 spici,
228 1492 412 1522 ostentat.
458 1484 638 1535 Namque
673 1498 725 1522 ex
755 1497 902 1522 samma
930 1488 1083 1524 vertice
1114 1489 1200 1524 eius
1227 1490 1524 1538 speculantibus

68 1555 200 1594 paene
220 1555 245 1578 a
266 1543 396 1579 media
415 1548 530 1578 nocte
550 1542 696 1593 spargi
722 1543 833 1591 ignes
854 1544 1083 1594 passimque
1111 1545 1275 1591 micare,
1307 1552 1358 1593 et,
1389 1553 1435 1582 ut
1451 1548 1521 1584 lux

73 1600 380 1650 appropinquat,
402 1599 462 1635 ita
484 1600 592 1635 coire
615 1611 666 1635 ac
685 1610 726 1635 se
754 1600 993 1649 coniungere
1013 1601 1212 1647 videntur,
1243 1602 1366 1638 donec
1392 1605 1523 1652 magis

71 1657 275 1704 magisque
293 1656 471 1701 collecti,
490 1656 710 1705 pauciores
727 1654 889 1692 subinde
918 1663 958 1692 et
975 1669 1055 1692 una
1076 1657 1133 1693 ad
1139 1663 1384 1707 postremum
1396 1661 1522 1709 flam-

71 1725 135 1748 ma
157 1712 332 1748 ardeant
350 1718 420 1748 etc.
445 1710 519 1747 Est
529 1717 655 1747 tamen
668 1709 808 1747 Melam
827 1713 929 1747 inter
949 1719 987 1748 et
1000 1711 1214 1749 Diodorum
1234 1714 1419 1761 quaedam
1440 1715 1520 1752 ‹lis-

71 1767 225 1814 cordia,
252 1778 364 1814 quam
387 1765 437 1802 Is.
458 1766 634 1812 Vossius,
666 1772 789 1802 totum
814 1765 886 1803 hoe
907 1766 994 1804 Idae
1016 1769 1158 1804 montis
1178 1768 1405 1807 miraculum
1425 1771 1521 1807 dcx-

71 1831 131 1860 tre
161 1835 379 1872 exponens,
418 1823 600 1858 intactam
635 1835 712 1858 non
746 1824 955 1870 praeteriit.
992 1822 1131 1860 Solino
1160 1823 1350 1874 Polyhist.
1382 1840 1414 1864 c.
1451 1828 1518 1868 ll.

71 1879 314 1917 Cretensium
334 1878 422 1914 ldae
441 1879 534 1915 illud
554 1879 780 1915 attribuenti
795 1891 864 1916 usu
887 1881 997 1917 venit
1017 1879 1118 1929 quod
1137 1882 1267 1919 multis
1286 1882 1387 1930 aliis,
1417 1882 1520 1921 hunc

69 1943 240 1976 montem
259 1948 346 1971 cum
365 1932 538 1972 Cretensi
559 1935 889 1983 permiscentibus.
918 1935 1052 1973 IVEsS.

187 1993 289 2032 165.
321 1993 394 2032 62.
430 1987 672 2030 Ἀποπεσων
703 1989 748 2029 δέ
776 1991 852 2042 τῆς
879 1990 1101 2044 ἐπιβολῆς]
1145 1990 1212 2029 Sic
1242 1991 1284 2031 L.
1306 1991 1417 2033 XIII.
1443 1995 1516 2035 84.

65 2046 136 2086 ι’να
163 2063 221 2098 μη
255 2048 339 2086 τῶν
368 2044 696 2099 ἀναγκαιοτέρων
724 2043 1032 2099 ἀποπίπτωμεν.
1062 2048 1241 2088 Glossam
1260 2062 1352 2102 ergo
1371 2051 1520 2089 scribae

69 2103 242 2142 obtrudit
262 2103 373 2140 nobis
396 2102 428 2139 V
431 2110 577 2141 enetus.
608 2103 746 2142 VVESS.

185 2160 287 2200 165.
311 2160 383 2199 65.
413 2155 620 2211 Γρύνιον]
661 2159 805 2209 Oppidi
830 2171 947 2210 prope
967 2158 1164 2211 Myrinam
1184 2163 1361 2199 meminit
1379 2160 1518 2199 Strabo

69 2216 111 2254 L.
130 2215 243 2255 XIII.
265 2229 299 2264 p.
323 2216 429 2255 923.
452 2215 510 2262 B..,
530 2218 638 2253 cuius
657 2216 755 2253 male
775 2217 893 2254 verba
913 2225 1186 2267 excerpentem
1199 2217 1435 2267 Stephanum
1457 2232 1519 2256 rc—

68 2272 223 2323 darguit
240 2271 479 2309 Holstenius.
507 2271 566 2308 De
579 2272 717 2309 Pitana
736 2271 908 2309 Aeolidis
927 2273 1028 2310 idem
1048 2274 1190 2312 Strabo
1211 2280 1250 2310 et
1269 2274 1400 2312 Schol.
1423 2275 1516 2313 Pin-

69 2328 153 2366 dari
171 2331 213 2365 in
235 2327 308 2364 Od.
329 2328 395 2367 VI.
418 2329 495 2369 46.
516 2328 740 2379 Olympion.
766 2328 901 2366 Ivi-:ss

36 2382 42 2389 ’
185 2385 287 2424 165.
321 2387 393 2425 68-
436 2381 564 2424 Μετὰ
596 2384 642 2424 δὲ
671 2385 807 2424 ταῦτα
837 2381 1011 2432 Κάλλας
1034 2385 1133 2435 etc.]
1162 2384 1296 2423 Curtio
1322 2385 1363 2423 L.
1384 2384 1450 2422 111.
1476 2388 1514 2427 1.

70 2440 144 2480 24.
166 2446 204 2476 et
222 2439 387 2477 Arriano
407 2439 450 2477 L.
471 2440 499 2477 Ι.
526 2441 595 2481 15.
617 2448 655 2478 et
678 2440 720 2478 L.
741 2440 789 2478 II.
812 2442 854 2481 4.
882 2438 1028 2487 Κάλας
1061 2437 1081 2482 ὃ
1107 2438 1329 2496 Ἁρπάλου.
1372 2441 1519 2479 Auctor

68 2498 231 2534 alterum
259 2498 418 2535 mavult.
464 2496 551 2533 vid.
573 2497 676 2535 infra
695 2512 727 2534 c.
755 2500 827 2538 17.
860 2495 921 2536 Τὸ
943 2493 1136 2545 wiotum),
1169 2499 1271 2547 quod
1300 2501 1428 2536 statim
1452 2512 1515 2535 sc-

67 2555 210 2602 quitur,
231 2555 372 2590 rectius
387 2547 579 2592 Ῥοίτειον
599 2552 868 2603 adpellabitur,
894 2561 937 2591 ut
955 2554 1056 2603 apud
1077 2554 1259 2594 Strabon.
1282 2562 1394 2603 atque
1408 2556 1515 2591 alios.

66 2608 205 2647 wess.

184 2667 287 2705 166
321 2665 393 2705 80.
425 2659 660 2717 ςΥπηκόους
687 2661 849 2711 πάντας
874 2686 923 2693 -—
954 2662 1204 2717 ἐποιήσατο]
1251 2664 1336 2703 vid.
1362 2664 1514 2702 Arrian.

69 2721 111 2758 L.
134 2719 162 2757 I.
190 2720 289 2771 Exp.
320 2720 431 2760 Alex.
466 2735 499 2758 c.
520 2722 563 2761 4.
592 2728 666 2758 etc.
697 2720 780 2759 Hoc
814 2728 985 2770 tempore
1011 2719 1295 2787 Δημοσθένης
1325 2736 1391 2759 και
1422 2720 1518 2758 Av-

68 2791 140 2815 701
145 2791 241 2828 ργος
267 2779 326 2815 τῶ
355 2775 430 2828 μὲν
459 2773 568 2843 λόγῳ
593 2791 913 2846 παραταττομεπ
916 2793 953 2817 οι
980 2792 1079 2824 τους
1099 2772 1302 2819 Mauso&
1295 2791 1354 2822 ἀς
1376 2775 1517 2814 ἐνίκων

68 2831 109 2871 ἓν
140 2819 411 2887 Τριβαλλοις,
439 2828 570 2885 μόνον
596 2830 640 2873 δ’
670 2830 746 2885 οὐχ
777 2828 931 2887 ὁρατὸν
961 2831 1025 2873 ἐπὶ
1051 2830 1345 2929 τοῦιβὲἷῑμέατος
1374 2828 1518 2878 νεκρὸν
