1859 3326
322 211 422 261 108.
783 202 1309 258 ANNOTATLONES

319 323 388 377 qui
406 319 456 361 od
473 318 663 373 regendas
680 319 902 370 provincias
922 317 1186 369 mittebantur,
1213 316 1359 358 Romae
1375 317 1556 368 retinere,
1580 318 1626 359 L.
1644 317 1712 359 111.
1729 321 1774 360 2.

320 381 408 431 Ipse
436 377 706 422 Nicostratus,
743 386 846 414 novo
874 381 979 414 fater
1005 374 1174 413 Graecos
1197 377 1396 426 exemplo,
1437 388 1514 425 quo
1542 375 1658 414 fidem
1689 377 1776 427 regi

321 437 604 486 obstringeret,
630 432 753 469 filium
772 433 833 470 illi
853 442 877 481 p
903 433 1082 470 rmiserat
1102 430 1203 481 apud
1221 431 1361 469 Athen.
1379 431 1424 472 L.
1444 431 1510 470 VI.
1537 442 1576 483 p.
1598 433 1708 474 252.
1727 431 1773 474 B.

315 493 455 533 WEss.

437 546 543 588 119.
571 544 646 585 90.
679 541 867 590 Κλείνιος
897 538 918 583 ὁ
941 541 1094 593 Κῶος]
1137 541 1208 581 Sic
1228 549 1451 582 constanter
1478 551 1629 583 veteres
1655 557 1776 583 mem-

321 605 488 651 hranae3
515 614 639 650 neque
659 613 731 649 ego
751 600 913 647 damno,
941 599 1014 637 etsi
1033 600 1163 636 tritius
1182 600 1303 636 multo
1325 598 1529 648 Κλεινίας.
1559 600 1696 639 WVESS.

439 659 543 702 119.
581 659 619 697 1.
650 651 744 695 Ἐπ’
768 653 900 707 αὐτὴν
918 652 1027 707 ἥξειν
1049 651 1126 708 τὴν
1145 653 1350 708 Μέμφιν]
1380 655 1478 694 Erat
1494 670 1540 694 ea
1566 654 1777 710 ἐπικαιρο-

318 711 425 769 τάτη
453 709 571 759 πόλις
597 713 681 751 τῶν
711 709 800 751 κατ’
822 710 1066 764 Αἴγυπτον,
1092 714 1208 761 inque
1236 714 1319 748 eius
1346 715 1640 752 conservatione
1662 713 1778 765 regni

320 775 428 812 salus
446 769 682 810 vertebatur.
708 768 796 806 Vid.
819 781 933 818 supra
949 766 993 804 L.
1014 767 1103 807 XV.
1119 768 1197 807 43.
1227 766 1365 807 WEss.

440 828 546 869 120.
567 826 642 866 27.
669 822 762 864 Καί
776 838 891 870 τινας
910 820 1181 875 καταλαβὼν]
1205 821 1343 861 Scribo
1363 818 1627 874 καταβαλών.
1640 822 1779 863 Ruon.

318 882 413 927 Καί
429 896 545 928 τινας
567 876 846 931 καταβαλὼν]
875 879 1029 929 Optime
1048 883 1112 919 vir
1139 879 1299 929 doctus,
1333 882 1399 928 qui
1420 883 1454 918 si
1471 880 1589 918 Basil.
1613 876 1775 920 ἔκδοσιν

317 942 511 991 inspicere
532 938 713 988 dignatus
740 937 900 983 fuisset,
941 949 1018 974 non
1049 949 1132 974 eam
1152 938 1436 987 coniecturam,
1470 937 1539 974 sed
1570 939 1778 975 veritatem

318 999 443 1049 ipsam
463 997 687 1032 censuisset.
718 990 830 1031 Conf.
849 992 899 1030 ad
916 991 959 1030 L.
978 992 1069 1030 XV.
1095 993 1167 1034 85.
1193 991 1330 1030 WESS.

436 1052 541 1093 120.
560 1050 633 1089 34.
650 1044 914 1102 ζΕ’γούμενος,
936 1048 1018 1100 καὶ]
1039 1048 1114 1086 Hie
1131 1061 1292 1099 sequens
1312 1045 1777 1097 uairepudiatorAEuon.

432 1108 536 1148 Ibid.
569 1100 849 1159 Βούβαστον]
878 1104 1076 1143 Herodoto
1098 1100 1350 1155 Βούβαστις.
1391 1102 1505 1143 Conf.
1526 1103 1707 1143 Holsten.
1726 1102 1778 1142 ad

318 1164 453 1216 Steph.
486 1166 530 1202 in
564 1156 814 1210 Βούβαστος
853 1168 890 1198 et
921 1160 1058 1198 Cellar.
1097 1159 1240 1212 Geogr.
1269 1159 1356 1197 Vet.
1384 1159 1430 1197 L.
1448 1159 1522 1205 IV.
1555 1161 1596 1200 1.
1632 1172 1670 1208 p.
1698 1160 1773 1199 33.

317 1223 506 1272 Adposita
536 1224 619 1256 erat
646 1216 852 1255 Bubastico
884 1217 1058 1265 flumini,
1086 1217 1189 1267 quod
1217 1215 1334 1254 Delta
1361 1216 1410 1254 ab
1439 1221 1529 1254 ortu
1556 1227 1704 1266 quaque
1731 1217 1776 1254 in

317 1277 500 1320 Arabiam
518 1275 670 1324 vergit,
696 1275 852 1312 claudit.
877 1273 1015 1311 Wssss.

435 1333 539 1374 120.
572 1331 644 1371 52.
672 1326 804 1377 Ἰδιάς
822 1327 997 1382 ἀγαθῶν
1017 1326 1182 1375 ἐλπίδος
1202 1323 1490 1380 ἠλαττοῦντο]
1515 1326 1592 1365 Pro
1611 1324 1778 1374 ἐλπίδος

315 1389 523 1439 legendum
533 1393 626 1436 puto
645 1382 826 1434 ἐλπίδας,
845 1393 884 1423 et
896 1381 1148 1438 ἦλλάττοντο
1162 1397 1230 1433 pro
1241 1381 1510 1436 ἠλαττοῦντο.
1539 1383 1639 1421 Nam
1659 1396 1776 1433 quum

317 1446 450 1482 nullus
470 1456 605 1481 sensus
627 1454 676 1479 ex
704 1441 765 1480 his
792 1445 881 1480 elici
900 1444 1024 1493 possit
1043 1442 1173 1480 verbis
1194 1443 1270 1492 τῆς
1290 1436 1462 1493 χάριτος
1484 1436 1640 1492 ταύτης
1666 1439 1776 1486 ῗὸιάς

317 1499 494 1553 ἀγαθῶν
515 1497 680 1544 ἐλπίδος
698 1496 975 1550 ἧλαττοῦντοε
1004 1504 1139 1536 contra
1160 1503 1199 1533 et
1217 1502 1328 1546 aptus
1343 1503 1382 1532 et
1403 1498 1625 1546 perspicuus
1645 1497 1775 1534 elicie-

316 1566 383 1598 tur
411 1570 461 1595 ex
488 1558 573 1594 istis
596 1556 671 1607 τῆς
694 1550 866 1607 χάριτος
891 1549 1046 1606 ταύτης
1073 1551 1182 1599 ἰδίας
1218 1550 1393 1604 ἀγαθῶν
1424 1551 1593 1598 ἐλπίδας
1618 1547 1776 1604 ἠλλατ-

314 1629 450 1656 τοντο.
473 1611 629 1649 STEPH.
654 1608 787 1658 Ἰδιάς
806 1609 868 1664 ἀγ.
891 1609 1059 1656 ἐλπίδας
1077 1604 1354 1662 ἠλλάττοντο]
1384 1607 1649 1658 Adstipulatur
1669 1606 1776 1645 Rho-

318 1670 547 1715 domannus,
567 1674 606 1704 et
622 1669 772 1704 merito.
800 1667 907 1704 Ordo
926 1667 1131 1705 verborum
1151 1665 1365 1716 geniusque
1386 1665 1542 1714 linguae
1561 1665 1775 1701 correctio-

315 1739 406 1767 nem
425 1726 602 1770 firmant,
633 1734 746 1771 quam
768 1723 943 1771 quidem,
972 1725 1045 1759 etsi
1075 1734 1186 1770 opem
1214 1720 1376 1757 schedae
1403 1726 1556 1758 veteres
1580 1721 1774 1770 negarint,

316 1796 433 1822 ausus
453 1795 536 1818 sum
557 1793 664 1816 suam
687 1781 728 1816 in
748 1780 876 1816 sedem
895 1791 1091 1816 revocare.
1116 1778 1211 1821 Quis
1232 1778 1334 1813 enim
1354 1781 1538 1824 perpetuo
1556 1776 1670 1826 ferat,
1699 1775 1774 1813 hoo

316 1852 462 1894 genus,
490 1837 702 1874 scribarum
729 1835 971 1886 negligentia
989 1840 1148 1879 natum,
1176 1829 1404 1883 propagari?
1434 1832 1574 1870 Wssss.

434 1895 538 1935 120.
567 1894 640 1933 60.
672 1890 758 1931 Καὶ
784 1887 920 1944 φόβον
944 1884 1317 1940 ἔπικρεμάσαντες]
1352 1886 1478 1936 Supra
1497 1887 1541 1925 L.
1559 1886 1670 1924 XIII.
1694 1887 1773 1928 91.

316 1950 385 1992 καὶ
405 1945 595 2002 μεγάλων
616 1943 763 2000 φόβων
787 1943 1132 2000 ἐπικρεμαμένων.
1172 1945 1429 1993 perfrequens
1460 1950 1519 1980 est
1539 1942 1585 1980 de
1604 1944 1774 1993 periculo

314 2011 358 2047 in
376 2005 476 2056 quod
498 2005 734 2042 adducimur.
775 2003 887 2041 Philo
912 2002 996 2039 Iud.
1023 2001 1070 2038 de
1087 2000 1277 2052 Agricult.
1306 2013 1341 2050 p.
1363 2001 1472 2039 209.
1491 1998 1535 2035 Β.
1562 1996 1774 2050 ἀνδραπο-

305 2064 466 2115 δισμοῦ
490 2059 557 2100 καὶ
580 2055 828 2112 πορθήσεως
847 2054 950 2104 ἴὸίός
971 2072 1014 2097 τε
1045 2056 1112 2096 καὶ
1135 2053 1272 2102 κοινὸς
1291 2053 1554 2108 ἐπικρέμαται
1571 2053 1772 2101 κίνδυνος.

314 2120 368 2158 Et
388 2119 478 2169 Leg.
497 2117 545 2154 ad
565 2115 644 2153 Cai.
674 2128 709 2165 p.
733 2116 869 2156 1023.
892 2114 936 2151 Ε.
970 2110 1235 2166 ἐπικρέμαται
1263 2107 1313 2164 δή
1335 2126 1407 2162 μοι
1428 2109 1616 2157 κίνδυνος
1636 2105 1656 2149 ὅ
1680 2109 1774 2163 περὶ

314 2177 470 2227 ψυχῆς.
499 2171 742 2221 Hipparchus
763 2170 862 2220 apud
884 2171 936 2208 Io.
962 2169 1072 2209 Stob.
1095 2167 1173 2206 Tit.
1192 2167 1288 2206 CVI.
1320 2179 1358 2216 p.
1383 2167 1487 2206 573.
1516 2165 1586 2205 καὶ
1605 2161 1772 2206 πάντων

311 2224 619 2284 χαλεπωτάτων
647 2224 788 2273 αὐτοῖς
816 2223 1160 2279 ἕπικρεμαμένων.
1197 2223 1332 2273 Neque
1359 2223 1566 2272 inprobant
1584 2220 1774 2260 Christia-

315 2300 455 2326 norum
485 2285 691 2333 scriptores
727 2284 951 2320 cultissimi:
987 2281 1155 2318 Basilius
1184 2279 1238 2318 Μ.
1277 2280 1365 2319 adv.
1400 2278 1635 2316 Eunomium
1663 2276 1707 2314 L.
1740 2277 1772 2315 I.

314 2356 352 2394 p.
369 2344 474 2383 210.
491 2340 535 2377 A.
564 2343 650 2386 τοῖς
670 2338 714 2377 δὲ
733 2337 823 2389 περὶ
846 2339 919 2377 τοῦ
940 2336 1010 2391 ζῇν
1032 2336 1326 2390 ἔπικρεμῶντες
1344 2333 1544 2374 κίνδυνον.
1575 2333 1628 2371 Io.
1648 2332 1777 2384 Chry-

314 2406 508 2438 sostomus
536 2395 680 2433 Homil.
709 2394 757 2431 ad
779 2392 1008 2431 Antiochen.
1028 2393 1075 2432 11.
1106 2404 1143 2441 p.
1163 2392 1238 2432 24.
1261 2392 1308 2429 E.
1337 2390 1387 2430 T.
1415 2390 1463 2427 11.
1495 2388 1564 2429 καὶ
1586 2386 1659 2429 τὸν
1679 2387 1773 2442 περὶ

313 2458 400 2496 τῶν
420 2448 604 2504 ἐσχάτων
625 2449 988 2502 ἒπικρεμασθῆναι
1011 2450 1112 2488 πᾶσι
1143 2447 1347 2487 κίνδυνον.
1383 2445 1506 2484 Aliter
1523 2447 1676 2496 paullo„
1702 2445 1771 2482 sed

313 2512 418 2550 idem
437 2512 615 2553 innuens,
643 2506 870 2543 Philostrat.
892 2504 1047 2542 Heroic.
1063 2503 1178 2541 XIX.
1208 2504 1277 2543 15.
1303 2501 1417 2542 λίθοι
1439 2495 1511 2541 οὖν
1530 2498 1770 2555 ἐπικρέμαν·

315 2566 389 2607 ταί
406 2578 560 2620 σφισιν.
586 2562 654 2600 ubi
683 2562 949 2600 doctissimum
971 2560 1170 2597 Olearium
1196 2559 1364 2606 vidisse,
1390 2571 1526 2608 operae
1544 2558 1664 2596 fuerit
1681 2570 1772 2607 pre-

311 2626 419 2662 tium.
451 2620 587 2658 wass.

430 2679 534 2718 121.
567 2675 639 2715 81.
672 2668 760 2724 Τὴν
779 2668 856 2723 μὲν
880 2667 1127 2725 ἀναγραφὴν
1146 2672 1221 2710 τοῦ
1242 2665 1554 2724 προτερήματος
1571 2664 1662 2719 etc.]
1691 2665 1769 2705 Pro

314 2729 561 2786 ἀναγραφὴν
579 2741 724 2779 repono
744 2724 985 2781 ἐπιγραφὴν,
1008 2733 1052 2764 ut
1072 2740 1107 2776 p.
1132 2727 1235 2766 555.
1267 2726 1333 2765 καὶ
1353 2728 1427 2776 τῆς
1449 2723 1561 2775 νίκης
1581 2719 1658 2774 τὴν
1680 2720 1768 2761 ἐπι-

311 2787 478 2843 γραφὴν
508 2783 601 2827 οὐδ’
634 2781 748 2838 αὐτῷ
775 2787 1037 2834 παραχωρεῖν
1066 2783 1125 2837 τῷ
1152 2777 1434 2835 Ἀλεξάνδρῳ.
1476 2780 1571 2816 Item
1601 2791 1638 2827 p.
1663 2779 1769 2818 559.

313 2839 618 2897 ἐπιτευγμάτων
650 2834 891 2893 ἐπιγραφήν.
929 2836 1008 2876 Sed
1036 2843 1075 2875 et
1093 2844 1205 2876 antea
1234 2850 1272 2886 p.
1294 2837 1401 2878 305.
1431 2832 1507 2887 τὴν
1535 2831 1766 2888 ἐπιγραφὴ
