1859 3326
299 156 361 199 48
769 143 1295 194 ANNOTATmNEs

421 270 493 312 51
524 272 597 311 17.
612 264 832 323 Ἀνάγκης
851 268 920 309 καὶ
939 265 1095 322 τύχης]
1120 266 1385 323 Ἀναγκαίας
1403 265 1531 323 τύχης
1549 267 1761 320 Sophocles

299 328 411 367 Aiac.
431 342 469 366 v.
485 328 588 369 815.
607 325 719 364 Conf.
739 326 970 365 Dounaeum
988 327 1176 365 Praelect.
1193 326 1495 393 inDen'iosthen.
1518 327 1588 366 Or.
1608 328 1655 365 de
1668 327 1760 366 Pac.

301 400 340 437 p.
368 387 472 427 162.
503 384 642 422 WEss.

294 467 296 469 -
426 443 498 482 52.
523 443 597 481 20.
631 437 869 493 Ἀθηναίων
890 439 1024 493 δῆμος
1052 447 1128 480 etc.
1159 436 1209 480 οὗ
1230 435 1568 494 κατεπλάγησαν]
1597 436 1686 479 Vid.
1708 438 1759 479 ad

302 499 347 538 L.
370 499 416 537 V.
438 499 480 538 4.
513 498 650 535 WEss.

425 557 497 595 52.
515 555 608 594 25.
670 549 758 593 Τὸν
784 546 1024 607 Ἰφικράτην
1056 550 1318 605 ἐξέπεμψαν]
1364 551 1424 590 De
1463 533 1760 597 Atheniensium

304 619 454 665 promto
486 612 614 649 studio
642 613 685 648 in
704 609 904 660 Spartanis
934 610 1165 648 adiuvandis
1202 617 1239 647 et
1270 609 1473 659 Iphicratis
1501 609 1575 648 hoe
1596 612 1760 660 imperio

293 670 518 721 «prudenter
538 667 759 716 Xenophon
780 674 879 704 extr.
902 667 945 704 L.
967 667 1027 704 vl.
1047 666 1201 704 Hellen.
1230 667 1367 704 WEss.
1498 702 1500 704 .

424 727 496 766 52.
536 725 609 764 34.
662 720 751 774 Τὴν
790 726 874 764 τῶν
909 722 1073 762 Λακεὸ.
1109 719 1256 774 χώραν
1296 723 1392 762 &voe
1380 721 1566 774 ι’σβολον
1596 716 1762 774 ουσαν]

304 784 453 834 Aspera
477 788 560 819 erat
580 788 618 818 et
638 781 833 817 montibus
861 781 1046 817 incincta.
1084 779 1290 830 Euripides
1317 782 1359 817 in
1379 779 1509 817 Strab.
1531 779 1574 816 Ι.
1597 779 1699 817 VIII.
1723 792 1760 848 p.

293 842 413 881 -563,
437 841 481 877 A.
520 837 607 877 κοιλ
598 853 635 889 ΑΙ·
665 834 758 889 Ιάρ,
786 834 898 887 ὄρεσι
919 837 1181 889 περίδρομος,
1213 832 1382 888 τραχεῖά
1404 851 1462 884 τε,
1491 832 1764 887 δυσείσβολός

295 912 349 937 τε
379 895 602 945 πολᾞέμιοις
653 892 720 930 Sic
749 896 852 930 enim
879 900 983 931 recte
1020 895 1192 931 correxit
1223 896 1285 931 vir
1314 906 1486 944 magnus.
1538 892 1763 943 Xenophon

294 953 458 992 Hellen.
481 951 547 988 Vl.
567 964 604 1000 p.
628 951 735 990 474.
760 949 937 988 Thebani
961 948 1289 1002 ἀντελογίζοντο,
1323 946 1386 990 ὅτι
1408 945 1760 1003 δυσεμβολωτάτη

300 1009 378 1063 μὲν
400 1026 423 1061 17
446 1005 678 1059 Λακωνικὴ
701 1005 788 1060 ἐλέΙ
791 1022 855 1046 ετο
879 1003 993 1047 εἷ”.ιαι
1032 1007 1169 1044 Wssss.

421 1067 494 1106 52.
525 1066 600 1104 41
636 1061 724 1103 Ἐπὶ
756 1079 832 1114 τνΙν
863 1061 1126 1116 Σελλασίαν]
1159 1059 1254 1102 Ελλ
1259 1060 1553 1103 aolaveterum
1573 1063 1764 1102 librorum

305 1125 566 1173 suspicionem
591 1128 744 1167 movet,
771 1121 912 1158 dictam
931 1123 1022 1159 olim
1042 1121 1176 1158 urbem
1195 1129 1361 1169 utroque
1382 1120 1519 1168 modo,
1544 1124 1602 1158 uti
1616 1116 1764 1160 ζΕλλοὶ

295 1189 344 1219 vet
367 1178 524 1219 Σελλοί.
558 1178 662 1215 Idem
686 1180 857 1228 opineris
885 1178 932 1215 ob
951 1175 1049 1224 τοὺς
1071 1175 1158 1216 κατ’
1182 1174 1343 1224 ”Ελλας
1363 1173 1539 1224 τόπους,
1580 1188 1649 1226 pro
1670 1174 1759 1228 κατ’

299 1233 547 1283 ιΕλλασιάν,
577 1238 673 1282 sive,
701 1242 745 1272 ut
764 1234 814 1271 H.
837 1235 1035 1282 Valesius,
1067 1233 1299 1274 Σελλασίαν
1328 1236 1372 1271 in
1395 1234 1578 1284 Excerpt.
1604 1233 1765 1285 Polybii

306 1308 343 1345 p-
374 1295 527 1340 1410..
546 1293 612 1329 ubi
631 1294 731 1328 situs
752 1293 835 1329 eius
856 1293 1010 1343 egregie
1030 1293 1267 1342 expingitur.
1304 1290 1502 1341 Hesychio
1521 1291 1663 1329 dicitur
1685 1291 1763 1330 Σε-

306 1351 456 1398 Mola,
485 1357 522 1386 et
553 1349 714 1386 subinde
743 1348 843 1398 apud
876 1348 1123 1395 Pausaniam,
1152 1348 1219 1385 sed
1240 1351 1416 1386 variante
1435 1350 1636 1396 scriptura.
1676 1348 1762 1399 Ego

306 1406 538 1447 Σελλασίαν
568 1408 669 1443 malo
701 1406 748 1443 ob
779 1403 982 1453 Σελλοὺς,
1011 1407 1301 1455 antiquissimos
1330 1405 1516 1442 Graeciae
1545 1405 1705 1453 incolas,
1737 1417 1763 1442 a.

306 1466 443 1515 quibus
475 1476 615 1501 nomen
648 1462 788 1500 habere
819 1463 987 1501 videtur.
1024 1463 1112 1500 Vid.
1133 1462 1319 1514 Sylburg.
1340 1462 1389 1500 ad
1407 1460 1451 1499 L.
1471 1461 1519 1498 ΙΙ.
1543 1462 1586 1502 9.
1616 1461 1764 1499 Pausa-

305 1526 405 1561 niae.
433 1521 569 1559 WEss.

421 1580 492 1618 52.
525 1579 597 1616 50.
630 1575 702 1623 Εἷς
727 1573 804 1628 τὴν
824 1573 1006 1628 Σκιρίτιν
1027 1577 1201 1627 καλουμ.
1218 1571 1384 1627 χώραν]
1417 1574 1484 1612 Sic
1507 1586 1657 1624 quoque
1678 1572 1765 1612 Xe·-

304 1635 473 1686 nophon.
512 1634 597 1672 Vid.
618 1633 864 1670 Holstenium
881 1634 930 1670 ad
953 1631 1136 1681 Stephan.
1157 1636 1199 1670 in
1221 1632 1383 1685 Σκίρος.
1423 1632 1574 1669 Nomen
1595 1634 1763 1683 regioni,

306 1701 462 1743 propter
492 1691 697 1728 Arcadiam
728 1692 896 1738 positae,
934 1693 1089 1728 venisse
1118 1690 1273 1728 videtur
1300 1690 1346 1726 ab
1376 1691 1553 1738 aspretis.
1589 1687 1763 1741 Σκεῖρον

307 1753 411 1787 enim
430 1756 468 1786 ct
488 1763 630 1798 σκιρον
646 1750 771 1785 veteli
791 1760 966 1784 sermone
986 1744 1033 1786 τὸ
1058 1744 1239 1801 σκληρὸν
1262 1747 1465 1794 dicebant,
1492 1752 1537 1783 ut
1555 1752 1691 1782 notum
1711 1757 1764 1784 ex

303 1807 412 1857 Hesy
403 1805 513 1842 chio.
560 1804 694 1841 WEss.

421 1865 492 1902 52-
527 1862 598 1901 52.
637 1851 772 1906 Ουτος
793 1858 837 1899 ὁὲ
856 1861 939 1899 τῶν
959 1867 1030 1897 etc.
1043 1857 1063 1913 ]
1100 1859 1180 1898 Ριο
1203 1857 1247 1899 ὁὲ
1270 1861 1475 1910 legendum
1497 1865 1557 1897 est
1575 1854 1657 1906 διὰ,
1687 1863 1764 1896 aut

305 1934 373 1958 cer
379 1928 415 1957 te
433 1915 537 1970 μετὰ
559 1925 659 1970 post
680 1917 724 1956 de*
747 1918 967 1955 addendam
986 1924 1055 1954 est
1095 1917 1178 1956 Sed
1194 1918 1351 1955 mallem
1372 1930 1423 1955 ex
1443 1914 1487 1955 df*
1499 1915 1655 1963 facere
1678 1910 1761 1954 διά.

306 1977 373 2014 Sic
394 1976 442 2013 H.
464 1975 696 2023 Stephanus.
727 1973 845 2011 Forte
872 1977 955 2011 sine
986 1987 1133 2012 caussa.
1173 1974 1285 2019 Quod
1314 1976 1348 2011 si
1375 1970 1433 2013 ὢν
1452 1974 1650 2024 intcffigas
1674 1985 1762 2011 cum.

306 2034 532 2081 Interprete‚
563 2032 655 2080 quid
678 2033 842 2079 amplius
863 2029 1169 2068 desiderabitur?
1199 2031 1338 2068 VVESS.

423 2091 493 2129 52.
525 2090 598 2129 60.
623 2086 835 2140 Ἀνδρείαν
852 2089 926 2127 τοῦ
948 2090 1046 2138 (farr-
1066 2087 1288 2127 Λεωνίδου
1312 2107 1360 2114 --
1382 2081 1630 2137 ἐμιμήσατο]
1660 2083 1760 2124 Eam.

305 2147 395 2185 vide
415 2146 457 2183 L.
478 2145 551 2182 XI.
577 2147 646 2185 11.
688 2143 747 2180 De
768 2143 941 2182 Ischolao
970 2151 1100 2181 tamen
1128 2144 1284 2182 diversa
1305 2144 1518 2181 arbitratur
1536 2141 1762 2191 Xenophon.

305 2203 458 2241 Hellen.
480 2202 522 2238 L
544 2202 608 2239 VI.
627 2216 662 2252 p
683 2202 790 2241 475.
830 2200 992 2238 Videtur
1013 2214 1092 2238 non
1110 2203 1210 2238 alius
1231 2214 1313 2237 esse
1332 2207 1445 2249 atque
1465 2203 1524 2249 is,
1566 2202 1676 2237 cuius
1695 2211 1761 2236 ar-

307 2270 363 2298 tes
383 2261 549 2309 bellique
566 2258 722 2295 fraudes
747 2259 879 2308 tetigit
893 2258 1078 2308 Polyaen.
1098 2258 1140 2295 L.
1164 2257 1211 2295 ΙΙ.
1234 2259 1309 2297 22.
1336 2256 1477 2294 WESS.

422 2317 493 2356 53-
525 2317 598 2355 72.
631 2311 898 2354 Πεντακόσια
929 2312 998 2366 ἔτη
1022 2329 1097 2365 την
1119 2310 1376 2366 Autumnum)
1407 2326 1544 2364 τετηρ.
1566 2307 1762 2366 ἀπόρθη-

305 2371 408 2425 τον]
449 2372 709 2409 Consentiunt
738 2384 892 2417 omnes,
925 2375 959 2409 si
987 2371 1177 2408 lustinum
1202 2373 1394 2418 excipias,
1435 2381 1548 2418 quem
1566 2375 1761 2408 errantem.

308 2431 518 2481 castigavit
538 2427 747 2465 Clarissim.
769 2428 842 2464 Iac.
865 2428 1093 2464 Perizonius
1112 2428 1160 2464 ad
1181 2428 1332 2464 Aelian.
1360 2426 1452 2465 Var.
1474 2425 1524 2462 Η.
1544 2426 1627 2463 Lib.
1647 2425 1760 2464 XIII.

306 2489 366 2527 42„
346 2490 381 2526 ².
390 2486 650 2533 ‚Laconicam
670 2491 759 2521 ante
774 2484 872 2521 hanc
883 2483 1178 2521 Thebanorum
1168 2496 1429 2522 1ncursionem
1448 2482 1629 2520 hostilem
1646 2496 1760 2520 exer-

306 2547 423 2581 citum
452 2555 530 2580 non
558 2541 718 2580 vidisse.
754 2541 855 2578 Audi
884 2540 978 2577 haec
998 2539 1188 2578 Dinarchi
1218 2541 1287 2580 Or.
1323 2542 1365 2578 in
1384 2536 1583 2577 Demosth.
1612 2551 1651 2588 p.
1681 2540 1757 2580 99.

303 2596 396 2641 τότε
434 2598 489 2645 εἷς
517 2613 594 2650 την
621 2595 1016 2637 AHOPQHTON
1049 2596 1319 2649 νομιζομένην
1353 2592 1454 2635 εἶναι
1481 2595 1758 2646 Λακεδαιμο-

304 2657 400 2697 νίων
420 2651 638 2709 (Thebani)
657 2652 821 2704 εἵσέβα)
826 2668 884 2693 ον.
914 2653 966 2690 Et
986 2652 1170 2692 Demadis
1188 2655 1256 2692 Or.
1279 2667 1315 2702 p.
1343 2655 1446 2694 180-
1476 2647 1498 2692 ὃ
1533 2649 1578 2691 ὁὲ
1609 2649 1757 2721 πρότε-

303 2729 376 2767 ρον
397 2711 619 2766 ἀπείρατος
639 2707 696 2750 ὧν
714 2709 916 2761 πολεμίας
940 2706 1161 2768 σάλπιγγος
1180 2707 1381 2763 Εὐρώτας
1403 2705 1656 2754 Βοιωτοὺς
1638 2723 1680 2747 εν
1704 2710 1756 2764 τῇ

303 2771 533 2823 Λακωνικῇ
561 2762 967 2821 στρατοπεδεύοντας
996 2763 1110 2806 εἶ’ὸεν.
1156 2767 1305 2812 Quibus
1334 2767 1488 2818 gemina
1517 2768 1687 2813 reperies
1713 2768 1756 2803 in

307 2827 408 2866 Plut.
428 2827 572 2879 Agesil.
591 2838 629 2876 Ρ.
654 2824 760 2865 613.
778 2822 821 2861 Β.
814 2851 838 2873 .,
867 2824 935 2874 qui
964 2830 1002 2861 et
1021 2826 1184 2876 gloriari
1212 2826 1371 2864 solitum
1391 2823 1500 2863 addit
1518 2822 1754 2875 Agesilaum,
