1859 3326
266 263 296 291 O
869 252 1074 285 RBYNE

266 357 412 398 dictus,
440 354 616 400 quoniam
642 352 696 397 Cy
700 351 798 386 olum
823 350 960 393 partim
985 347 1191 394 mythicum
1223 346 1359 392 partim
1388 344 1608 381 historicum
1633 341 1723 376 scri-

267 416 419 459 pserat,
448 413 489 445 in
517 423 592 457 quo
627 410 796 454 origines
828 406 1095 448 historiarum,
1127 401 1199 439 hoc
1222 407 1300 446 est,
1326 402 1499 448 mythos,
1520 403 1576 435 ita
1597 408 1724 445 perse-

271 473 411 515 quutus
437 471 514 509 est,
551 472 595 501 ut
615 477 731 501 verae
755 463 938 498 historiae
976 474 1042 496 eos
1075 462 1358 506 praemitteret,
1393 458 1562 503 improbo
1594 461 1724 491 tamen

271 526 399 560 studio
422 526 462 558 in
482 523 574 568 hoc,
609 523 709 570 quod
736 520 885 556 fabulas
909 519 957 553 ad
981 518 1225 553 historiarum
1249 518 1410 552 formam
1437 524 1641 556 revocare,
1667 522 1725 546 re-

271 592 357 618 rum
391 591 484 616 vere
515 585 710 626 gestarum
753 578 920 623 speciem
963 577 1012 611 iis
1047 576 1227 618 induere,
1270 572 1497 620 mythosque
1532 569 1729 615 scriptoris

270 639 495 686 pragmatici
519 648 625 672 more
650 639 816 671 tractare
839 634 1024 678 instituit,
1056 633 1111 668 ita
1135 636 1178 668 ut
1208 632 1259 667 ad
1288 629 1658 667 verisimilitudinem
1689 628 1730 660 et

271 698 322 732 ad
345 696 624 742 probabilitatis
645 693 851 729 historicae
883 692 1010 736 legem
1038 691 1214 736 exigeret
1237 696 1306 732 ea,
1336 699 1434 734 quae
1465 698 1489 722 a
1512 686 1637 732 poetis
1659 693 1729 718 seu

273 755 440 799 antiquis
476 751 723 796 scriptoribus
755 751 886 785 essent
926 751 1092 782 narrata
1140 746 1222 788 Quo
1262 746 1414 793 quidem
1446 745 1603 780 consilio
1635 740 1731 776 nihil

271 816 427 858 poterat
453 819 538 843 esse
561 808 747 852 ineptius,
775 805 870 841 nihil
889 805 938 840 ad
962 806 1065 851 ipsas
1089 803 1269 839 historias
1291 804 1553 849 perniciosius
1596 800 1730 844 ltaque

274 871 505 904 Amazonum
526 865 612 907 ille,
637 869 817 910 tanquam
840 863 989 909 populi,
1015 862 1144 907 magni
1167 862 1319 907 imperii
1338 860 1544 895 conditoris
1562 861 1602 893 et
1626 857 1730 892 orbis

275 931 465 961 terrarum
490 922 671 964 victoris,
702 932 766 956 res
799 925 931 966 gestas
963 920 1143 956 condidit.
1188 919 1297 954 Vixit
1327 921 1455 952 autem
1482 917 1548 951 ille
1572 916 1641 951 sub
1669 924 1732 950 ex-

273 989 399 1019 trema
429 981 616 1015 Hecataei
649 983 842 1024 tempora,
874 978 987 1023 paulo
1014 981 1104 1012 ante
1133 976 1394 1018 Herodotum,
1425 977 1491 1009 aut
1514 974 1586 1009 hoc
1609 972 1732 1008 adhuc

279 1041 367 1086 [95]
379 1049 512 1083 puero,
532 1039 659 1071 aetate
670 1037 771 1071 ultra
780 1037 887 1071 Darii
900 1040 1058 1071 mortem
1071 1039 1264 1080 protracta
1277 1036 1291 1056 ¹
1305 1058 1316 1077 ,
1338 1032 1640 1080 quandoquidem
1650 1032 1731 1075 ipse

275 1097 323 1132 τὰ
350 1095 437 1142 μετὰ
463 1096 612 1141 Δαρεῖον
633 1094 798 1139 quinque
823 1094 932 1127 libris
956 1094 1252 1136 conscripserat,
1285 1102 1361 1126 una
1386 1102 1468 1125 cum
1492 1090 1677 1131 Persicis,
1699 1089 1734 1121 si

276 1154 389 1189 modo
410 1153 506 1186 hacc
528 1152 680 1184 diversa
699 1150 827 1193 fuere3
850 1150 919 1184 sed
944 1150 1115 1194 inprimis
1138 1149 1276 1194 Cyclus
1296 1149 1360 1182 ille
1383 1148 1511 1193 paullo
1527 1151 1616 1181 ante
1636 1154 1735 1180 com·

276 1215 512 1247 memoratus
536 1207 797 1242 celebritatem
823 1208 985 1241 nominis
1012 1207 1048 1240 ei
1072 1206 1306 1250 comparavit
1324 1205 1356 1238 ².

371 1267 481 1310 Quod
505 1276 595 1299 vero
621 1265 739 1298 multo
762 1265 886 1298 minus
908 1263 1103 1309 ignoscam
1127 1263 1321 1306 Diodoro,
1356 1266 1438 1305 est,
1465 1261 1564 1309 quod
1585 1261 1737 1306 ‚fabulo-

280 1336 362 1361 sam
389 1326 436 1359 de
461 1321 637 1357 Allantez's
667 1323 944 1364 narrationem,
977 1324 1157 1366 tanquam
1186 1321 1314 1366 populi
1346 1321 1385 1354 in
1416 1325 1589 1356 extrema
1610 1320 1738 1355 Africa

281 1385 373 1419 olim
405 1379 685 1420 florentissimi,
718 1379 883 1413 intexuit
914 1377 1010 1423 (cap.
1040 1377 1225 1414 56-61,
1256 1377 1344 1415 add.
1378 1385 1409 1415 c.
1438 1379 1521 1421 54.)
1561 1375 1738 1424 qua‘qui—

283 1443 371 1476 dem
396 1440 463 1474 ille
488 1438 707 1472 narratione
735 1436 865 1470 multis
890 1435 982 1469 viris
1006 1435 1149 1477 doctis,
1182 1444 1230 1470 ex
1254 1435 1472 1470 recentibus
1499 1444 1646 1481 quoque
1671 1446 1738 1470 ae·-

282 1499 448 1539 tatibus‚
478 1494 652 1530 fraudem
676 1493 786 1531 fecit,
818 1501 959 1537 eosque
986 1492 1135 1527 induxit
1164 1496 1208 1526 ut
1236 1492 1442 1526 multarum
1475 1492 1739 1538 hypotheseon

282 1555 441 1591 fundum
466 1553 638 1587 facerent
670 1550 837 1585 fabulam
863 1548 1046 1584 historiae
1069 1550 1277 1585 severitate
1308 1554 1348 1584 et
1374 1553 1602 1586 auctoritate
1627 1562 1740 1597 pror-

283 1624 349 1649 sus
373 1612 578 1656 indignam.
626 1608 797 1644 Fundum
831 1607 867 1641 ei
899 1606 1038 1641 fecisse
1063 1605 1243 1641 videntur
1265 1607 1403 1651 partim
1427 1609 1604 1653 antiquus
1631 1609 1742 1643 fabu-

282 1670 388 1705 landi
411 1678 515 1710 mos,
540 1677 614 1711 quo
637 1665 760 1708 Solis,
783 1663 938 1705 Noctis,
963 1662 1112 1705 Somni,
1137 1664 1311 1707 Tartari,
1332 1666 1530 1708 Titanum,
1557 1671 1596 1700 et
1614 1675 1741 1700 rerum

282 1728 494 1762 inferarum
522 1725 760 1766 aliorumque
790 1720 1007 1766 mythorum
1041 1720 1155 1756 sedes
1186 1720 1235 1756 ad
1265 1727 1476 1759 extremum
1508 1723 1742 1757 occidentem

285 1786 512 1826 collocatur,
543 1783 581 1816 in
614 1781 729 1816 rebus
761 1778 895 1815 Persei
926 1776 1100 1824 inprimis
1133 1781 1173 1815 et
1193 1778 1391 1824 Herculis3
1422 1782 1559 1826 partim
1585 1779 1745 1816 Homeri

336 1923 355 1956 1
379 1916 483 1952 Haud
516 1915 684 1954 diffiteor,
714 1912 806 1945 mihi
837 1914 895 1946 vix
933 1914 1015 1947 satis
1049 1912 1231 1958 probabile
1263 1914 1397 1956 visum,
1440 1914 1512 1946 iam
1547 1910 1746 1947 Herodotea

288 1972 398 1999 aetate
431 1963 475 1996 de
508 1961 639 1995 fabulis
670 1967 828 1992 veterum
859 1960 1070 2004 sciiptorem
1102 1961 1259 2003 aliquem
1292 1970 1411 2003 arguta
1452 1959 1518 1992 hac
1555 1960 1745 2002 subtilitate

289 2021 391 2054 agere
425 2009 628 2041 instituisse.
671 2006 802 2039 Rerum
840 2012 958 2039 tamen
993 2007 1206 2051 argumentis
1239 2013 1274 2039 et
1309 2007 1521 2050 scriptorum
1553 2005 1761 2041 auctoritati

287 2056 456 2098 refragari
484 2067 556 2087 non
580 2053 675 2088 licet

336 2105 360 2138 2
378 2102 509 2133 Actum
530 2100 574 2132 de
603 2098 670 2130 hoc
691 2097 838 2131 homine
863 2099 943 2134 Not.
968 2097 1012 2130 ad
1035 2095 1091 2140 Ap
1095 2096 1246 2130 ollodor.
1278 2095 1323 2129 T.
1351 2096 1414 2131 111
1510 2094 1588 2132 980
1621 2095 1747 2150 virgil.

293 2149 338 2180 Τ.
354 2147 441 2190 lI.p
447 2147 552 2182 ..221
583 2145 615 2178 Α
632 2143 754 2176 Schol.
770 2144 915 2177 Pinda1i
934 2144 978 2176 ad
997 2143 1118 2178 Istlim
1144 2143 1204 2181 lv,
1231 2143 1308 2178 104.
1341 2142 1532 2186 Dionysius
1563 2141 1598 2175 ἐν
1624 2140 1749 2186 πρώτῳ

295 2158 441 2227 κὺκλωνΡ
451 2192 629 2229 laudatur,
652 2201 740 2232 quae
765 2191 795 2222 si
821 2202 900 2222 vela
927 2190 1032 2222 lectio
1061 2196 1131 2227 est,
1148 2189 1266 2231 plures
1288 2185 1432 2231 Cyclos,
1456 2189 1581 2220 saltem
1599 2186 1748 2230 Cyclum

296 2239 477 2282 duplicem
497 2234 653 2281 μυθικὸν
676 2244 709 2267 et
730 2234 927 2279 ἱστορικὸν,
951 2234 1103 2268 extitisse
1131 2242 1223 2265 recte
1247 2240 1394 2272 statuas3
1418 2233 1482 2266 sed
1504 2233 1592 2265 forte
1622 2233 1748 2265 vitium

299 2293 352 2318 est
374 2295 437 2326 pro
465 2283 609 2323 κύκλου,
646 2280 696 2312 uti
724 2282 818 2324 apud
843 2280 1113 2323 801101.Eu1ip.
1142 2279 1188 2311 ad
1210 2279 1469 2317 Pl1oen.1123.
1502 2278 1646 2321 legitur,
1686 2277 1750 2310 ubi

299 2341 343 2362 ex
361 2330 426 2364 lib.
447 2328 476 2360 I.
494 2329 543 2372 Cy
547 2330 592 2360 cli
611 2328 654 2360 de
672 2326 767 2368 Αι3ο
786 2327 842 2359 Ius
862 2326 1004 2359 custode
1023 2325 1138 2358 fabula
1156 2326 1341 2367 repetitur·
1334 2349 1343 2365 ‚
1363 2326 1479 2368 potnit
1496 2335 1634 2366 quoque
1653 2322 1751 2356 idem

299 2375 449 2419 Cyclus,
474 2386 555 2406 cum
585 2382 617 2405 et
646 2373 802 2415 mythica
830 2380 863 2404 et
887 2371 1051 2404 historica
1073 2371 1408 2414 comprehenderet,
1439 2370 1550 2402 modo
1575 2381 1639 2413 pro
1666 2382 1749 2410 uno,

300 2421 411 2454 modo
435 2431 499 2463 pro
525 2419 662 2452 duobus
688 2418 835 2450 diversis
862 2418 962 2449 libris
988 2416 1121 2452 haberi.
1169 2416 1365 2460 thhicum
1395 2418 1534 2460 cyclum
1566 2417 1655 2447 bene
1688 2415 1750 2448 de-

308 2469 416 2499 clarat
445 2466 593 2498 Diodor.
621 2464 739 2507 paullo
767 2472 865 2516 post
874 2464 917 2495 de
944 2464 1103 2506 Dionyso
1128 2472 1156 2496 e.
1175 2464 1230 2498 65
1260 2462 1428 2515 Λιοιυσίῳ
1447 2462 1496 2495 τῶ
1516 2462 1750 2515 συνταξαμένῳ

300 2511 367 2550 τὰς
388 2510 539 2549 παλαιὰς
560 2510 791 2562 μυθοποιδιης
827 2505 930 2545 οὗτος
949 2507 1014 2554 γὰο
1041 2508 1086 2541 τά
1113 2519 1150 2540 τε
1179 2521 1257 2563 περι
1282 2505 1344 2541 τὸν
1376 2507 1568 2548 Διόνυσον,
1599 2507 1657 2540 καὶ
1683 2505 1751 2544 τὰς

295 2556 510 2602 Ἀιιαζόνας,
539 2559 591 2590 ἐτι
619 2556 656 2588 δὲ
682 2553 764 2591 τοὺς
786 2554 1038 2600 Ἀργοναυτας,
1069 2553 1127 2587 καὶ
1155 2552 1201 2586 τὰ
1224 2551 1315 2586 κατὰ
1340 2551 1402 2586 τὸν
1429 2549 1575 2586 Ἰλιακὸν
1601 2550 1750 2608 πόλεμον

301 2604 527 2647 mazzaena,
549 2602 606 2634 καὶ
631 2599 733 2634 πολλ’
765 2601 864 2645 ἕτερα
891 2601 1069 2640 συνέταξε,
1100 2601 1310 2644 nanum-9523
1335 2597 1379 2631 τὰ
1402 2599 1579 2643 ποιήιιατιι
1598 2597 1665 2629 τῶν
1687 2596 1750 2641 ἀρ·

301 2650 410 2690 χαίων
426 2648 494 2681 τῶν
514 2660 551 2679 τε
566 2644 781 2691 μυθολόγων
796 2647 853 2679 καὶ
872 2645 942 2679 τῶν
958 2647 1121 2687 ποιητῶν.
1163 2646 1272 2677 Erant
1291 2645 1406 2677 adeo
1398 2657 1431 2676 in
1451 2656 1491 2676 eo
1516 2642 1753 2686 comprehen-

305 2706 362 2726 sae
386 2705 441 2726 res
468 2694 614 2732 Bacchi,
644 2694 884 2732 Amazonum,
915 2691 1220 2733 Argonautarum,
1251 2690 1387 2723 bellum
1410 2691 1623 2729 Troianum,
1649 2693 1752 2730 (quae

304 2740 511 2781 singulatim
535 2741 577 2770 ab
609 2739 687 2770 aliis
715 2746 882 2779 tanquam
911 2738 1092 2769 volumina
1116 2736 1304 2780 separatim
1331 2736 1460 2779 scripta
1488 2735 1752 2777 enumerantur)

308 2796 392 2817 cum
410 2785 488 2816 alils
508 2785 644 2823 multis,
670 2792 704 2815 et
722 2784 757 2815 in
778 2784 820 2815 iis
842 2795 895 2822 ea,
922 2792 1009 2825 quae
1027 2784 1062 2815 in
1087 2792 1242 2815 veterum
1266 2782 1553 2826 mythologorum
1580 2787 1613 2812 et
1638 2788 1753 2822 poeta-

304 2841 386 2862 rum
404 2831 617 2862 carminibus
630 2840 669 2861 ac
683 2829 821 2872 scriptis
839 2828 965 2861 tradita
985 2836 1092 2871 erant,
1113 2827 1337 2864 exhibueram
1358 2827 1425 2861 hoc
1442 2835 1494 2860 est.
1507 2827 1752 2873 παρατιθέναι,

305 2887 397 2918 non,
424 2877 650 2921 adiungere,
677 2883 713 2909 ut
733 2875 875 2908 v'crtitur
898 2873 930 2907 h.
949 2875 974 2910 1,
