1859 3326
303 215 412 247 xcn
931 206 1153 250 {HEYNE

394 312 437 346 In
463 312 509 345 iis
533 313 673 357 itaque,
696 314 739 345 ut
764 312 978 345 summatim
1005 311 1140 354 dicam,
1165 320 1261 356 quae
1289 309 1361 344 hoc
1384 311 1482 346 libro
1506 313 1755 357 pertractavit

307 368 520 412 Diodorus,
555 372 619 403 vix
644 374 709 403 aut
736 369 931 412 diligentis
958 369 1139 410 dilectus,
1169 371 1236 401 aut
1260 368 1410 402 subtilis
1439 373 1478 403 et
1501 371 1600 404 acuti
1626 370 1756 403 iudicii

306 426 458 460 laudem
492 432 681 469 meretur-3
717 426 835 459 multo
873 426 995 458 minus
1031 428 1326 459 consentaneum
1351 431 1431 469 est,
1465 438 1548 461 eum
1575 431 1754 471 tanquam

260 486 265 495 '
306 484 511 528 principem
540 490 733 518 auctorem
762 493 904 524 eorum,
930 492 1026 526 quae
1052 492 1099 515 ex
1125 482 1211 514 aliis
1236 483 1323 525 isto,
1346 494 1418 527 quo
1444 483 1620 526 diximus,
1642 483 1755 516 modo

304 543 561 584 concinnavit,
598 541 794 574 celebrare
839 543 878 573 et
917 549 1033 582 super
1064 540 1132 580 iis,
1166 537 1262 583 quae
1288 550 1362 574 non
1389 552 1477 583 sua,
1500 540 1568 575 sed
1593 540 1754 573 aliorum

305 599 380 634 lide
404 600 539 641 tradit,
563 598 598 631 D
615 603 680 631 aut
700 598 740 630 M
765 599 873 630 annis
892 601 980 630 ante
1001 607 1043 630 se
1067 599 1190 640 gesta,
1216 595 1264 628 ad
1291 598 1372 630 eius
1395 597 1508 632 fidem
1536 606 1755 643 provocare.

397 657 524 689 lanan
552 664 721 688 'ruamus
747 655 906 688 Diodori
932 655 1045 688 rebus
1071 651 1223 699 Asi-icae
1248 658 1394 696 partem
1421 657 1622 689 maximam
1648 664 1755 687 occu-

305 719 434 759 patur:
467 715 529 759 qui
565 712 717 756 quidem
753 716 943 746 terrarum
982 716 1125 744 tractus
1150 714 1192 743 ut
1217 713 1453 746 accuratiore
1482 714 1619 746 notitia
1643 711 1752 745 nobis

305 773 478 816 cognitus
505 774 629 812 esset,
665 771 697 804 si
727 770 816 814 quid
842 769 945 803 aliud
969 770 1008 802 in
1033 769 1132 801 votis
1157 766 1372 802 habendum
1400 773 1494 802 erat.
1543 770 1628 804 Non
1653 769 1754 802 enim

306 840 375 863 nos
407 834 472 861 aut
497 838 622 862 rerum
658 832 838 870 naturae,
873 831 939 860 aut
974 825 1127 859 humani
1159 827 1312 869 generis
1335 827 1532 860 scientiam
1560 826 1755 860 habituros

306 896 391 920 csse
417 887 512 919 satis
544 886 752 930 perfectam
791 890 829 919 et
851 884 1062 918 absolutam
1089 882 1273 923 arbitror,
1300 886 1371 918 nisi
1396 885 1546 920 Africae
1570 885 1756 917 interiora

305 943 441 977 melius
474 944 626 987 cognita
657 942 920 984 habuerimus,
955 951 1077 986 neque
1111 941 1228 973 ullam
1255 940 1436 976 historiae
1460 941 1643 974 naturalis
1671 949 1754 984 par-

305 1006 383 1034 tem
410 1004 515 1034 recte
540 1000 611 1032 sibi
638 1004 813 1033 constare
847 1009 982 1045 posse,
1018 1002 1106 1031 ante
1130 1009 1240 1043 quam
1267 1003 1332 1031 aut
1354 998 1576 1043 Aethiopiae
1605 1004 1754 1031 montes

305 1058 571 1103 Superaverint
603 1061 670 1090 aut
705 1057 861 1091 deserta
895 1057 1180 1102 pei-erraverint
1217 1057 1288 1089 viri
1320 1057 1579 1100 intelligentes
1612 1054 1753 1087 aclide

306 1117 422 1160 digni.
449 1114 535 1161 [84]
571 1115 776 1148 Multarum
804 1116 903 1148 enim
929 1124 1075 1154 rerum,
1099 1117 1140 1145 ut
1164 1113 1218 1145 ita
1242 1112 1386 1154 dicam,
1417 1114 1602 1146 officinam
1632 1113 1670 1144 in
1695 1110 1754 1144 his

306 1175 420 1206 terris
445 1172 687 1207 constituisse
706 1171 856 1205 videtur
874 1175 1022 1213 natura,
1050 1180 1143 1215 quas
1163 1171 1249 1203 aliis
1270 1171 1383 1203 terris
1401 1170 1556 1203 invidit:
1582 1169 1754 1213 inprimis

304 1231 550 1264 animantium
580 1230 724 1262 naturis
750 1234 790 1263 et
813 1229 969 1261 infinitis
994 1228 1202 1272 generibus
1231 1229 1424 1272 proprium
1448 1227 1542 1260 illud
1566 1226 1687 1260 solum
1715 1229 1755 1259 et

305 1293 485 1332 tanquam
520 1287 647 1320 natale
680 1276 920 1330 patriumque
953 1296 1037 1318 esse
1062 1285 1201 1326 voluit3
1237 1284 1283 1317 de
1309 1285 1405 1317 caeli
1426 1294 1519 1318 vero
1544 1284 1690 1327 solique
1714 1284 1753 1316 vi

305 1348 344 1379 in
380 1345 543 1378 humana
576 1344 730 1387 ingenia
769 1343 976 1386 disputatio
1017 1342 1138 1375 omnis
1175 1342 1250 1375 erit
1279 1351 1412 1374 manca.
1445 1346 1484 1374 et
1515 1341 1753 1385 imperfecta,

305 1402 484 1447 quamdiu
509 1401 556 1434 de
582 1401 743 1433 diversis
766 1400 942 1433 Afrorum
967 1400 1152 1443 ingeniis,
1177 1399 1367 1440 moribus,
1390 1399 1649 1443 institutisque
1674 1404 1752 1430 tam

305 1470 425 1505 pauca
466 1463 570 1492 recte
608 1457 832 1490 tenebimus.
887 1457 1052 1501 Ideoque
1088 1467 1171 1489 cum
1215 1459 1368 1489 veteres
1404 1457 1512 1501 plura
1544 1456 1593 1490 de
1627 1455 1754 1489 Africa

305 1517 555 1557 tradiderint,
582 1526 691 1560 quam
721 1515 871 1561 quidem
897 1515 1155 1555 recentiores,
1189 1523 1271 1546 cum
1302 1514 1427 1546 aditus
1455 1514 1502 1546 ad
1530 1514 1648 1546 multa
1668 1513 1753 1545 loca

305 1576 395 1609 olim
421 1574 578 1607 liberior
610 1573 744 1612 suerit,
776 1577 946 1605 veterum
982 1572 1028 1605 de
1067 1572 1194 1605 Africa
1219 1577 1374 1604 narrata
1403 1572 1575 1614 inprimis
1601 1572 1752 1614 cognitu

306 1633 414 1667 utilia
440 1630 622 1671 arbitror,
648 1630 685 1662 in
714 1630 884 1673 votisque
913 1628 1033 1663 habeo
1060 1629 1222 1661 maxime
1249 1629 1342 1662 duo:
1364 1630 1507 1672 prium,
1535 1633 1576 1661 ut
1611 1629 1753 1661 existat

306 1691 465 1734 aliquis,
498 1688 559 1731 qui
591 1691 749 1719 naturae
785 1687 1001 1729 cognitione
1034 1685 1261 1730 humanique
1288 1688 1442 1731 generis
1465 1686 1635 1719 historiis
1658 1687 1751 1720 satis

305 1751 512 1782 instructus
540 1745 665 1777 omnia
703 1743 750 1776 de
784 1743 910 1777 Africa
937 1754 983 1777 ex
1008 1745 1172 1788 antiquis
1212 1746 1317 1777 iuxta
1338 1754 1382 1778 ac
1407 1743 1623 1777 recentibus
1645 1742 1752 1776 libris

307 1806 483 1848 colligat,
519 1802 566 1835 ad
598 1792 723 1834 rerum
754 1800 866 1833 iidem
902 1806 967 1833 aut
993 1802 1298 1845 probabilitatem
1325 1807 1363 1835 et
1389 1801 1436 1834 ad
1461 1802 1611 1833 critices
1639 1799 1753 1833 histo-

306 1865 408 1897 ricae
434 1868 599 1894 conones
624 1859 772 1901 exigat,
812 1868 932 1903 eaque
956 1859 1075 1900 adeo,
1105 1870 1201 1903 quae
1236 1862 1302 1891 aut
1328 1858 1440 1890 fidem
1465 1861 1530 1890 aut
1554 1857 1754 1902 probabili-

305 1925 423 1955 tatem
457 1918 646 1956 habeant,
681 1916 857 1959 seiungat
890 1926 912 1948 a
942 1915 1048 1948 falsis
1081 1926 1126 1948 ac
1162 1917 1452 1956 commentitiis3
1484 1917 1647 1948 alterum
1681 1921 1752 1956 est,

307 1984 348 2012 ut
382 1977 550 2012 existant
585 1974 685 2005 inter
727 1983 840 2019 reges
873 1977 912 2005 et
949 1974 1139 2016 principes
1164 1973 1362 2016 Europae,
1394 1975 1455 2017 qui
1480 1972 1753 2017 peregrinatio-

307 2045 394 2068 num
430 2035 468 2065 in
504 2031 687 2064 interiora
725 2030 898 2071 Africae,
934 2030 980 2062 ab
1017 2031 1165 2063 oriente
1200 2041 1276 2063 non
1303 2031 1426 2062 minus
1451 2041 1560 2074 quam
1586 2030 1633 2062 ab
1659 2030 1754 2063 occi-

306 2093 421 2125 dente
448 2092 487 2122 et
511 2089 596 2120 aliis
620 2086 807 2130 partibus,
843 2087 970 2119 studia
997 2088 1216 2132 incendant,
1252 2098 1321 2120 sua
1352 2087 1582 2120 liberaiitate
1607 2091 1753 2120 susten-

307 2154 411 2189 tent,
434 2156 552 2191 eaque
578 2155 620 2178 re
646 2144 785 2177 litteris
806 2145 1126 2187 opportunitatem
1154 2155 1237 2177 eam
1262 2144 1439 2185 afferant,
1461 2147 1503 2176 ut
1520 2144 1655 2176 lacuna
1674 2143 1754 2183 illa,

307 2216 403 2251 quae
432 2205 471 2236 in
495 2202 639 2246 ingenti
672 2202 739 2234 illa
771 2206 929 2235 naturae
962 2202 1092 2234 tabula
1116 2202 1279 2234 studium
1308 2211 1417 2234 omne
1441 2205 1619 2245 tanquam
1648 2199 1754 2233 hiatu

306 2262 519 2304 intercipit,
545 2264 583 2292 et
607 2261 774 2292 rationes
799 2269 821 2292 a
844 2260 935 2291 viris
956 2259 1076 2293 doctis
1101 2259 1258 2291 subduci
1278 2259 1411 2291 solitas
1430 2258 1576 2300 turbat,
1598 2258 1753 2292 tandem

307 2317 510 2364 aliquando
536 2317 756 2359 expleatur-3
792 2316 925 2359 quibus
955 2316 1018 2348 ubi
1047 2317 1253 2349 accesserit
1277 2317 1439 2349 interior
1466 2316 1594 2360 aliqua
1618 2316 1754 2348 notitia

308 2385 496 2412 terrarum
523 2374 624 2407 ultra
648 2372 818 2416 Gangem
849 2373 1028 2413 sitarum,
1054 2382 1174 2416 pauca
1201 2376 1334 2414 erunt,
1365 2383 1462 2419 quac
1488 2372 1536 2405 ad
1561 2372 1664 2416 globi
1691 2382 1754 2406 no-

309 2436 377 2469 stri
403 2432 595 2475 terraquei
630 2431 950 2474 animantiumque
985 2431 1024 2463 in
1058 2440 1104 2464 eo
1140 2430 1358 2474 degentium
1387 2429 1616 2475 humanique
1639 2438 1754 2474 gene-

308 2495 360 2528 ris
389 2489 585 2524 historiam
616 2490 817 2532 praeterea
838 2488 979 2531 requiri
1006 2487 1184 2521 debeant.

398 2548 457 2582 De
481 2544 713 2588 Aethiopibus
738 2555 835 2591 quae
867 2548 997 2579 narrat
1020 2544 1234 2587 Diodorus,
1270 2555 1346 2579 non
1369 2545 1481 2578 unius
1506 2544 1751 2588 eiusdemque

311 2604 549 2640 auctoritatis
582 2613 628 2635 ea
659 2607 765 2636 sunt:
790 2612 877 2634 nam
909 2602 1030 2646 primo
1054 2603 1102 2636 de
1129 2613 1261 2636 eorum
1286 2602 1400 2636 rebus
1425 2606 1465 2636 et
1488 2601 1635 2644 origine
1663 2610 1752 2633 non-

309 2663 414 2697 nulla
436 2661 613 2706 apponit,
642 2660 818 2703 opinione
847 2660 973 2702 potius
1007 2663 1047 2692 et
1076 2661 1315 2701 coniectura,
1348 2669 1461 2704 quam
1497 2658 1636 2690 idonea
1660 2657 1751 2690 alio-

312 2731 392 2754 rum
424 2719 500 2753 fide
534 2721 573 2750 et
605 2717 856 2758 auctoritate3
898 2715 987 2749 inde
1017 2718 1057 2757 (a
1092 2726 1172 2760 cap.
1196 2716 1274 2760 12.)
1310 2713 1567 2760 geographica
1599 2714 1751 2747 subiicit

310 2787 407 2822 quae
442 2774 640 2820 praeclara
668 2777 756 2806 sunt
797 2777 837 2807 et
869 2783 918 2809 ex
950 2771 1223 2819 Agatharchide
1260 2774 1398 2818 petita,
1426 2774 1469 2806 ut
1491 2771 1621 2805 statim
1643 2770 1750 2804 vides

311 2834 444 2864 binius.
