1859 3326
313 225 380 273 44
665 253 683 259 --
780 225 1299 267 ANNOTATIONES

430 343 505 384 47.
533 342 607 382 20.
647 339 844 392 Κοίλιος]
873 340 1057 379 Romanis
1076 348 1136 379 cst
1154 339 1360 387 Κλοίλιος.
1386 341 1495 379 Fasti
1521 347 1672 391 praeter
1690 340 1761 379 hos

314 402 436 439 edunt
464 399 516 436 M.
545 398 775 445 Horatium,
804 399 847 438 L.
871 398 1099 448 Geganium.
1146 398 1240 434 Post
1263 394 1581 449 Ἐπαμινώνδου
1613 398 1763 435 scriba-

314 466 381 496 tur
408 455 475 503 63,
503 462 542 492 et
563 462 649 503 post
669 451 982 508 διαφυλάττειν,
1002 450 1098 507 χρή.
1126 453 1260 490 Rnon.

428 515 503 553 48.
529 513 602 552 23.
628 507 950 561 Ἐπαμινώνδου
974 509 1018 549 δὲ
1049 512 1173 560 συμβ.
1202 509 1302 547 Clar.
1326 516 1364 547 et
1383 509 1479 562 Reg.
1505 512 1547 550 2.
1575 510 1676 548 unde
1694 510 1761 546 ab·

314 583 450 609 errans
471 567 515 607 (Ῐὲ
533 568 730 606 revocavi.
761 567 867 603 Idem
888 568 1040 603 censuit
1059 566 1117 603 Ill.
1138 565 1328 617 Scaliger,
1346 580 1436 604 mox
1457 569 1570 604 ctiam
1591 567 1655 606 δεῖ
1674 572 1763 615 post

316 620 609 681 διαφυλάττειν
629 623 914 674 adiungendum
936 623 1124 671 opinatus.
1158 623 1291 660 WESS.

432 682 538 720 Ibid.
562 677 654 719 (Ότι
675 677 727 720 τὰ
749 677 817 718 διὰ
838 682 913 729 τῆς
935 701 982 708 —
1007 674 1325 731 διαφυλάττειν]
1354 679 1476 716 Vacat
1495 675 1581 727 ὅτι,
1610 686 1655 716 ut
1677 692 1762 716 sae-

315 753 375 790 pe.
406 738 515 776 Conf.
539 743 619 773 not.
640 738 681 772 in
704 734 746 772 L.
766 735 830 774 lv.
854 737 928 775 26.
950 742 987 771 et
1005 734 1117 772 XIII.
1131 736 1205 775 91.
1231 735 1273 771 Id
1295 736 1328 772 si
1347 736 1591 774 observatum
1610 737 1761 782 fuisset,

313 798 620 846 supplementum
650 793 727 830 viri
755 792 859 829 docti
893 804 972 828 non
1001 791 1252 829 addidissent.
1295 791 1466 829 Favebat
1494 792 1763 829 Orchomeniis

313 850 615 902 Epaminondas,
645 861 760 897 quare
781 849 873 884 alibi
892 861 936 884 eo
960 855 1142 897 occupato
1162 849 1295 885 urbem
1320 847 1496 886 Thebani
1516 849 1764 886 exsciderunt

314 912 520 955 deinceps,
562 906 596 942 si
624 905 718 945 fides
746 904 959 942 Pausaniae
978 904 1051 944 IX.
1080 905 1151 946 15.
1207 903 1286 942 Sed
1306 906 1409 942 infra
1429 905 1614 943 Nostrum
1633 918 1666 942 c.
1689 904 1762 944 79.

315 967 419 1006 vide.
450 963 588 1001 WEss.

427 1021 508 1061 48.
539 1020 612 1058 31.
634 1014 881 1071 (Ηράκλειοιν
900 1014 976 1069 τὴν
997 1015 1040 1056 ἒν
1066 1016 1297 1072 Τραχινίᾳ]
1324 1017 1422 1054 Vide
1440 1025 1522 1057 not.
1544 1019 1586 1055 in
1605 1018 1648 1055 L.
1666 1016 1760 1054 XII.

317 1081 389 1120 59.
421 1084 460 1113 et
490 1074 789 1125 Xenophontem
815 1074 969 1112 Hellen.
1000 1075 1043 1113 L.
1066 1074 1130 1110 VI.
1159 1087 1195 1122 p.
1217 1075 1351 1121 469.,
1381 1075 1447 1111 ubi
1479 1072 1678 1122 κατέβαλε
1711 1069 1760 1112 τὸ

307 1132 623 1189 Ἱήιακλειωτῶν
642 1136 774 1181 τεῖχος
795 1132 980 1180 optimum
1000 1144 1096 1177 esse,
1124 1130 1186 1168 hic
1210 1132 1317 1168 locus
1336 1131 1526 1180 patefacit.
1551 1130 1688 1168 WESS.

426 1191 501 1230 48.
528 1189 606 1228 41.
652 1185 927 1227 Οὐδἐττώποτε
957 1184 1159 1238 γεγονέναι
1185 1183 1508 1239 μνημονεύεται]
1552 1183 1762 1225 Οὐδέποτε

312 1262 496 1301 μνημον.
522 1243 726 1298 γεγονέναι
757 1242 872 1281 Coisr.
905 1244 1116 1294 Vulgatum
1140 1256 1219 1281 non
1248 1257 1398 1282 moveo.
1426 1243 1512 1281 Vid'.
1546 1241 1762 1293 Phrynichi

313 1305 448 1355 Eclog.
471 1316 505 1352 p.
531 1305 604 1342 88.
636 1302 693 1337 ed.
717 1299 883 1337 Hoesch.
920 1300 1059 1337 WESS.

425 1361 502 1400 482.
526 1359 602 1398 42.
636 1353 829 1408 Ἐκλήθη]
853 1355 896 1395 δὲ
921 1379 969 1383 -
998 1352 1304 1406 σκυταλισμός]
1338 1351 1570 1401 Σκυτάλαις
1591 1356 1672 1393 sive
1691 1355 1761 1392 ba-

314 1420 412 1456 culis
439 1421 655 1465 perpetrata
674 1414 810 1450 caedes
831 1420 898 1449 est.
933 1410 1224 1464 Σκυταλισμόν
1248 1408 1460 1460 ἐκάλεσαν,
1494 1407 1596 1451 διότι
1618 1410 1762 1450 παίοντ-

310 1488 378 1520 τες
417 1469 622 1523 ἀλλήλους
655 1469 814 1509 ἀνεῖλον
848 1469 1052 1506 Helladius
1081 1473 1137 1508 ait
1176 1469 1277 1518 apud
1306 1468 1485 1506 Photium
1511 1467 1692 1506 Biblioth.
1723 1479 1760 1516 p.

317 1531 454 1573 1593.
484 1528 643 1566 Wssss..

424 1588 500 1626 48.
526 1585 599 1625 64.
631 1579 847 1623 Πλειόνιον
873 1580 898 1634 ἢ
925 1581 1070 1634 χιλίων
1101 1580 1166 1620 καὶ
1193 1580 1447 1630 διακοσίων]
1474 1581 1674 1618 Praestare
1695 1582 1762 1618 vi-

311 1644 424 1681 detur
454 1638 691 1689 ἑξακοσίων.
725 1640 953 1678 Plutarchus
983 1646 1084 1676 certe
1114 1641 1154 1675 in
1183 1639 1377 1687 Praecept.
1412 1636 1524 1685 Reip..
1553 1637 1693 1673 Geren.
1723 1651 1759 1686 p.

313 1701 418 1742 814.
438 1698 495 1745 B.‚
524 1700 662 1746 quique
685 1711 769 1734 eum
791 1698 962 1746 sequitur
980 1695 1204 1741 Helladius,
1233 1696 1337 1730 mille
1360 1701 1397 1730 et
1416 1696 1647 1744 quingentos
1668 1707 1762 1731 con-

309 1756 524 1794 trucidatos
545 1755 685 1804 prodit.
724 1753 819 1789 Fuit
841 1760 967 1789 autem
989 1753 1220 1802 Argivorum
1243 1751 1479 1799 reipublicae
1502 1752 1760 1788 miserrimum

311 1814 352 1852 id
372 1814 512 1859 fatum,
545 1818 588 1848 ut
607 1813 707 1848 inter
733 1823 814 1846 sese
837 1812 941 1846 cives
964 1807 1210 1845 vehementer
1230 1807 1487 1853 dissiderent,
1517 1814 1761 1855 mutuamque

311 1872 355 1908 in
385 1869 538 1906 caedem
567 1873 735 1904 ruerent.
771 1865 887 1903 Aliud
916 1865 1022 1902 dirae
1057 1864 1259 1901 seditionis
1282 1865 1499 1911 exemplum
1527 1863 1762 1912 descriptum

311 1929 388 1964 fuit
411 1927 452 1963 L.
470 1924 558 1961 XII.
585 1925 656 1964 80.
685 1922 826 1961 Wnss.

425 1983 500 2021 49.
526 1981 598 2020 74.
627 1975 891 2030 Λυκομήδης
915 1973 934 2017 ὅ
960 1973 1184 2029 Τεγεάτης]
1214 1976 1340 2013 Habet
1360 1975 1582 2024 Xenophon
1604 1976 1759 2016 Hellen.

309 2039 354 2077 L.
379 2037 463 2074 VH.
486 2051 522 2087 p.
542 2037 651 2077 483.
694 2035 947 2086 Lycomedem
980 2034 1284 2079 Mantinensem‚
1321 2033 1455 2080 opibus
1488 2035 1692 2081 pollentem
1724 2040 1762 2069 et

310 2096 577 2140 ambitiosum,
612 2104 826 2142 magnaque
856 2094 897 2128 i'n
929 2090 1121 2126 Arcadum
1153 2096 1267 2140 gente
1295 2091 1522 2125 auctoritate
1555 2096 1593 2126 et
1622 2091 1760 2140 gratia.

309 2152 489 2190 Meminit
510 2149 681 2187 eiusdem
706 2148 868 2184 Pausan.
889 2147 931 2183 L.
952 2147 1052 2183 VIII.
1075 2148 1148 2185 27.
1188 2145 1232 2181 In
1255 2147 1365 2181 illum
1386 2146 1530 2194 optime
1553 2145 1645 2182 haec
1666 2159 1761 2182 con-

310 2214 517 2260 gruerent,
549 2208 627 2242 nisi
652 2207 775 2254 patria
804 2205 983 2241 obstaret.
1023 2203 1119 2239 Vide
1139 2215 1229 2244 mox
1250 2216 1280 2237 c.
1305 2204 1377 2242 62.
1408 2201 1543 2240 Wiess
1585 2202 1760 2239 Eundem

312 2265 493 2302 omnibus*
511 2263 570 2299 his
592 2264 701 2307 locis,
723 2262 861 2309 quibus
882 2258 1078 2296 addendus
1103 2260 1167 2296 ille
1190 2260 1319 2305 c.(37..,
1340 2257 1504 2295 indicari
1527 2261 1609 2294 iure
1629 2265 1759 2295 censet

311 2320 571 2358 Schneidcrus
603 2319 650 2354 ad
683 2317 863 2365 Xenoph.
893 2316 955 2353 Vl.
990 2318 1027 2355 5.
1051 2317 1092 2353 3.
1144 2315 1313 2351 Vltcrius
1345 2328 1546 2365 progresso
1575 2313 1756 2351 Clintono

308 2377 438 2415 Fastis
457 2390 492 2425 p.
516 2377 622 2415 418.
642 2375 701 2413 ed'.
724 2387 800 2413 sec,
828 2368 1032 2424 Τεγεάτης
1055 2371 1116 2408 hic
1143 2383 1210 2419 per
1230 2384 1397 2407 errorem
1426 2384 1495 2420 pro
1518 2368 1759 2417 ]1ἴῖαντινεύς

308 2436 491 2483 seriptum
510 2432 676 2470 videtur.
1724 2444 1731 2447 “

422 2490 496 2529 49.
526 2490 596 2528 76.
625 2485 701 2533 Ἐξ
721 2485 884 2539 ἀνδρῶν
902 2483 1088 2537 μυρίων]
1116 2482 1335 2532 Xenophon
1354 2480 1452 2529 τοὺς
1468 2482 1643 2536 μυρίους
1661 2481 1759 2531 τοὺς

305 2542 533 2599 Ἀρκάὸων
553 2538 791 2596 προστάτας
820 2543 987 2590 adpellat
1012 2540 1163 2577 Hellen.
1187 2540 1229 2577 L.
1246 2540 1327 2577 Vll.
1350 2552 1384 2588 p.
1411 2541 1527 2587 501.,
1557 2537 1658 2586 τοὺς
1672 2556 1757 2590 μυ-

311 2603 426 2657 ρίους
446 2601 486 2640 ἓν
506 2598 722 2653 Ἀρκαὸία
744 2598 954 2635 Aeschines
978 2596 1043 2634 Or.
1075 2596 1165 2649 περὶ
1193 2599 1269 2647 τῆς
1291 2611 1472 2648 unvano.
1491 2610 1526 2646 p.
1543 2598 1628 2643 38.
1659 2593 1757 2642 τοὺς

307 2659 482 2711 μυρίους
513 2656 554 2695 ἓν
582 2652 760 2708 ,ΤΙἸεγάλῃ
791 2650 903 2693 πόλει
934 2652 1181 2690 Demosthen.
1202 2655 1241 2689 in
1263 2653 1430 2689 eiusdem
1450 2653 1665 2703 argumenti
1687 2651 1754 2689 Or.

310 2729 347 2766 p.
370 2716 472 2755 199.
504 2713 561 2750 Ea
580 2716 619 2749 in
641 2713 733 2748 urbe
757 2713 862 2747 curia
884 2718 977 2756 erat,
997 2713 1038 2746 in
1063 2722 1136 2757 qua
1162 2710 1206 2745 de
1229 2722 1374 2746 summa
1394 2711 1591 2758 republica
1611 2709 1756 2745 delibe—

309 2772 461 2817 rabant.
490 2769 589 2820 apud
610 2768 839 2805 Pausaniam
863 2765 903 2803 L.
922 2766 1023 2803 VIII.
1046 2767 1132 2812 32..
1163 2767 1270 2802 cuius
1298 2769 1546 2814 interpretem
1567 2766 1661 2801 bene
1686 2778 1756 2801 no-

311 2830 410 2866 tavit
429 2826 686 2864 C1.Kuhnius.
718 2825 792 2867 Qui
811 2836 903 2860 vero
917 2822 1166 2860 Plutarchum
1176 2822 1316 2859 Latina
1337 2829 1443 2860 veste
1465 2822 1638 2869 donavit,
1661 2822 1756 2858 satis

311 2887 428 2922 etiam
450 2896 548 2934 vage
570 2881 617 2919 T.
639 2881 686 2917 ΙΙ.
709 2894 746 2930 p.
771 2880 874 2920 840.
892 2878 936 2915 F.
972 2878 1109 2917 Wess.
