1859 3326
295 194 451 226 XXXlV

402 299 449 302 -rffl-
455 284 583 302 ,22⁵¹‚1‚,⁴-
589 287 1661 302 „We
1671 288 1693 291 ..⁷

675 632 872 673 PETm
922 630 1373 672 wssssmmsn

517 730 562 775 D
641 729 683 775 E
763 728 809 774 D
888 728 911 774 1
990 725 1030 774 C
1108 726 1155 773 A
1233 725 1274 772 Τ
1355 725 1379 771 1
1460 722 1519 770 O:

300 912 548 954 NffiIissimis,
575 910 802 956 amplissimis
827 916 859 945 et
887 911 1116 958 gravissimis
1140 910 1228 945 viris
1256 909 1385 945 Isaac-o
1417 907 1539 954 Ubiug
1563 913 1598 941 et
1619 903 1755 941 Ioanni

299 971 434 1018 Breyer
448 970 547 1012 Icto,
564 969 709 1004 inclitae
726 968 1061 1015 urbis-Traiectinae
1083 982 1164 1004 cum
1190 969 1345 1003 maxime
1363 966 1576 1006 consulibus,
1598 976 1662 998 nec
1679 975 1751 998 non

297 1028 561 1073 spectatissimis
588 1034 620 1061 et
644 1027 873 1072 amplissimis
899 1028 1053 1061 eiusdem
1078 1027 1177 1061 urbis
1202 1026 1434 1068 senatoribus,
1459 1023 1677 1058 Academiae
1693 1032 1751 1056 cu-

415 1086 594 1120 ratoribus
620 1084 997 1131 nmgmficeutissimis,
1022 1085 1062 1118 S.
1082 1084 1132 1120 D.
1154 1085 1196 1122 P.
1222 1084 1350 1119 Petrus
1372 1081 1642 1126 lVesseIingius.

297 1185 564 1233 Bibliothecae
590 1198 818 1237 Historicae,
853 1208 963 1243 quam
989 1198 1036 1231 ad
1062 1208 1129 1231 vos
1150 1196 1303 1237 defero,
1330 1199 1469 1230 testem
1492 1206 1601 1229 meae
1626 1195 1753 1229 obser-

298 1258 450 1289 vantiae
477 1260 516 1289 et
542 1260 676 1300 gratae
702 1257 928 1295 voluntatis,
972 1258 1106 1288 auctor
1131 1261 1190 1289 est
1215 1255 1406 1288 Diodorus
1431 1253 1598 1294 Siculus,
1639 1252 1751 1286 domo

298 1314 566 1358 Agyrinensis,
596 1324 668 1346 non
696 1313 762 1346 illo
788 1313 937 1358 quidem
963 1316 1135 1346 veterum
1162 1323 1332 1352 numero,
1366 1312 1427 1356 qui
1456 1312 1639 1345 orationis
1665 1321 1751 1355 qua-

298 1371 382 1405 dam
406 1373 604 1404 maiestate
628 1374 666 1403 et
687 1370 884 1403 dulcedine
904 1370 1174 1404 censebantur:
1201 1369 1271 1402 hac
1289 1373 1397 1413 parte
1418 1368 1614 1402 Herodoto
1634 1369 1753 1401 multo

300 1433 359 1463 est
383 1428 554 1467 inferior,
582 1438 705 1471 neque
731 1432 870 1471 aequat
892 1426 1125 1470 Thucydidis
1150 1427 1350 1461 verborum
1376 1427 1644 1470 granditatem,
1674 1427 1752 1459 lon-

298 1496 419 1531 geque
449 1496 470 1518 a
494 1485 655 1517 iucunda
676 1484 940 1528 Xenophontei
968 1486 1154 1517 sermonis
1190 1486 1378 1518 suavitate
1412 1484 1579 1524 recedit,
1621 1484 1752 1517 dictio-

298 1554 407 1583 nem,
454 1542 565 1575 nullis
591 1543 817 1575 calamistris
851 1543 1013 1574 inustam
1048 1553 1117 1575 nec
1149 1543 1186 1575 in
1221 1543 1319 1575 ullos
1353 1541 1513 1575 fractam
1547 1542 1752 1583 cincinnos,

301 1601 369 1633 sed
397 1600 622 1641 masculam,
651 1610 805 1643 gravem
833 1601 870 1631 et
896 1597 1077 1632 historiae
1110 1601 1416 1640 convenientem,
1446 1602 1626 1632 sectatus.
1669 1600 1753 1633 Alia

297 1661 406 1695 sunt,
434 1656 568 1700 quibus
594 1658 714 1700 magis
737 1655 1017 1690 conmendatur.
1059 1656 1116 1688 llli
1135 1657 1383 1701 singularum,
1408 1667 1610 1701 paucarum
1636 1661 1754 1698 certe,

298 1715 466 1757 gentium
494 1723 555 1746 res
581 1718 710 1757 gestas
728 1714 964 1758 posteritatis
985 1715 1191 1747 memoriae
1212 1714 1461 1747 tradiderunt.
1496 1716 1569 1748 Hic
1586 1716 1753 1748 omnium

297 1771 378 1803 fere
407 1771 523 1803 nostri
548 1771 650 1803 orbis
674 1773 890 1810 nationum,
931 1781 1056 1803 rerum
1090 1772 1344 1815 publicarum,
1388 1781 1667 1816 regnorumque
1700 1770 1753 1804 hi-

297 1830 457 1869 storias,
491 1828 537 1860 ab
562 1828 695 1861 ultima
719 1831 902 1862 memoria
925 1830 1134 1872 repetitas,
1169 1829 1397 1872 conplexuS,
1434 1830 1497 1861 ubi
1525 1833 1630 1862 certa
1659 1832 1753 1862 tem-

298 1896 427 1930 porum
455 1885 679 1928 suppetebat
706 1888 859 1926 notitia,
900 1887 1072 1919 inmenso
1108 1890 1146 1918 et
1177 1887 1316 1919 seculis
1349 1887 1522 1920 omnibus
1556 1887 1753 1930 profuturo

298 1942 448 1981 labore,
494 1952 582 1974 suos
606 1944 643 1974 in
669 1953 788 1976 annos
814 1943 994 1987 digessit,
1038 1949 1150 1987 atque
1176 1945 1334 1987 egregia
1359 1943 1516 1977 heroum
1542 1949 1581 1977 et
1606 1944 1753 1978 famosa

296 2003 544 2042 tyrannorum
573 2001 764 2042 exempla,
795 2000 895 2044 quod
922 2001 957 2032 in
983 2011 1108 2034 rerum
1136 1994 1349 2044 cognitione
1374 2004 1575 2046 praecipue
1600 2002 1753 2035 salubre

298 2061 336 2088 et
363 2055 605 2099 frugiferum,
642 2058 680 2088 in
706 2057 846 2088 illustri
872 2058 997 2100 posuit
1023 2062 1287 2099 monumento,
1320 2063 1362 2091 ut
1385 2058 1479 2092 haec
1503 2060 1646 2100 vitare,
1687 2059 1754 2091 illa

296 2114 437 2146 imitari
470 2113 613 2147 liceret.
670 2113 851 2156 Magnum
886 2124 1056 2157 semper,
1099 2125 1220 2159 neque
1254 2125 1345 2148 sane
1377 2116 1535 2155 iniuria,
1584 2114 1752 2148 habitum

298 2175 377 2211 est,
415 2171 526 2202 unius
549 2169 675 2212 populi
700 2172 887 2214 origines,
930 2173 1186 2213 incrementa,
1230 2172 1396 2205 colonias
1423 2176 1462 2204 et
1486 2172 1566 2205 fata
1588 2173 1754 2216 diligen-

296 2228 393 2260 tiore
418 2226 504 2259 stilo
531 2228 728 2271 persequi:
756 2229 844 2272 quid
867 2229 914 2262 de
941 2240 986 2262 eo
1013 2229 1300 2269 arbitrabimur,
1334 2229 1439 2261 cuius
1463 2229 1676 2262 admirabili
1699 2231 1752 2262 in-

297 2284 443 2316 dustria
467 2284 505 2315 in
533 2293 646 2315 unum
674 2284 858 2317 conducta
882 2289 992 2327 sunt,
1030 2286 1163 2330 quibus
1187 2286 1482 2329 Aegyptiorum,
1515 2285 1752 2330 Aethiopum,

297 2339 548 2383 Scytharum,
574 2341 828 2383 Assyriorum,
856 2341 1070 2384 Persarum,
1096 2342 1342 2384 Graecorum,
1365 2342 1634 2385 Romanorum,
1661 2344 1754 2378 Poe-

294 2405 440 2437 norum,
467 2396 660 2429 Gallorum
689 2401 727 2429 et
751 2398 1016 2444 plerarumque
1045 2400 1206 2432 aliarum
1231 2401 1400 2443 gentium
1424 2399 1622 2442 historiae,
1645 2401 1752 2446 leges

296 2459 336 2487 et
360 2464 486 2487 mores
513 2454 771 2495 illustrantur,
802 2459 841 2487 et
865 2457 1052 2499 stupenda
1076 2456 1148 2489 Dei
1176 2456 1316 2498 Optimi
1342 2456 1520 2498 Maximi,
1555 2468 1628 2502 qua
1648 2469 1753 2492 mun-

294 2510 382 2544 dum
408 2511 626 2543 universum
662 2512 760 2554 regit
793 2516 832 2544 et
864 2516 1070 2556 temperat,
1105 2513 1343 2556 providentia
1365 2514 1629 2557 praedicatur'!
1677 2516 1753 2549 Tot

292 2578 377 2609 res,
409 2571 487 2600 tam
512 2568 637 2600 varias
662 2568 723 2600 vel
747 2570 872 2602 animo
897 2580 1009 2613 posse
1035 2580 1192 2613 capere,
1234 2570 1392 2603 arduum
1420 2576 1499 2604 est.-
1534 2572 1621 2616 quid
1650 2573 1752 2607 inter

292 2635 334 2658 se
367 2634 599 2669 conponere,
644 2629 681 2656 et
715 2625 866 2666 ordine,
920 2630 962 2658 ut
994 2631 1081 2669 apte
1115 2625 1404 2668 cohaerescant,
1443 2628 1646 2671 digerere?
1693 2631 1750 2663 ln-

289 2681 408 2726 probo
440 2682 495 2714 illi
530 2680 699 2725 profecto
733 2681 863 2716 labore
897 2693 990 2727 opus
1022 2683 1113 2724 fuit,
1163 2694 1273 2727 quem
1310 2684 1434 2717 studio
1456 2685 1505 2717 de
1534 2686 1749 2720 mortalium

289 2747 432 2782 genere
467 2738 663 2782 praeclare
697 2740 867 2773 merendi
903 2752 976 2774 non
1011 2741 1257 2775 detrectavit:
1297 2751 1419 2786 neque
1447 2742 1544 2774 enim
1571 2743 1664 2775 satis
1687 2742 1749 2776 'na-

286 2793 368 2829 buit
398 2804 572 2840 magnam
599 2795 711 2830 Asiae
736 2796 987 2843 Europaeque
1023 2802 1199 2843 partem,
1234 2802 1275 2833 ut
1303 2798 1493 2841 locorum,
1533 2799 1581 2834 de
1613 2800 1748 2846 quibus
