<?xml version="1.0" encoding="UTF-8"?>
<!DOCTYPE html PUBLIC "-//W3C//DTD XHTML 1.0 Transitional//EN"
    "http://www.w3.org/TR/xhtml1/DTD/xhtml1-transitional.dtd">
<html xmlns="http://www.w3.org/1999/xhtml" xml:lang="en" lang="en">
 <head>
  <title>
</title>
<meta http-equiv="Content-Type" content="text/html;charset=utf-8" />
  <meta name='ocr-system' content='tesseract 3.04.00' />
  <meta name='ocr-capabilities' content='ocr_page ocr_carea ocr_par ocr_line ocrx_word'/>
</head>
<body>
  <div class='ocr_page' id='page_1' title='image "./bibliothecahisto05dioduoft_0800.png"; bbox 0 0 1859 3326; ppageno 0'>
   <div class='ocr_carea' id='block_1_1' title="bbox 297 197 1453 235">
    <p class='ocr_par' dir='ltr' id='par_1_1' title="bbox 297 197 1453 235">
     <span class='ocr_line' id='line_1_1' title="bbox 297 197 1453 235; baseline -0.005 0"><span class='ocrx_word' id='word_1_1' title='bbox 297 203 449 235; x_wconf 83' lang='lat' dir='ltr'>CXLVI</span> <span class='ocrx_word' id='word_1_2' title='bbox 597 198 885 231; x_wconf 70' lang='lat' dir='ltr'>oEcoNOMIA</span> <span class='ocrx_word' id='word_1_3' title='bbox 917 197 1193 230; x_wconf 77' lang='lat' dir='ltr'>Hls&#39;roRIAE</span> <span class='ocrx_word' id='word_1_4' title='bbox 1228 198 1453 230; x_wconf 73' lang='lat' dir='ltr'>monom-</span> 
     </span>
    </p>
   </div>
   <div class='ocr_carea' id='block_1_2' title="bbox 298 293 1826 2742">
    <p class='ocr_par' dir='ltr' id='par_1_2' title="bbox 298 293 1826 2742">
     <span class='ocr_line' id='line_1_2' title="bbox 298 293 1766 341; baseline -0.001 -9"><span class='ocrx_word' id='word_1_5' title='bbox 298 310 323 332; x_wconf 87' lang='lat' dir='ltr'>a</span> <span class='ocrx_word' id='word_1_6' title='bbox 342 298 434 332; x_wconf 87' lang='lat' dir='ltr'>feris</span> <span class='ocrx_word' id='word_1_7' title='bbox 453 299 492 331; x_wconf 89' lang='lat' dir='ltr'>et</span> <span class='ocrx_word' id='word_1_8' title='bbox 508 297 680 341; x_wconf 86' lang='lat' dir='ltr'>tyrannis</span> <span class='ocrx_word' id='word_1_9' title='bbox 695 296 887 330; x_wconf 82' lang='lat' dir='ltr'>liberavit.</span> <span class='ocrx_word' id='word_1_10' title='bbox 942 293 1111 328; x_wconf 83' lang='lat' dir='ltr'>Divertit</span> <span class='ocrx_word' id='word_1_11' title='bbox 1129 295 1167 328; x_wconf 93' lang='lat' dir='ltr'>in</span> <span class='ocrx_word' id='word_1_12' title='bbox 1183 296 1394 340; x_wconf 84' lang='lat' dir='ltr'>Aegyptum</span> <span class='ocrx_word' id='word_1_13' title='bbox 1415 297 1454 329; x_wconf 84' lang='lat' dir='ltr'>et</span> <span class='ocrx_word' id='word_1_14' title='bbox 1470 293 1685 330; x_wconf 76' lang='lat' dir='ltr'>Busiridem</span> <span class='ocrx_word' id='word_1_15' title='bbox 1707 307 1766 330; x_wconf 87' lang='lat' dir='ltr'>ce-</span> 
     </span>
     <span class='ocr_line' id='line_1_3' title="bbox 301 351 1767 398; baseline -0.002 -9"><span class='ocrx_word' id='word_1_16' title='bbox 301 355 411 395; x_wconf 83' lang='lat' dir='ltr'>cidit3</span> <span class='ocrx_word' id='word_1_17' title='bbox 447 355 484 386; x_wconf 88' lang='lat' dir='ltr'>in</span> <span class='ocrx_word' id='word_1_18' title='bbox 501 353 626 398; x_wconf 85' lang='lat' dir='ltr'>Libya</span> <span class='ocrx_word' id='word_1_19' title='bbox 646 353 952 397; x_wconf 84' lang='lat' dir='ltr'><strong>Hecatompylon</strong></span> <span class='ocrx_word' id='word_1_20' title='bbox 980 351 1164 394; x_wconf 83' lang='lat' dir='ltr'>condidit,</span> <span class='ocrx_word' id='word_1_21' title='bbox 1199 358 1333 397; x_wconf 87' lang='lat' dir='ltr'>postea</span> <span class='ocrx_word' id='word_1_22' title='bbox 1352 363 1375 386; x_wconf 90' lang='lat' dir='ltr'>a</span> <span class='ocrx_word' id='word_1_23' title='bbox 1391 352 1767 397; x_wconf 74' lang='lat' dir='ltr'>Carthaginiensibus</span> 
     </span>
     <span class='ocr_line' id='line_1_4' title="bbox 304 409 1769 454; baseline -0.003 -8"><span class='ocrx_word' id='word_1_24' title='bbox 304 413 517 451; x_wconf 79' lang='lat' dir='ltr'>subactam,</span> <span class='ocrx_word' id='word_1_25' title='bbox 556 416 594 445; x_wconf 89' lang='lat' dir='ltr'>et</span> <span class='ocrx_word' id='word_1_26' title='bbox 623 411 671 445; x_wconf 88' lang='lat' dir='ltr'>ad</span> <span class='ocrx_word' id='word_1_27' title='bbox 698 411 837 445; x_wconf 87' lang='lat' dir='ltr'>fretum</span> <span class='ocrx_word' id='word_1_28' title='bbox 863 409 1092 443; x_wconf 88' lang='lat' dir='ltr'>Gaditanum</span> <span class='ocrx_word' id='word_1_29' title='bbox 1121 410 1315 444; x_wconf 89' lang='lat' dir='ltr'>columnas</span> <span class='ocrx_word' id='word_1_30' title='bbox 1338 411 1481 446; x_wconf 79' lang='lat' dir='ltr'>statuit.</span> <span class='ocrx_word' id='word_1_31' title='bbox 1544 409 1769 454; x_wconf 78' lang='lat' dir='ltr'>Chrysaoris</span> 
     </span>
     <span class='ocr_line' id='line_1_5' title="bbox 305 466 1769 511; baseline -0.001 -9"><span class='ocrx_word' id='word_1_32' title='bbox 305 469 395 502; x_wconf 87' lang='lat' dir='ltr'>filiis</span> <span class='ocrx_word' id='word_1_33' title='bbox 415 470 451 501; x_wconf 90' lang='lat' dir='ltr'>in</span> <span class='ocrx_word' id='word_1_34' title='bbox 468 470 675 503; x_wconf 81' lang='lat' dir='ltr'>certamine</span> <span class='ocrx_word' id='word_1_35' title='bbox 696 470 829 509; x_wconf 84' lang='lat' dir='ltr'>caesis,</span> <span class='ocrx_word' id='word_1_36' title='bbox 858 467 976 500; x_wconf 85' lang='lat' dir='ltr'>boves</span> <span class='ocrx_word' id='word_1_37' title='bbox 996 466 1130 510; x_wconf 79' lang='lat' dir='ltr'>partim</span> <span class='ocrx_word' id='word_1_38' title='bbox 1149 467 1289 511; x_wconf 85' lang='lat' dir='ltr'>abegit,</span> <span class='ocrx_word' id='word_1_39' title='bbox 1318 468 1454 511; x_wconf 88' lang='lat' dir='ltr'>partim</span> <span class='ocrx_word' id='word_1_40' title='bbox 1471 468 1509 500; x_wconf 92' lang='lat' dir='ltr'>in</span> <span class='ocrx_word' id='word_1_41' title='bbox 1525 466 1652 502; x_wconf 82' lang='lat' dir='ltr'>Iberia</span> <span class='ocrx_word' id='word_1_42' title='bbox 1670 468 1769 501; x_wconf 88' lang='lat' dir='ltr'>dono</span> 
     </span>
     <span class='ocr_line' id='line_1_6' title="bbox 307 523 1772 569; baseline -0.002 -9"><span class='ocrx_word' id='word_1_43' title='bbox 307 527 475 569; x_wconf 85' lang='lat' dir='ltr'>reliquit.</span> <span class='ocrx_word' id='word_1_44' title='bbox 522 526 678 560; x_wconf 80' lang='lat' dir='ltr'>Adiecta</span> <span class='ocrx_word' id='word_1_45' title='bbox 701 525 958 558; x_wconf 88' lang='lat' dir='ltr'>columnarum</span> <span class='ocrx_word' id='word_1_46' title='bbox 978 524 1155 556; x_wconf 88' lang='lat' dir='ltr'>Herculis</span> <span class='ocrx_word' id='word_1_47' title='bbox 1175 523 1337 568; x_wconf 85' lang='lat' dir='ltr'>fretique</span> <span class='ocrx_word' id='word_1_48' title='bbox 1364 525 1482 568; x_wconf 87' lang='lat' dir='ltr'>ipsius</span> <span class='ocrx_word' id='word_1_49' title='bbox 1503 535 1571 569; x_wconf 85' lang='lat' dir='ltr'>per</span> <span class='ocrx_word' id='word_1_50' title='bbox 1590 535 1674 559; x_wconf 90' lang='lat' dir='ltr'>eum</span> <span class='ocrx_word' id='word_1_51' title='bbox 1695 535 1772 557; x_wconf 91' lang='lat' dir='ltr'>mu-</span> 
     </span>
     <span class='ocr_line' id='line_1_7' title="bbox 311 581 1772 627; baseline -0.001 -11"><span class='ocrx_word' id='word_1_52' title='bbox 311 585 380 616; x_wconf 85' lang='lat' dir='ltr'>tati</span> <span class='ocrx_word' id='word_1_53' title='bbox 397 584 612 627; x_wconf 78' lang='lat' dir='ltr'>descriptio.</span> <span class='ocrx_word' id='word_1_54' title='bbox 640 584 728 625; x_wconf 84' lang='lat' dir='ltr'>Cap.</span> <span class='ocrx_word' id='word_1_55' title='bbox 748 585 801 619; x_wconf 90' lang='lat'>17.</span> <span class='ocrx_word' id='word_1_56' title='bbox 823 583 878 617; x_wconf 80' lang='lat'>18.</span> <span class='ocrx_word' id='word_1_57' title='bbox 926 581 984 614; x_wconf 86' lang='lat' dir='ltr'>Ex</span> <span class='ocrx_word' id='word_1_58' title='bbox 1004 581 1128 614; x_wconf 78' lang='lat' dir='ltr'>Iberia</span> <span class='ocrx_word' id='word_1_59' title='bbox 1144 583 1281 615; x_wconf 85' lang='lat' dir='ltr'>transit</span> <span class='ocrx_word' id='word_1_60' title='bbox 1301 582 1338 613; x_wconf 92' lang='lat' dir='ltr'>in</span> <span class='ocrx_word' id='word_1_61' title='bbox 1358 581 1550 623; x_wconf 76' lang='lat' dir='ltr'>celticam,</span> <span class='ocrx_word' id='word_1_62' title='bbox 1574 581 1772 623; x_wconf 78' lang='lat' dir='ltr'>(Galliam)</span> 
     </span>
     <span class='ocr_line' id='line_1_8' title="bbox 312 637 1775 682; baseline -0.003 -8"><span class='ocrx_word' id='word_1_63' title='bbox 312 641 375 674; x_wconf 89' lang='lat' dir='ltr'>ubi</span> <span class='ocrx_word' id='word_1_64' title='bbox 394 642 524 674; x_wconf 89' lang='lat' dir='ltr'>urbem</span> <span class='ocrx_word' id='word_1_65' title='bbox 543 639 707 673; x_wconf 84' lang='lat' dir='ltr'>Alesiam</span> <span class='ocrx_word' id='word_1_66' title='bbox 729 638 874 680; x_wconf 83' lang='lat' dir='ltr'>condit3</span> <span class='ocrx_word' id='word_1_67' title='bbox 898 639 985 672; x_wconf 89' lang='lat' dir='ltr'>inde</span> <span class='ocrx_word' id='word_1_68' title='bbox 1004 649 1071 682; x_wconf 90' lang='lat' dir='ltr'>per</span> <span class='ocrx_word' id='word_1_69' title='bbox 1087 639 1199 682; x_wconf 82' lang='lat' dir='ltr'>Alpes</span> <span class='ocrx_word' id='word_1_70' title='bbox 1217 639 1253 671; x_wconf 92' lang='lat' dir='ltr'>in</span> <span class='ocrx_word' id='word_1_71' title='bbox 1272 639 1432 672; x_wconf 87' lang='lat' dir='ltr'>ltaliam.</span> <span class='ocrx_word' id='word_1_72' title='bbox 1458 639 1546 682; x_wconf 84' lang='lat' dir='ltr'>Cap.</span> <span class='ocrx_word' id='word_1_73' title='bbox 1560 639 1617 674; x_wconf 85' lang='lat'>19.</span> <span class='ocrx_word' id='word_1_74' title='bbox 1661 637 1775 682; x_wconf 79' lang='lat' dir='ltr'>Ligu·</span> 
     </span>
     <span class='ocr_line' id='line_1_9' title="bbox 314 694 1776 742; baseline -0.002 -11"><span class='ocrx_word' id='word_1_75' title='bbox 314 709 397 732; x_wconf 86' lang='lat' dir='ltr'>rum</span> <span class='ocrx_word' id='word_1_76' title='bbox 420 709 512 742; x_wconf 81' lang='lat' dir='ltr'>ager</span> <span class='ocrx_word' id='word_1_77' title='bbox 529 699 721 740; x_wconf 82' lang='lat' dir='ltr'>ingratus,</span> <span class='ocrx_word' id='word_1_78' title='bbox 746 696 828 729; x_wconf 89' lang='lat' dir='ltr'>duri</span> <span class='ocrx_word' id='word_1_79' title='bbox 844 696 996 730; x_wconf 87' lang='lat' dir='ltr'>labores</span> <span class='ocrx_word' id='word_1_80' title='bbox 1014 696 1291 730; x_wconf 86' lang='lat' dir='ltr'>describuntur.</span> <span class='ocrx_word' id='word_1_81' title='bbox 1321 698 1477 739; x_wconf 80' lang='lat' dir='ltr'>Cap-20.</span> <span class='ocrx_word' id='word_1_82' title='bbox 1521 695 1712 729; x_wconf 88' lang='lat' dir='ltr'>Hercules</span> <span class='ocrx_word' id='word_1_83' title='bbox 1728 694 1776 728; x_wconf 88' lang='lat' dir='ltr'>ad</span> 
     </span>
     <span class='ocr_line' id='line_1_10' title="bbox 314 752 1778 797; baseline -0.001 -10"><span class='ocrx_word' id='word_1_84' title='bbox 314 756 484 788; x_wconf 84' lang='lat' dir='ltr'>Tiberim</span> <span class='ocrx_word' id='word_1_85' title='bbox 512 754 700 797; x_wconf 87' lang='lat' dir='ltr'>pervenit,</span> <span class='ocrx_word' id='word_1_86' title='bbox 738 753 776 786; x_wconf 91' lang='lat' dir='ltr'>in</span> <span class='ocrx_word' id='word_1_87' title='bbox 802 753 950 787; x_wconf 88' lang='lat' dir='ltr'>Palatio</span> <span class='ocrx_word' id='word_1_88' title='bbox 974 754 1139 797; x_wconf 84' lang='lat' dir='ltr'>benigne</span> <span class='ocrx_word' id='word_1_89' title='bbox 1164 757 1340 797; x_wconf 87' lang='lat' dir='ltr'>receptus</span> <span class='ocrx_word' id='word_1_90' title='bbox 1360 763 1382 786; x_wconf 85' lang='lat' dir='ltr'>a</span> <span class='ocrx_word' id='word_1_91' title='bbox 1402 753 1512 788; x_wconf 87' lang='lat' dir='ltr'>Cacio</span> <span class='ocrx_word' id='word_1_92' title='bbox 1535 752 1706 796; x_wconf 84' lang='lat' dir='ltr'>(Potitio)</span> <span class='ocrx_word' id='word_1_93' title='bbox 1738 757 1778 786; x_wconf 84' lang='lat' dir='ltr'>et</span> 
     </span>
     <span class='ocr_line' id='line_1_11' title="bbox 316 809 1778 855; baseline 0 -11"><span class='ocrx_word' id='word_1_94' title='bbox 316 812 480 846; x_wconf 82' lang='lat' dir='ltr'>Pinario.</span> <span class='ocrx_word' id='word_1_95' title='bbox 520 810 701 843; x_wconf 84' lang='lat' dir='ltr'>Decimae</span> <span class='ocrx_word' id='word_1_96' title='bbox 720 809 878 844; x_wconf 86' lang='lat' dir='ltr'>Herculi</span> <span class='ocrx_word' id='word_1_97' title='bbox 897 815 1029 852; x_wconf 87' lang='lat' dir='ltr'>votae,</span> <span class='ocrx_word' id='word_1_98' title='bbox 1051 810 1308 855; x_wconf 87' lang='lat' dir='ltr'>templumque</span> <span class='ocrx_word' id='word_1_99' title='bbox 1331 813 1579 846; x_wconf 85' lang='lat' dir='ltr'>exstructum.</span> <span class='ocrx_word' id='word_1_100' title='bbox 1608 811 1686 844; x_wconf 86' lang='lat' dir='ltr'>Ora</span> <span class='ocrx_word' id='word_1_101' title='bbox 1703 821 1778 844; x_wconf 88' lang='lat' dir='ltr'>ma-</span> 
     </span>
     <span class='ocr_line' id='line_1_12' title="bbox 316 866 1780 913; baseline -0.001 -10"><span class='ocrx_word' id='word_1_102' title='bbox 316 871 445 903; x_wconf 85' lang='lat' dir='ltr'>ritima</span> <span class='ocrx_word' id='word_1_103' title='bbox 464 872 668 911; x_wconf 85' lang='lat' dir='ltr'>peragrata</span> <span class='ocrx_word' id='word_1_104' title='bbox 684 877 854 912; x_wconf 90' lang='lat' dir='ltr'>campum</span> <span class='ocrx_word' id='word_1_105' title='bbox 872 869 1076 902; x_wconf 88' lang='lat' dir='ltr'>Cumaeum</span> <span class='ocrx_word' id='word_1_106' title='bbox 1097 878 1126 902; x_wconf 88' lang='lat' dir='ltr'>s.</span> <span class='ocrx_word' id='word_1_107' title='bbox 1144 866 1398 912; x_wconf 81' lang='lat' dir='ltr'>Phlegraeum</span> <span class='ocrx_word' id='word_1_108' title='bbox 1417 868 1613 911; x_wconf 82' lang='lat' dir='ltr'>ingressus</span> <span class='ocrx_word' id='word_1_109' title='bbox 1632 869 1780 913; x_wconf 86' lang='lat' dir='ltr'>proelio</span> 
     </span>
     <span class='ocr_line' id='line_1_13' title="bbox 318 924 1782 969; baseline -0.001 -9"><span class='ocrx_word' id='word_1_110' title='bbox 318 927 419 960; x_wconf 83' lang='lat' dir='ltr'>facto</span> <span class='ocrx_word' id='word_1_111' title='bbox 444 925 638 968; x_wconf 60' lang='lat' dir='ltr'>Gigantes}</span> <span class='ocrx_word' id='word_1_112' title='bbox 654 924 915 960; x_wconf 86' lang='lat' dir='ltr'>internecione</span> <span class='ocrx_word' id='word_1_113' title='bbox 941 925 1056 959; x_wconf 90' lang='lat' dir='ltr'>delet.</span> <span class='ocrx_word' id='word_1_114' title='bbox 1090 926 1178 969; x_wconf 90' lang='lat' dir='ltr'>Cap.</span> <span class='ocrx_word' id='word_1_115' title='bbox 1196 927 1252 961; x_wconf 73' lang='lat'>21.</span> <span class='ocrx_word' id='word_1_116' title='bbox 1301 926 1428 968; x_wconf 85' lang='lat' dir='ltr'>Opera</span> <span class='ocrx_word' id='word_1_117' title='bbox 1451 924 1500 958; x_wconf 90' lang='lat' dir='ltr'>ad</span> <span class='ocrx_word' id='word_1_118' title='bbox 1521 925 1645 958; x_wconf 87' lang='lat' dir='ltr'>lacum</span> <span class='ocrx_word' id='word_1_119' title='bbox 1662 927 1782 960; x_wconf 82' lang='lat' dir='ltr'>Aver-</span> 
     </span>
     <span class='ocr_line' id='line_1_14' title="bbox 319 982 1782 1026; baseline -0.001 -9"><span class='ocrx_word' id='word_1_120' title='bbox 319 994 421 1018; x_wconf 88' lang='lat' dir='ltr'>num.</span> <span class='ocrx_word' id='word_1_121' title='bbox 466 982 538 1015; x_wconf 82' lang='lat' dir='ltr'>via</span> <span class='ocrx_word' id='word_1_122' title='bbox 562 982 764 1016; x_wconf 86' lang='lat' dir='ltr'>Heraclea.</span> <span class='ocrx_word' id='word_1_123' title='bbox 801 983 1007 1024; x_wconf 84' lang='lat' dir='ltr'>Venatori,</span> <span class='ocrx_word' id='word_1_124' title='bbox 1038 982 1077 1015; x_wconf 90' lang='lat' dir='ltr'>in</span> <span class='ocrx_word' id='word_1_125' title='bbox 1094 983 1258 1016; x_wconf 79' lang='lat' dir='ltr'>Dianam</span> <span class='ocrx_word' id='word_1_126' title='bbox 1276 982 1413 1026; x_wconf 83' lang='lat' dir='ltr'>impio,</span> <span class='ocrx_word' id='word_1_127' title='bbox 1438 992 1540 1016; x_wconf 90' lang='lat' dir='ltr'>mors</span> <span class='ocrx_word' id='word_1_128' title='bbox 1560 983 1680 1016; x_wconf 87' lang='lat' dir='ltr'>illata.</span> <span class='ocrx_word' id='word_1_129' title='bbox 1725 983 1782 1015; x_wconf 92' lang='lat' dir='ltr'>Ci-</span> 
     </span>
     <span class='ocr_line' id='line_1_15' title="bbox 321 1038 1785 1084; baseline -0.001 -10"><span class='ocrx_word' id='word_1_130' title='bbox 321 1041 439 1074; x_wconf 86' lang='lat' dir='ltr'>cadae</span> <span class='ocrx_word' id='word_1_131' title='bbox 467 1039 513 1073; x_wconf 90' lang='lat' dir='ltr'>ob</span> <span class='ocrx_word' id='word_1_132' title='bbox 539 1039 717 1072; x_wconf 88' lang='lat' dir='ltr'>Herculis</span> <span class='ocrx_word' id='word_1_133' title='bbox 744 1040 927 1084; x_wconf 85' lang='lat' dir='ltr'>pietatem</span> <span class='ocrx_word' id='word_1_134' title='bbox 955 1040 1148 1084; x_wconf 86' lang='lat' dir='ltr'>expulsae.</span> <span class='ocrx_word' id='word_1_135' title='bbox 1195 1040 1276 1074; x_wconf 81' lang='lat' dir='ltr'>Iter</span> <span class='ocrx_word' id='word_1_136' title='bbox 1294 1039 1472 1073; x_wconf 84' lang='lat' dir='ltr'>Herculis</span> <span class='ocrx_word' id='word_1_137' title='bbox 1496 1050 1563 1083; x_wconf 86' lang='lat' dir='ltr'>per</span> <span class='ocrx_word' id='word_1_138' title='bbox 1580 1038 1720 1073; x_wconf 86' lang='lat' dir='ltr'>fretum</span> <span class='ocrx_word' id='word_1_139' title='bbox 1743 1040 1785 1072; x_wconf 88' lang='lat' dir='ltr'>in</span> 
     </span>
     <span class='ocr_line' id='line_1_16' title="bbox 322 1095 1786 1142; baseline -0.001 -11"><span class='ocrx_word' id='word_1_140' title='bbox 322 1098 508 1138; x_wconf 85' lang='lat' dir='ltr'>Siciliam,</span> <span class='ocrx_word' id='word_1_141' title='bbox 538 1095 777 1140; x_wconf 86' lang='lat' dir='ltr'>apprehenso</span> <span class='ocrx_word' id='word_1_142' title='bbox 796 1098 895 1130; x_wconf 90' lang='lat' dir='ltr'>tauri</span> <span class='ocrx_word' id='word_1_143' title='bbox 913 1108 1040 1131; x_wconf 91' lang='lat' dir='ltr'>cornu.</span> <span class='ocrx_word' id='word_1_144' title='bbox 1071 1098 1228 1142; x_wconf 75' lang='lat' dir='ltr'>Cap-22.</span> <span class='ocrx_word' id='word_1_145' title='bbox 1274 1095 1464 1130; x_wconf 87' lang='lat' dir='ltr'>Thermae</span> <span class='ocrx_word' id='word_1_146' title='bbox 1489 1097 1722 1130; x_wconf 83' lang='lat' dir='ltr'>Himeraeae</span> <span class='ocrx_word' id='word_1_147' title='bbox 1745 1100 1786 1130; x_wconf 80' lang='lat' dir='ltr'>et</span> 
     </span>
     <span class='ocr_line' id='line_1_17' title="bbox 322 1153 1787 1200; baseline -0.002 -11"><span class='ocrx_word' id='word_1_148' title='bbox 322 1156 541 1200; x_wconf 86' lang='lat' dir='ltr'>Egestanae</span> <span class='ocrx_word' id='word_1_149' title='bbox 565 1155 704 1187; x_wconf 88' lang='lat' dir='ltr'>itinere</span> <span class='ocrx_word' id='word_1_150' title='bbox 728 1153 871 1188; x_wconf 86' lang='lat' dir='ltr'>fessum</span> <span class='ocrx_word' id='word_1_151' title='bbox 895 1158 1083 1188; x_wconf 88' lang='lat' dir='ltr'>recreant.</span> <span class='ocrx_word' id='word_1_152' title='bbox 1139 1155 1247 1198; x_wconf 81' lang='lat' dir='ltr'>Eryx</span> <span class='ocrx_word' id='word_1_153' title='bbox 1274 1154 1480 1187; x_wconf 86' lang='lat' dir='ltr'>Herculem</span> <span class='ocrx_word' id='word_1_154' title='bbox 1512 1153 1562 1186; x_wconf 86' lang='lat' dir='ltr'>ad</span> <span class='ocrx_word' id='word_1_155' title='bbox 1592 1158 1787 1188; x_wconf 86' lang='lat' dir='ltr'>certamen</span> 
     </span>
     <span class='ocr_line' id='line_1_18' title="bbox 323 1209 1787 1257; baseline -0.001 -11"><span class='ocrx_word' id='word_1_156' title='bbox 323 1216 526 1257; x_wconf 83' lang='lat' dir='ltr'>provocat,</span> <span class='ocrx_word' id='word_1_157' title='bbox 563 1212 961 1255; x_wconf 41' lang='lat' dir='ltr'>propositolpraemio.</span> <span class='ocrx_word' id='word_1_158' title='bbox 1022 1211 1211 1245; x_wconf 90' lang='lat' dir='ltr'>Hercules</span> <span class='ocrx_word' id='word_1_159' title='bbox 1238 1211 1359 1243; x_wconf 88' lang='lat' dir='ltr'>victor</span> <span class='ocrx_word' id='word_1_160' title='bbox 1381 1209 1547 1244; x_wconf 88' lang='lat' dir='ltr'>Siciliam</span> <span class='ocrx_word' id='word_1_161' title='bbox 1576 1212 1787 1256; x_wconf 88' lang='lat' dir='ltr'>praemium</span> 
     </span>
     <span class='ocr_line' id='line_1_19' title="bbox 326 1268 1788 1314; baseline -0.001 -11"><span class='ocrx_word' id='word_1_162' title='bbox 326 1273 520 1314; x_wconf 75' lang='lat' dir='ltr'>reportat,</span> <span class='ocrx_word' id='word_1_163' title='bbox 551 1278 662 1313; x_wconf 88' lang='lat' dir='ltr'>quam</span> <span class='ocrx_word' id='word_1_164' title='bbox 690 1272 777 1311; x_wconf 85' lang='lat' dir='ltr'>post</span> <span class='ocrx_word' id='word_1_165' title='bbox 802 1278 900 1301; x_wconf 86' lang='lat' dir='ltr'>unus</span> <span class='ocrx_word' id='word_1_166' title='bbox 927 1279 948 1301; x_wconf 91' lang='lat' dir='ltr'>e</span> <span class='ocrx_word' id='word_1_167' title='bbox 968 1269 1153 1312; x_wconf 84' lang='lat' dir='ltr'>posteris,</span> <span class='ocrx_word' id='word_1_168' title='bbox 1188 1268 1375 1309; x_wconf 86' lang='lat' dir='ltr'>Dorieus,</span> <span class='ocrx_word' id='word_1_169' title='bbox 1400 1273 1578 1312; x_wconf 86' lang='lat' dir='ltr'>occupat,</span> <span class='ocrx_word' id='word_1_170' title='bbox 1610 1272 1649 1303; x_wconf 87' lang='lat' dir='ltr'>et</span> <span class='ocrx_word' id='word_1_171' title='bbox 1665 1269 1788 1302; x_wconf 88' lang='lat' dir='ltr'>Hera-</span> 
     </span>
     <span class='ocr_line' id='line_1_20' title="bbox 327 1324 1790 1370; baseline -0.001 -10"><span class='ocrx_word' id='word_1_172' title='bbox 327 1327 448 1361; x_wconf 87' lang='lat' dir='ltr'>cleam</span> <span class='ocrx_word' id='word_1_173' title='bbox 474 1326 526 1359; x_wconf 90' lang='lat' dir='ltr'>ibi</span> <span class='ocrx_word' id='word_1_174' title='bbox 551 1326 731 1365; x_wconf 87' lang='lat' dir='ltr'>exstruit,</span> <span class='ocrx_word' id='word_1_175' title='bbox 784 1325 921 1359; x_wconf 86' lang='lat' dir='ltr'>deinde</span> <span class='ocrx_word' id='word_1_176' title='bbox 947 1336 971 1358; x_wconf 87' lang='lat' dir='ltr'>a</span> <span class='ocrx_word' id='word_1_177' title='bbox 995 1324 1371 1370; x_wconf 85' lang='lat' dir='ltr'>Carthaginiensibus</span> <span class='ocrx_word' id='word_1_178' title='bbox 1396 1326 1574 1360; x_wconf 83' lang='lat' dir='ltr'>dirutam.</span> <span class='ocrx_word' id='word_1_179' title='bbox 1632 1324 1790 1359; x_wconf 86' lang='lat' dir='ltr'>Sicanos</span> 
     </span>
     <span class='ocr_line' id='line_1_21' title="bbox 328 1382 1791 1426; baseline -0.001 -9"><span class='ocrx_word' id='word_1_180' title='bbox 328 1385 399 1418; x_wconf 88' lang='lat' dir='ltr'>sibi</span> <span class='ocrx_word' id='word_1_181' title='bbox 417 1383 577 1417; x_wconf 86' lang='lat' dir='ltr'>infestos</span> <span class='ocrx_word' id='word_1_182' title='bbox 589 1382 777 1415; x_wconf 87' lang='lat' dir='ltr'>Hercules</span> <span class='ocrx_word' id='word_1_183' title='bbox 792 1382 941 1424; x_wconf 75' lang='lat' dir='ltr'>domat3</span> <span class='ocrx_word' id='word_1_184' title='bbox 964 1383 1098 1416; x_wconf 89' lang='lat' dir='ltr'>ducum</span> <span class='ocrx_word' id='word_1_185' title='bbox 1120 1384 1272 1417; x_wconf 84' lang='lat' dir='ltr'>nomina</span> <span class='ocrx_word' id='word_1_186' title='bbox 1289 1388 1559 1418; x_wconf 75' lang='lat' dir='ltr'>memorantur.</span> <span class='ocrx_word' id='word_1_187' title='bbox 1583 1385 1791 1426; x_wconf 53' lang='lat' dir='ltr'>capsa.—</span> 
     </span>
     <span class='ocr_line' id='line_1_22' title="bbox 327 1439 1791 1484; baseline -0.001 -10"><span class='ocrx_word' id='word_1_188' title='bbox 327 1441 528 1482; x_wconf 88' lang='lat' dir='ltr'>Leontini,</span> <span class='ocrx_word' id='word_1_189' title='bbox 551 1442 776 1484; x_wconf 85' lang='lat' dir='ltr'>praesertim</span> <span class='ocrx_word' id='word_1_190' title='bbox 792 1441 1019 1484; x_wconf 87' lang='lat' dir='ltr'>Agyrinaei,</span> <span class='ocrx_word' id='word_1_191' title='bbox 1049 1441 1228 1482; x_wconf 87' lang='lat' dir='ltr'>Herculi,</span> <span class='ocrx_word' id='word_1_192' title='bbox 1262 1443 1304 1473; x_wconf 91' lang='lat' dir='ltr'>ut</span> <span class='ocrx_word' id='word_1_193' title='bbox 1321 1440 1405 1474; x_wconf 87' lang='lat' dir='ltr'>Deo</span> <span class='ocrx_word' id='word_1_194' title='bbox 1423 1440 1599 1481; x_wconf 86' lang='lat' dir='ltr'>coelesti,</span> <span class='ocrx_word' id='word_1_195' title='bbox 1626 1439 1791 1474; x_wconf 84' lang='lat' dir='ltr'>honores</span> 
     </span>
     <span class='ocr_line' id='line_1_23' title="bbox 328 1497 1793 1542; baseline 0 -12"><span class='ocrx_word' id='word_1_196' title='bbox 328 1498 517 1537; x_wconf 85' lang='lat' dir='ltr'>tribuunt,</span> <span class='ocrx_word' id='word_1_197' title='bbox 554 1508 622 1541; x_wconf 83' lang='lat' dir='ltr'>pro</span> <span class='ocrx_word' id='word_1_198' title='bbox 649 1498 783 1542; x_wconf 89' lang='lat' dir='ltr'>quibus</span> <span class='ocrx_word' id='word_1_199' title='bbox 805 1499 885 1541; x_wconf 90' lang='lat' dir='ltr'>ipse</span> <span class='ocrx_word' id='word_1_200' title='bbox 913 1502 1157 1531; x_wconf 83' lang='lat' dir='ltr'>monumenta</span> <span class='ocrx_word' id='word_1_201' title='bbox 1184 1499 1355 1542; x_wconf 85' lang='lat' dir='ltr'>reliquit:</span> <span class='ocrx_word' id='word_1_202' title='bbox 1386 1498 1509 1530; x_wconf 89' lang='lat' dir='ltr'>laeum</span> <span class='ocrx_word' id='word_1_203' title='bbox 1533 1497 1591 1530; x_wconf 85' lang='lat' dir='ltr'>sui</span> <span class='ocrx_word' id='word_1_204' title='bbox 1618 1498 1793 1538; x_wconf 88' lang='lat' dir='ltr'>nominis,</span> 
     </span>
     <span class='ocr_line' id='line_1_24' title="bbox 327 1553 1793 1599; baseline 0.001 -12"><span class='ocrx_word' id='word_1_205' title='bbox 327 1555 454 1588; x_wconf 87' lang='lat' dir='ltr'>lucum</span> <span class='ocrx_word' id='word_1_206' title='bbox 471 1553 641 1598; x_wconf 76' lang='lat' dir='ltr'>Geryoni</span> <span class='ocrx_word' id='word_1_207' title='bbox 662 1560 943 1597; x_wconf 87' lang='lat' dir='ltr'>consecratum,</span> <span class='ocrx_word' id='word_1_208' title='bbox 965 1554 1092 1588; x_wconf 82' lang='lat' dir='ltr'>fanum</span> <span class='ocrx_word' id='word_1_209' title='bbox 1113 1555 1215 1588; x_wconf 91' lang='lat' dir='ltr'>lolao</span> <span class='ocrx_word' id='word_1_210' title='bbox 1238 1556 1341 1589; x_wconf 85' lang='lat' dir='ltr'>socio</span> <span class='ocrx_word' id='word_1_211' title='bbox 1360 1565 1528 1596; x_wconf 85' lang='lat' dir='ltr'>sacrum,</span> <span class='ocrx_word' id='word_1_212' title='bbox 1549 1555 1735 1599; x_wconf 84' lang='lat' dir='ltr'>gymnicis</span> <span class='ocrx_word' id='word_1_213' title='bbox 1753 1558 1793 1588; x_wconf 75' lang='lat' dir='ltr'>et</span> 
     </span>
     <span class='ocr_line' id='line_1_25' title="bbox 331 1611 1790 1655; baseline -0.001 -10"><span class='ocrx_word' id='word_1_214' title='bbox 331 1611 572 1655; x_wconf 81' lang='lat' dir='ltr'>equestribus</span> <span class='ocrx_word' id='word_1_215' title='bbox 605 1612 703 1644; x_wconf 92' lang='lat' dir='ltr'>ludis</span> <span class='ocrx_word' id='word_1_216' title='bbox 740 1612 902 1647; x_wconf 83' lang='lat' dir='ltr'>celebre,</span> <span class='ocrx_word' id='word_1_217' title='bbox 961 1612 1069 1645; x_wconf 87' lang='lat' dir='ltr'>Tunc</span> <span class='ocrx_word' id='word_1_218' title='bbox 1092 1612 1281 1645; x_wconf 86' lang='lat' dir='ltr'>Hercules</span> <span class='ocrx_word' id='word_1_219' title='bbox 1306 1612 1423 1645; x_wconf 86' lang='lat' dir='ltr'>boves</span> <span class='ocrx_word' id='word_1_220' title='bbox 1451 1616 1554 1645; x_wconf 85' lang='lat' dir='ltr'>retro</span> <span class='ocrx_word' id='word_1_221' title='bbox 1576 1613 1615 1644; x_wconf 90' lang='lat' dir='ltr'>in</span> <span class='ocrx_word' id='word_1_222' title='bbox 1640 1611 1790 1645; x_wconf 87' lang='lat' dir='ltr'>ltaliam</span> 
     </span>
     <span class='ocr_line' id='line_1_26' title="bbox 331 1668 1794 1713; baseline -0.001 -11"><span class='ocrx_word' id='word_1_223' title='bbox 331 1670 431 1711; x_wconf 84' lang='lat' dir='ltr'>agit,</span> <span class='ocrx_word' id='word_1_224' title='bbox 465 1668 527 1701; x_wconf 89' lang='lat' dir='ltr'>ubi</span> <span class='ocrx_word' id='word_1_225' title='bbox 545 1670 736 1701; x_wconf 85' lang='lat' dir='ltr'>Lacinium</span> <span class='ocrx_word' id='word_1_226' title='bbox 757 1669 803 1702; x_wconf 93' lang='lat' dir='ltr'>ob</span> <span class='ocrx_word' id='word_1_227' title='bbox 821 1669 961 1703; x_wconf 86' lang='lat' dir='ltr'>furtum</span> <span class='ocrx_word' id='word_1_228' title='bbox 979 1669 1124 1710; x_wconf 86' lang='lat' dir='ltr'>caedit,</span> <span class='ocrx_word' id='word_1_229' title='bbox 1152 1670 1305 1702; x_wconf 86' lang='lat' dir='ltr'>Crotoni</span> <span class='ocrx_word' id='word_1_230' title='bbox 1327 1674 1474 1711; x_wconf 89' lang='lat' dir='ltr'>autem,</span> <span class='ocrx_word' id='word_1_231' title='bbox 1497 1679 1564 1713; x_wconf 90' lang='lat' dir='ltr'>per</span> <span class='ocrx_word' id='word_1_232' title='bbox 1580 1669 1794 1713; x_wconf 87' lang='lat' dir='ltr'>impruden-</span> 
     </span>
     <span class='ocr_line' id='line_1_27' title="bbox 330 1726 1794 1770; baseline -0.001 -11"><span class='ocrx_word' id='word_1_233' title='bbox 330 1727 420 1759; x_wconf 81' lang='lat' dir='ltr'>tiam</span> <span class='ocrx_word' id='word_1_234' title='bbox 447 1735 581 1768; x_wconf 87' lang='lat' dir='ltr'>caeso,</span> <span class='ocrx_word' id='word_1_235' title='bbox 611 1731 856 1760; x_wconf 88' lang='lat' dir='ltr'>monumenta</span> <span class='ocrx_word' id='word_1_236' title='bbox 881 1730 1005 1760; x_wconf 87' lang='lat' dir='ltr'>vovet.</span> <span class='ocrx_word' id='word_1_237' title='bbox 1049 1726 1221 1759; x_wconf 82' lang='lat' dir='ltr'>Tandem</span> <span class='ocrx_word' id='word_1_238' title='bbox 1245 1736 1313 1769; x_wconf 88' lang='lat' dir='ltr'>per</span> <span class='ocrx_word' id='word_1_239' title='bbox 1330 1727 1485 1770; x_wconf 86' lang='lat' dir='ltr'>Epirum</span> <span class='ocrx_word' id='word_1_240' title='bbox 1510 1726 1611 1759; x_wconf 89' lang='lat' dir='ltr'>redit</span> <span class='ocrx_word' id='word_1_241' title='bbox 1624 1728 1663 1759; x_wconf 91' lang='lat' dir='ltr'>in</span> <span class='ocrx_word' id='word_1_242' title='bbox 1685 1726 1794 1760; x_wconf 89' lang='lat' dir='ltr'>Pelo-</span> 
     </span>
     <span class='ocr_line' id='line_1_28' title="bbox 332 1783 1792 1828; baseline 0 -12"><span class='ocrx_word' id='word_1_243' title='bbox 332 1793 554 1828; x_wconf 84' lang='lat' dir='ltr'>ponnesum.</span> <span class='ocrx_word' id='word_1_244' title='bbox 589 1785 742 1826; x_wconf 68' lang='lat' dir='ltr'>Cap-24.</span> <span class='ocrx_word' id='word_1_245' title='bbox 791 1784 858 1827; x_wconf 88' lang='lat' dir='ltr'>XI)</span> <span class='ocrx_word' id='word_1_246' title='bbox 893 1784 1081 1817; x_wconf 81' lang='lat' dir='ltr'>Cerberus</span> <span class='ocrx_word' id='word_1_247' title='bbox 1099 1794 1145 1816; x_wconf 89' lang='lat' dir='ltr'>ex</span> <span class='ocrx_word' id='word_1_248' title='bbox 1162 1783 1296 1817; x_wconf 83' lang='lat' dir='ltr'>inferis</span> <span class='ocrx_word' id='word_1_249' title='bbox 1312 1788 1538 1828; x_wconf 77' lang='lat' dir='ltr'>protractus,</span> <span class='ocrx_word' id='word_1_250' title='bbox 1586 1785 1681 1818; x_wconf 85' lang='lat' dir='ltr'>Ante</span> <span class='ocrx_word' id='word_1_251' title='bbox 1699 1792 1792 1816; x_wconf 85' lang='lat' dir='ltr'>vero</span> 
     </span>
     <span class='ocr_line' id='line_1_29' title="bbox 332 1840 1794 1885; baseline -0.001 -11"><span class='ocrx_word' id='word_1_252' title='bbox 332 1841 523 1874; x_wconf 83' lang='lat' dir='ltr'>Hercules</span> <span class='ocrx_word' id='word_1_253' title='bbox 540 1842 734 1884; x_wconf 87' lang='lat' dir='ltr'>mysteriis</span> <span class='ocrx_word' id='word_1_254' title='bbox 752 1842 959 1875; x_wconf 84' lang='lat' dir='ltr'>Eleusiniis</span> <span class='ocrx_word' id='word_1_255' title='bbox 976 1840 1182 1874; x_wconf 87' lang='lat' dir='ltr'>initiandus</span> <span class='ocrx_word' id='word_1_256' title='bbox 1204 1846 1298 1874; x_wconf 88' lang='lat' dir='ltr'>erat.</span> <span class='ocrx_word' id='word_1_257' title='bbox 1343 1842 1486 1875; x_wconf 83' lang='lat' dir='ltr'>Eorum</span> <span class='ocrx_word' id='word_1_258' title='bbox 1513 1851 1627 1875; x_wconf 85' lang='lat' dir='ltr'>causa</span> <span class='ocrx_word' id='word_1_259' title='bbox 1650 1842 1794 1885; x_wconf 89' lang='lat' dir='ltr'>digres-</span> 
     </span>
     <span class='ocr_line' id='line_1_30' title="bbox 333 1897 1793 1943; baseline 0 -12"><span class='ocrx_word' id='word_1_260' title='bbox 333 1899 391 1931; x_wconf 85' lang='lat' dir='ltr'>sio</span> <span class='ocrx_word' id='word_1_261' title='bbox 407 1898 455 1931; x_wconf 87' lang='lat' dir='ltr'>de</span> <span class='ocrx_word' id='word_1_262' title='bbox 478 1897 642 1941; x_wconf 86' lang='lat' dir='ltr'>Orpheo.</span> <span class='ocrx_word' id='word_1_263' title='bbox 690 1899 777 1942; x_wconf 85' lang='lat' dir='ltr'>Cap.</span> <span class='ocrx_word' id='word_1_264' title='bbox 791 1900 834 1934; x_wconf 69' lang='lat'>25</span> <span class='ocrx_word' id='word_1_265' title='bbox 853 1902 891 1931; x_wconf 92' lang='lat' dir='ltr'>et</span> <span class='ocrx_word' id='word_1_266' title='bbox 907 1901 951 1935; x_wconf 83' lang='lat'>26</span> <span class='ocrx_word' id='word_1_267' title='bbox 969 1899 1084 1942; x_wconf 90' lang='lat' dir='ltr'>princ.</span> <span class='ocrx_word' id='word_1_268' title='bbox 1132 1899 1215 1943; x_wconf 92' lang='lat' dir='ltr'>Xll)</span> <span class='ocrx_word' id='word_1_269' title='bbox 1252 1898 1374 1942; x_wconf 83' lang='lat' dir='ltr'>Rapta</span> <span class='ocrx_word' id='word_1_270' title='bbox 1392 1899 1646 1943; x_wconf 87' lang='lat' dir='ltr'>Hesperidum</span> <span class='ocrx_word' id='word_1_271' title='bbox 1674 1906 1793 1931; x_wconf 85' lang='lat' dir='ltr'>aurea.</span> 
     </span>
     <span class='ocr_line' id='line_1_31' title="bbox 333 1948 1826 2001; baseline 0.001 -14"><span class='ocrx_word' id='word_1_272' title='bbox 333 1956 447 1988; x_wconf 86' lang='lat' dir='ltr'>mala.</span> <span class='ocrx_word' id='word_1_273' title='bbox 501 1956 573 1988; x_wconf 82' lang='lat' dir='ltr'>Alii</span> <span class='ocrx_word' id='word_1_274' title='bbox 602 1965 732 1999; x_wconf 86' lang='lat' dir='ltr'>poma,</span> <span class='ocrx_word' id='word_1_275' title='bbox 761 1956 826 1988; x_wconf 87' lang='lat' dir='ltr'>alii</span> <span class='ocrx_word' id='word_1_276' title='bbox 845 1954 1263 2000; x_wconf 75' lang='lat' dir='ltr'>oresinterpretantur,</span> <span class='ocrx_word' id='word_1_277' title='bbox 1297 1958 1441 2001; x_wconf 72' lang='lat' dir='ltr'>Cap.26</span> <span class='ocrx_word' id='word_1_278' title='bbox 1463 1957 1559 1992; x_wconf 86' lang='lat' dir='ltr'>med.</span> <span class='ocrx_word' id='word_1_279' title='bbox 1606 1955 1681 1990; x_wconf 88' lang='lat' dir='ltr'>Per</span> <span class='ocrx_word' id='word_1_280' title='bbox 1699 1955 1795 1988; x_wconf 84' lang='lat' dir='ltr'>hano</span> <span class='ocrx_word' id='word_1_281' title='bbox 1825 1948 1826 1954; x_wconf 39' lang='lat'>¹</span> 
     </span>
     <span class='ocr_line' id='line_1_32' title="bbox 334 2013 1794 2058; baseline 0.001 -12"><span class='ocrx_word' id='word_1_282' title='bbox 334 2013 572 2046; x_wconf 77' lang='lat' dir='ltr'>occasionem</span> <span class='ocrx_word' id='word_1_283' title='bbox 591 2013 752 2045; x_wconf 86' lang='lat' dir='ltr'>Atlantis</span> <span class='ocrx_word' id='word_1_284' title='bbox 767 2014 892 2056; x_wconf 83' lang='lat' dir='ltr'>regio,</span> <span class='ocrx_word' id='word_1_285' title='bbox 919 2014 1037 2055; x_wconf 88' lang='lat' dir='ltr'>Atlas,</span> <span class='ocrx_word' id='word_1_286' title='bbox 1063 2014 1278 2058; x_wconf 82' lang='lat' dir='ltr'>Hesperus,</span> <span class='ocrx_word' id='word_1_287' title='bbox 1301 2015 1532 2057; x_wconf 84' lang='lat' dir='ltr'>Atlantides,</span> <span class='ocrx_word' id='word_1_288' title='bbox 1559 2013 1794 2058; x_wconf 86' lang='lat' dir='ltr'>Hesperides</span> 
     </span>
     <span class='ocr_line' id='line_1_33' title="bbox 334 2069 1794 2114; baseline 0 -12"><span class='ocrx_word' id='word_1_289' title='bbox 334 2069 611 2102; x_wconf 86' lang='lat' dir='ltr'>describuntur.</span> <span class='ocrx_word' id='word_1_290' title='bbox 664 2070 770 2111; x_wconf 85' lang='lat' dir='ltr'>Has,</span> <span class='ocrx_word' id='word_1_291' title='bbox 811 2071 912 2104; x_wconf 74' lang='lat' dir='ltr'>furto</span> <span class='ocrx_word' id='word_1_292' title='bbox 936 2071 975 2103; x_wconf 90' lang='lat' dir='ltr'>in</span> <span class='ocrx_word' id='word_1_293' title='bbox 1004 2072 1217 2114; x_wconf 85' lang='lat' dir='ltr'>Aegyptum</span> <span class='ocrx_word' id='word_1_294' title='bbox 1243 2072 1446 2114; x_wconf 87' lang='lat' dir='ltr'>abductas,</span> <span class='ocrx_word' id='word_1_295' title='bbox 1491 2072 1680 2106; x_wconf 85' lang='lat' dir='ltr'>Hercules</span> <span class='ocrx_word' id='word_1_296' title='bbox 1702 2076 1794 2112; x_wconf 87' lang='lat' dir='ltr'>tum,</span> 
     </span>
     <span class='ocr_line' id='line_1_34' title="bbox 335 2126 1794 2172; baseline 0.001 -14"><span class='ocrx_word' id='word_1_297' title='bbox 335 2137 417 2159; x_wconf 91' lang='lat' dir='ltr'>cum</span> <span class='ocrx_word' id='word_1_298' title='bbox 447 2126 659 2159; x_wconf 85' lang='lat' dir='ltr'>Busiridem</span> <span class='ocrx_word' id='word_1_299' title='bbox 689 2128 911 2169; x_wconf 88' lang='lat' dir='ltr'>occidisset,</span> <span class='ocrx_word' id='word_1_300' title='bbox 945 2128 1160 2161; x_wconf 86' lang='lat' dir='ltr'>interemtis</span> <span class='ocrx_word' id='word_1_301' title='bbox 1181 2130 1417 2172; x_wconf 87' lang='lat' dir='ltr'>raptoribus,</span> <span class='ocrx_word' id='word_1_302' title='bbox 1449 2129 1591 2162; x_wconf 84' lang='lat' dir='ltr'>Atlanti</span> <span class='ocrx_word' id='word_1_303' title='bbox 1616 2128 1794 2161; x_wconf 75' lang='lat' dir='ltr'>restituit.</span> 
     </span>
     <span class='ocr_line' id='line_1_35' title="bbox 334 2184 1793 2229; baseline 0 -12"><span class='ocrx_word' id='word_1_304' title='bbox 334 2184 508 2217; x_wconf 83' lang='lat' dir='ltr'>Muneris</span> <span class='ocrx_word' id='word_1_305' title='bbox 527 2184 609 2217; x_wconf 91' lang='lat' dir='ltr'>loco</span> <span class='ocrx_word' id='word_1_306' title='bbox 625 2185 872 2228; x_wconf 82' lang='lat' dir='ltr'>astrologiam</span> <span class='ocrx_word' id='word_1_307' title='bbox 898 2185 945 2218; x_wconf 89' lang='lat' dir='ltr'>ab</span> <span class='ocrx_word' id='word_1_308' title='bbox 965 2185 1115 2218; x_wconf 88' lang='lat' dir='ltr'>Atlante</span> <span class='ocrx_word' id='word_1_309' title='bbox 1134 2187 1299 2229; x_wconf 84' lang='lat' dir='ltr'>accepit,</span> <span class='ocrx_word' id='word_1_310' title='bbox 1329 2186 1375 2218; x_wconf 87' lang='lat' dir='ltr'>ab</span> <span class='ocrx_word' id='word_1_311' title='bbox 1402 2187 1483 2229; x_wconf 87' lang='lat' dir='ltr'>ipso</span> <span class='ocrx_word' id='word_1_312' title='bbox 1505 2185 1663 2219; x_wconf 86' lang='lat' dir='ltr'>Graecis</span> <span class='ocrx_word' id='word_1_313' title='bbox 1677 2185 1793 2218; x_wconf 88' lang='lat' dir='ltr'>tradi-</span> 
     </span>
     <span class='ocr_line' id='line_1_36' title="bbox 335 2241 1792 2285; baseline 0.001 -12"><span class='ocrx_word' id='word_1_314' title='bbox 335 2247 425 2276; x_wconf 81' lang='lat' dir='ltr'>tam.</span> <span class='ocrx_word' id='word_1_315' title='bbox 466 2243 553 2284; x_wconf 85' lang='lat' dir='ltr'>Cap.</span> <span class='ocrx_word' id='word_1_316' title='bbox 572 2244 628 2277; x_wconf 73' lang='grc'>27.</span> <span class='ocrx_word' id='word_1_317' title='bbox 671 2261 695 2266; x_wconf 92' lang='grc'>-</span> <span class='ocrx_word' id='word_1_318' title='bbox 731 2242 844 2283; x_wconf 76' lang='lat' dir='ltr'>(Dum</span> <span class='ocrx_word' id='word_1_319' title='bbox 863 2241 920 2274; x_wconf 89' lang='lat' dir='ltr'>his</span> <span class='ocrx_word' id='word_1_320' title='bbox 938 2247 1140 2285; x_wconf 87' lang='lat' dir='ltr'>occupatus</span> <span class='ocrx_word' id='word_1_321' title='bbox 1159 2248 1242 2275; x_wconf 87' lang='lat' dir='ltr'>erat</span> <span class='ocrx_word' id='word_1_322' title='bbox 1257 2243 1465 2283; x_wconf 88' lang='lat' dir='ltr'>Hercules,</span> <span class='ocrx_word' id='word_1_323' title='bbox 1489 2244 1720 2283; x_wconf 78' lang='lat' dir='ltr'>Amazones,</span> <span class='ocrx_word' id='word_1_324' title='bbox 1745 2242 1792 2275; x_wconf 86' lang='lat' dir='ltr'>ob</span> 
     </span>
     <span class='ocr_line' id='line_1_37' title="bbox 334 2290 1795 2344; baseline 0 -13"><span class='ocrx_word' id='word_1_325' title='bbox 334 2299 443 2332; x_wconf 80' lang='lat' dir='ltr'>illata</span> <span class='ocrx_word' id='word_1_326' title='bbox 460 2309 527 2343; x_wconf 84' lang='lat' dir='ltr'>per</span> <span class='ocrx_word' id='word_1_327' title='bbox 542 2299 747 2332; x_wconf 83' lang='lat' dir='ltr'>Herculem</span> <span class='ocrx_word' id='word_1_328' title='bbox 770 2299 927 2341; x_wconf 86' lang='lat' dir='ltr'>damna,</span> <span class='ocrx_word' id='word_1_329' title='bbox 952 2301 1176 2341; x_wconf 83' lang='lat' dir='ltr'>praesertim</span> <span class='ocrx_word' id='word_1_330' title='bbox 1195 2300 1242 2333; x_wconf 92' lang='lat' dir='ltr'>ob</span> <span class='ocrx_word' id='word_1_331' title='bbox 1260 2305 1404 2343; x_wconf 84' lang='lat' dir='ltr'>raptam</span> <span class='ocrx_word' id='word_1_332' title='bbox 1423 2302 1608 2344; x_wconf 87' lang='lat' dir='ltr'>Antiopen</span> <span class='ocrx_word' id='word_1_333' title='bbox 1626 2300 1686 2333; x_wconf 86' lang='lat' dir='ltr'>vel</span> <span class='ocrx_word' id='word_1_334' title='bbox 1703 2290 1795 2342; x_wconf 79' lang='lat' dir='ltr'>Hip—</span> 
     </span>
     <span class='ocr_line' id='line_1_38' title="bbox 335 2355 1792 2402; baseline -0.001 -12"><span class='ocrx_word' id='word_1_335' title='bbox 335 2357 512 2400; x_wconf 84' lang='lat' dir='ltr'>polyten,</span> <span class='ocrx_word' id='word_1_336' title='bbox 550 2355 709 2388; x_wconf 85' lang='lat' dir='ltr'>Graecis</span> <span class='ocrx_word' id='word_1_337' title='bbox 732 2356 872 2389; x_wconf 90' lang='lat' dir='ltr'>bellum</span> <span class='ocrx_word' id='word_1_338' title='bbox 897 2356 1122 2397; x_wconf 87' lang='lat' dir='ltr'>intulerant,</span> <span class='ocrx_word' id='word_1_339' title='bbox 1165 2357 1311 2401; x_wconf 86' lang='lat' dir='ltr'>proelio</span> <span class='ocrx_word' id='word_1_340' title='bbox 1341 2358 1463 2391; x_wconf 82' lang='lat' dir='ltr'>victae</span> <span class='ocrx_word' id='word_1_341' title='bbox 1499 2368 1568 2402; x_wconf 87' lang='lat' dir='ltr'>per</span> <span class='ocrx_word' id='word_1_342' title='bbox 1589 2357 1792 2391; x_wconf 80' lang='lat' dir='ltr'>Theseum,</span> 
     </span>
     <span class='ocr_line' id='line_1_39' title="bbox 336 2413 1797 2458; baseline -0.001 -12"><span class='ocrx_word' id='word_1_343' title='bbox 336 2414 426 2456; x_wconf 85' lang='lat' dir='ltr'>Cap.</span> <span class='ocrx_word' id='word_1_344' title='bbox 437 2414 506 2457; x_wconf 69' lang='lat'>28.)</span> <span class='ocrx_word' id='word_1_345' title='bbox 526 2431 570 2437; x_wconf 91' lang='lat'>—-</span> <span class='ocrx_word' id='word_1_346' title='bbox 604 2413 756 2445; x_wconf 86' lang='lat' dir='ltr'>Oraculi</span> <span class='ocrx_word' id='word_1_347' title='bbox 776 2413 882 2446; x_wconf 84' lang='lat' dir='ltr'>iussu</span> <span class='ocrx_word' id='word_1_348' title='bbox 900 2424 997 2446; x_wconf 84' lang='lat' dir='ltr'>nune</span> <span class='ocrx_word' id='word_1_349' title='bbox 1014 2415 1112 2447; x_wconf 86' lang='lat' dir='ltr'>natis</span> <span class='ocrx_word' id='word_1_350' title='bbox 1131 2423 1181 2447; x_wconf 83' lang='lat' dir='ltr'>ex</span> <span class='ocrx_word' id='word_1_351' title='bbox 1197 2413 1476 2458; x_wconf 65' lang='lat' dir='ltr'>Thespi-aclibus</span> <span class='ocrx_word' id='word_1_352' title='bbox 1494 2414 1669 2448; x_wconf 86' lang='lat' dir='ltr'>Sardinia</span> <span class='ocrx_word' id='word_1_353' title='bbox 1686 2415 1724 2446; x_wconf 90' lang='lat' dir='ltr'>in</span> <span class='ocrx_word' id='word_1_354' title='bbox 1743 2413 1797 2446; x_wconf 88' lang='lat' dir='ltr'>di-</span> 
     </span>
     <span class='ocr_line' id='line_1_40' title="bbox 335 2469 1794 2516; baseline 0 -14"><span class='ocrx_word' id='word_1_355' title='bbox 335 2471 477 2503; x_wconf 85' lang='lat' dir='ltr'>tionem</span> <span class='ocrx_word' id='word_1_356' title='bbox 494 2469 681 2503; x_wconf 87' lang='lat' dir='ltr'>tradenda</span> <span class='ocrx_word' id='word_1_357' title='bbox 699 2473 795 2503; x_wconf 85' lang='lat' dir='ltr'>erat.</span> <span class='ocrx_word' id='word_1_358' title='bbox 839 2469 978 2511; x_wconf 83' lang='lat' dir='ltr'>Iolaus,</span> <span class='ocrx_word' id='word_1_359' title='bbox 1002 2470 1132 2504; x_wconf 85' lang='lat' dir='ltr'>fratris</span> <span class='ocrx_word' id='word_1_360' title='bbox 1151 2471 1272 2513; x_wconf 81' lang='lat' dir='ltr'>filius,</span> <span class='ocrx_word' id='word_1_361' title='bbox 1296 2471 1552 2516; x_wconf 81' lang='lat' dir='ltr'>expeditionis</span> <span class='ocrx_word' id='word_1_362' title='bbox 1570 2477 1609 2505; x_wconf 89' lang='lat' dir='ltr'>et</span> <span class='ocrx_word' id='word_1_363' title='bbox 1623 2471 1794 2504; x_wconf 88' lang='lat' dir='ltr'>coloniae</span> 
     </span>
     <span class='ocr_line' id='line_1_41' title="bbox 336 2525 1795 2575; baseline 0.001 -17"><span class='ocrx_word' id='word_1_364' title='bbox 336 2526 413 2559; x_wconf 82' lang='lat' dir='ltr'>dux</span> <span class='ocrx_word' id='word_1_365' title='bbox 431 2530 526 2559; x_wconf 87' lang='lat' dir='ltr'>erat.</span> <span class='ocrx_word' id='word_1_366' title='bbox 565 2525 640 2560; x_wconf 86' lang='lat' dir='ltr'>l’er</span> <span class='ocrx_word' id='word_1_367' title='bbox 655 2525 751 2559; x_wconf 89' lang='lat' dir='ltr'>hanc</span> <span class='ocrx_word' id='word_1_368' title='bbox 766 2528 1003 2560; x_wconf 88' lang='lat' dir='ltr'>occasionem</span> <span class='ocrx_word' id='word_1_369' title='bbox 1020 2527 1276 2572; x_wconf 83' lang='lat' dir='ltr'>Thespiadum</span> <span class='ocrx_word' id='word_1_370' title='bbox 1294 2528 1454 2564; x_wconf 86' lang='lat' dir='ltr'>historia</span> <span class='ocrx_word' id='word_1_371' title='bbox 1468 2535 1507 2563; x_wconf 90' lang='lat' dir='ltr'>et</span> <span class='ocrx_word' id='word_1_372' title='bbox 1524 2533 1795 2575; x_wconf 88' lang='lat' dir='ltr'>prognatorum</span> 
     </span>
     <span class='ocr_line' id='line_1_42' title="bbox 335 2583 1793 2630; baseline 0.001 -14"><span class='ocrx_word' id='word_1_373' title='bbox 335 2588 442 2617; x_wconf 85' lang='lat' dir='ltr'>ortus</span> <span class='ocrx_word' id='word_1_374' title='bbox 467 2594 536 2628; x_wconf 85' lang='lat' dir='ltr'>per</span> <span class='ocrx_word' id='word_1_375' title='bbox 559 2583 762 2617; x_wconf 85' lang='lat' dir='ltr'>Herculem</span> <span class='ocrx_word' id='word_1_376' title='bbox 788 2588 976 2617; x_wconf 85' lang='lat' dir='ltr'>narratur.</span> <span class='ocrx_word' id='word_1_377' title='bbox 1022 2584 1199 2619; x_wconf 87' lang='lat' dir='ltr'>Sardinia</span> <span class='ocrx_word' id='word_1_378' title='bbox 1225 2587 1272 2620; x_wconf 85' lang='lat' dir='ltr'>ab</span> <span class='ocrx_word' id='word_1_379' title='bbox 1297 2587 1400 2621; x_wconf 86' lang='lat' dir='ltr'>Iolao</span> <span class='ocrx_word' id='word_1_380' title='bbox 1430 2590 1661 2630; x_wconf 83' lang='lat' dir='ltr'>expugnata,</span> <span class='ocrx_word' id='word_1_381' title='bbox 1695 2585 1793 2618; x_wconf 91' lang='lat' dir='ltr'>ordi-</span> 
     </span>
     <span class='ocr_line' id='line_1_43' title="bbox 335 2641 1791 2687; baseline 0.002 -15"><span class='ocrx_word' id='word_1_382' title='bbox 335 2645 446 2682; x_wconf 84' lang='lat' dir='ltr'>nata,</span> <span class='ocrx_word' id='word_1_383' title='bbox 470 2646 616 2678; x_wconf 84' lang='lat' dir='ltr'>ornata.</span> <span class='ocrx_word' id='word_1_384' title='bbox 665 2641 822 2675; x_wconf 87' lang='lat' dir='ltr'>Colonia</span> <span class='ocrx_word' id='word_1_385' title='bbox 838 2652 906 2685; x_wconf 81' lang='lat' dir='ltr'>per</span> <span class='ocrx_word' id='word_1_386' title='bbox 923 2653 1007 2675; x_wconf 87' lang='lat' dir='ltr'>eum</span> <span class='ocrx_word' id='word_1_387' title='bbox 1030 2643 1067 2675; x_wconf 90' lang='lat' dir='ltr'>in</span> <span class='ocrx_word' id='word_1_388' title='bbox 1083 2642 1261 2678; x_wconf 83' lang='lat' dir='ltr'>Sardinia</span> <span class='ocrx_word' id='word_1_389' title='bbox 1282 2645 1445 2687; x_wconf 88' lang='lat' dir='ltr'>condita,</span> <span class='ocrx_word' id='word_1_390' title='bbox 1470 2644 1571 2678; x_wconf 89' lang='lat' dir='ltr'>bello</span> <span class='ocrx_word' id='word_1_391' title='bbox 1588 2642 1726 2677; x_wconf 82' lang='lat' dir='ltr'>deinde</span> <span class='ocrx_word' id='word_1_392' title='bbox 1743 2642 1791 2675; x_wconf 87' lang='lat' dir='ltr'>ab</span> 
     </span>
     <span class='ocr_line' id='line_1_44' title="bbox 331 2697 1046 2742; baseline 0.01 -13"><span class='ocrx_word' id='word_1_393' title='bbox 331 2697 420 2730; x_wconf 76' lang='lat' dir='ltr'>aliis</span> <span class='ocrx_word' id='word_1_394' title='bbox 439 2708 626 2742; x_wconf 80' lang='lat' dir='ltr'>nunquam</span> <span class='ocrx_word' id='word_1_395' title='bbox 648 2700 760 2732; x_wconf 71' lang='lat' dir='ltr'>victa.</span> <span class='ocrx_word' id='word_1_396' title='bbox 805 2700 896 2742; x_wconf 84' lang='lat' dir='ltr'>Cap.</span> <span class='ocrx_word' id='word_1_397' title='bbox 910 2701 967 2735; x_wconf 80' lang='lat'>29.</span> <span class='ocrx_word' id='word_1_398' title='bbox 989 2701 1046 2736; x_wconf 84' lang='grc'>30-</span> 
     </span>
    </p>
   </div>
   <div class='ocr_carea' id='block_1_3' title="bbox 427 2755 1793 2806">
    <p class='ocr_par' dir='ltr' id='par_1_3' title="bbox 427 2755 1793 2806">
     <span class='ocr_line' id='line_1_45' title="bbox 427 2755 1793 2806; baseline 0 -17"><span class='ocrx_word' id='word_1_399' title='bbox 427 2755 510 2790; x_wconf 82' lang='lat' dir='ltr'>Iam</span> <span class='ocrx_word' id='word_1_400' title='bbox 534 2755 583 2792; x_wconf 78' lang='lat' dir='ltr'>de</span> <span class='ocrx_word' id='word_1_401' title='bbox 606 2756 738 2793; x_wconf 81' lang='lat' dir='ltr'>sobole</span> <span class='ocrx_word' id='word_1_402' title='bbox 760 2757 967 2801; x_wconf 83' lang='lat' dir='ltr'>sollicitus,</span> <span class='ocrx_word' id='word_1_403' title='bbox 998 2767 1159 2794; x_wconf 85' lang='lat' dir='ltr'>uxorem</span> <span class='ocrx_word' id='word_1_404' title='bbox 1174 2757 1374 2806; x_wconf 77' lang='lat' dir='ltr'>Megaram</span> <span class='ocrx_word' id='word_1_405' title='bbox 1399 2757 1505 2794; x_wconf 86' lang='lat' dir='ltr'>Iolao</span> <span class='ocrx_word' id='word_1_406' title='bbox 1528 2755 1721 2799; x_wconf 85' lang='lat' dir='ltr'>concedit,</span> <span class='ocrx_word' id='word_1_407' title='bbox 1754 2759 1793 2790; x_wconf 86' lang='lat' dir='ltr'>et</span> 
     </span>
    </p>
   </div>
  </div>
 </body>
</html>
