1859 3326
262 215 359 260 380
728 207 1257 253 ANNOTATIONES

373 330 484 374 473.
508 329 585 371 26.
616 325 702 369 Ka}
720 323 768 368 τὸ
790 322 980 375 σύνολον,
1005 321 1150 378 ἐζήλου
1162 321 1239 378 τὴν
1253 321 1624 380 μυθολογουμένην
1637 324 1724 378 etc]

260 390 407 432 Eadem
427 391 557 428 omnia
585 386 631 423 de
652 385 850 423 Demetrio
870 383 972 421 Plut.
994 385 1076 420 eius
1096 387 1138 420 in
1156 384 1237 422 vita
1259 395 1295 434 p.
1318 384 1423 425 889.
1441 382 1485 421 F.
1525 382 1628 435 Lege
1649 381 1724 421 Ca..

265 449 372 489 saub.
391 449 435 485 in
455 445 595 483 Athen.
615 442 658 480 L.
678 442 742 479 VI.
765 454 801 492 p.
821 441 928 481 280.
959 439 1098 478 WESS.

377 504 487 545 473.
515 503 591 543 48.
635 495 724 545 Τὰς
745 494 1004 548 καλουμένας
1026 517 1074 525 —-
1098 492 1363 550 φυλακίδας]
1401 495 1533 535 Naves
1553 497 1726 547 specula-

265 564 390 602 toriae
407 562 528 598 fuisse
547 557 751 602 videntur,
779 566 875 603 quae
896 553 1142 601 excubarent,
1172 551 1300 590 Rhodi
1321 566 1426 592 oram
1445 555 1643 604 legerent,
1666 554 1726 602 pi-

263 627 444 668 ratasque
462 620 650 660 arcerent,
677 612 809 660 quales
829 609 1144 663 προφυλακίδας
1164 608 1383 659 Thucydid.
1404 610 1448 650 L.
1469 609 1498 648 Ι.
1524 612 1625 651 117.
1653 623 1726 648 vo-

266 684 354 725 cat,
390 681 430 713 et
459 686 530 711 um
559 670 736 719 superius
763 665 1138 717 Carthaginiensium
1164 666 1355 714 vidimus,
1388 673 1427 704 et
1452 663 1528 713 τὰς
1556 664 1647 717 περὶ
1677 662 1725 705 τὸ

267 729 406 784 στόμα
437 731 513 769 τοῦ
544 723 716 767 Πόντου
749 722 983 778 φυλακίδας
1011 730 1111 761 extr.
1143 722 1216 761 hoc
1242 723 1355 760 libro.
1401 723 1653 775 Carpathus,
1681 723 1729 760 de

268 804 344 841 qua
375 789 569 837 sequitur,
596 783 696 822 iuris
725 788 807 819 erat
835 778 1076 819 Rhodiorum
1106 781 1249 817 seriore
1277 781 1393 817 etiam
1422 786 1570 827 aetate,
1592 780 1651 817 uti
1679 791 1730 817 ex

266 847 407 886 Dionis
429 842 629 893 Chrysost.
651 838 775 876 Rhod.
798 850 835 887 p.
854 838 962 878 325.
983 836 1025 875 C.
1053 843 1226 875 constat:
1250 836 1394 887 redigit
1410 846 1537 874 autem
1548 838 1618 874 illa
1633 835 1732 874 mihi

267 907 312 944 in
332 902 555 940 memoriam
583 897 703 937 verba
724 894 902 933 Suetonii
921 901 960 931 et
982 892 1239 940 Columellac,
1267 905 1365 942 quae
1387 893 1614 932 adscribam.
1655 891 1732 931 Co-

268 961 448 999 lumellae
475 956 570 994 haee
593 961 684 992 sunt
704 951 749 992 L.
772 950 879 991 Vlll.
902 949 949 989 R.
969 949 1017 989 R.
1040 965 1072 988 c.
1096 953 1168 992 16.
1206 950 1304 989 Sola
1327 952 1588 1002 expretiosz's
1600 951 1732 1002 pisci-

269 1019 341 1056 bus
360 1026 578 1060 muraena,
605 1012 786 1063 quamvis
812 1008 1024 1047 Tarsensis
1057 1007 1345 1059 Carpathiique
1355 1008 1520 1059 pelagi,
1548 1008 1654 1058 quod
1671 1011 1734 1045 est

268 1076 471 1118 ultimum,
499 1069 742 1113 vernacula,
770 1067 909 1118 quovis
931 1065 1069 1117 hospes
1089 1064 1209 1113 frelo
1234 1066 1495 1115 peregrinum
1523 1076 1637 1101 mare
1664 1076 1731 1101 su-

268 1134 402 1171 stinet.
433 1127 501 1166 Sic
519 1128 653 1177 legunt
672 1126 805 1175 vulgo.
831 1122 882 1160 At
903 1122 996 1161 Mss.
1018 1124 1199 1173 quamvis
1224 1121 1467 1169 Tartesiaci,
1496 1120 1598 1168 quod
1617 1122 1732 1158 unice

270 1201 405 1228 verum
424 1192 463 1223 et
479 1184 601 1232 recipi
621 1182 804 1219 debuerat
824 1181 889 1219 vel
910 1180 958 1216 ob
977 1178 1248 1227 Aristophanis
1267 1176 1366 1215 Rau.
1385 1191 1425 1216 v.
1445 1176 1554 1218 478.
1582 1175 1734 1230 μυραί-

270 1260 348 1287 ναν
370 1245 413 1282 T
412 1239 630 1295 αρτησίαν.
666 1237 891 1287 Sequuntur
912 1236 1091 1274 Suetonii
1119 1235 1250 1272 Vitell.
1270 1248 1303 1273 e.
1329 1234 1401 1274 13.
1439 1233 1733 1272 May-menarum

270 1304 399 1342 lactes
419 1313 445 1337 a
470 1295 691 1350 Cmymtlzio
712 1307 848 1345 usque,
866 1292 1065 1343 fretoque
1085 1291 1312 1344 Hispanico
1323 1304 1406 1344 per
1432 1290 1663 1329 navare-Itos
1680 1303 1733 1329 ac

272 1362 458 1398 triremes
471 1358 695 1408 petitarum
710 1352 953 1389 conmiscait.
981 1349 1039 1386 Ita
1058 1350 1176 1387 verba
1189 1348 1366 1386 Budaeus
1379 1349 1599 1396 constituit,
1620 1358 1734 1396 quem

273 1419 358 1455 sine
376 1426 511 1452 caussa
528 1412 574 1449 ab
590 1409 870 1460 interpretibus
886 1408 1006 1445 fuisse
1027 1406 1232 1454 desertum,
1254 1405 1480 1454 Columella,
1499 1418 1560 1442 mc
1579 1404 1734 1453 quidem

273 1473 427 1519 iudice,
453 1470 675 1521 planissime
702 1465 891 1503 ostendit:
931 1475 1094 1512 namque
1124 1466 1205 1500 eius
1238 1461 1507 1500 Tartesiacum
1534 1468 1572 1499 et
1591 1460 1735 1511 Carpa-

275 1530 399 1567 thium
418 1529 576 1577 pelagus
598 1524 777 1562 Suetonii
797 1520 1042 1569 Carpathium
1059 1519 1388 1570 Hispanicumque
1401 1519 1556 1568 fretum,
1583 1531 1735 1556 murae-

273 1589 336 1626 nis
359 1583 584 1630 abundans,
602 1580 750 1619 stabilit
765 1579 997 1617 firmissime.
1027 1576 1105 1614 Sed
1126 1577 1175 1614 ad
1195 1578 1271 1614 alia
1290 1575 1585 1625 properandum.
1598 1574 1735 1613 VVESS.

386 1642 495 1682 473.
531 1640 603 1679 55.
648 1637 787 1690 Τριῶν
808 1630 1096 1688 ἀφηγούμενος
1117 1631 1433 1686 τριημιολκίων]
1464 1631 1540 1669 Pro
1560 1646 1734 1685 τριηρη-

273 1701 458 1752 μιολιιῦν.
490 1696 550 1735 De
571 1694 834 1740 trieremiolia,
863 1699 907 1728 ut
926 1691 971 1728 dc
992 1692 1154 1728 caeteris
1174 1692 1333 1728 navium
1351 1689 1570 1740 generibuS,
1590 1702 1734 1725 consu-

275 1760 377 1795 latur
395 1755 554 1806 Bayfius
575 1753 620 1789 de
636 1751 692 1789 Rc
712 1751 854 1788 Navali
871 1747 927 1803 (p.
948 1749 1053 1788 581.
1076 1748 1133 1784 ed.
1152 1746 1325 1785 Gronov.
1344 1745 1461 1783 Thes.
1481 1745 1571 1783 Ant.
1594 1745 1733 1785 Graec.

276 1814 325 1852 Τ.
347 1810 442 1864 Xl.)
464 1814 531 1861 qui
550 1812 637 1848 illas
657 1810 884 1845 auctoritate
906 1806 1073 1854 Appiani
1095 1805 1197 1842 infra
1216 1803 1521 1855 magnitudinem
1543 1805 1736 1840 iustarum

275 1873 492 1910 triremium
512 1869 633 1919 ponit.
653 1865 788 1902 RHOD.
819 1864 905 1901 Vox
928 1861 1357 1914 ῐιὶὶιίἰὶτριημιολκίων.
1384 1859 1605 1911 Legendum
1622 1873 1737 1911 τριη-

275 1926 463 1980 (nomm,
491 1938 587 1975 quae
606 1935 686 1962 vox
705 1921 806 1972 apud
826 1920 1031 1970 Polybium
1051 1926 1109 1956 ter
1130 1924 1196 1955 aut
1214 1924 1348 1967 quater
1368 1919 1550 1954 occurrit.
1577 1915 1736 1966 Bayfius

275 1985 431 2036 legebat
453 1978 787 2036 T(›t'1s()⁷j,tttoi.lc‹›v.
815 1977 905 2025 Sed,
927 1983 969 2013 ut
991 1982 1094 2024 puto,
1116 1976 1228 2014 male.
1259 1973 1398 2012 Dicere
1420 1980 1560 2021 autem,
1581 1972 1672 2021 quid
1685 1974 1737 2010 sit

276 2036 533 2094 τριηλιιιὸλιος
555 2039 655 2083 ναῦς
674 2037 812 2084 aliquis
825 2036 967 2084 poterit
988 2045 1036 2070 ex
1047 2034 1270 2069 coniectura
1286 2038 1323 2069 et
1337 2031 1505 2068 nominis
1521 2032 1738 2077 notatione,

278 2099 346 2136 sed
359 2099 479 2134 deerit
492 2096 713 2133 auctoritas.
737 2092 834 2128 Puto
850 2092 970 2141 igitur
986 2092 1041 2127 sic
1057 2089 1078 2125 (l
1086 2091 1199 2126 ictam
1213 2102 1365 2134 navem,
1387 2100 1483 2136 quae
1499 2089 1614 2124 tertia
1626 2092 1736 2135 parte

279 2154 434 2193 excedit
462 2165 601 2191 navem
621 2145 1160 2197 ordinariae‘maguitudinis,
1189 2153 1232 2182 ut
1260 2139 1450 2196 ἧμιόλιος
1470 2157 1553 2180 esse
1582 2143 1738 2181 videtur

280 2226 348 2259 ea,
378 2223 474 2260 quae
501 2208 628 2246 media
646 2207 708 2243 sui
730 2212 835 2255 parte
855 2204 1019 2241 excedit.
1059 2202 1104 2239 ld
1124 2209 1251 2239 tamen
1274 2202 1395 2238 nolim
1417 2199 1511 2237 adeo
1534 2200 1736 2246 affirmare,

281 2270 376 2319 quin
394 2270 510 2305 aliam
536 2264 896 2312 interpretationem
923 2260 1124 2297 admittere
1145 2264 1300 2307 paratus
1326 2258 1422 2305 sim,
1450 2258 1484 2293 si
1501 2257 1654 2293 meliori
1674 2269 1739 2293 ra-

279 2329 390 2364 tione
414 2324 611 2361 firmetur:
641 2327 679 2357 et
697 2321 798 2357 forte
815 2312 1050 2369 τριημιόλια
1073 2322 1203 2363 posset
1222 2328 1328 2360 esse,
1359 2326 1455 2362 quae
1473 2313 1598 2350 tribus
1623 2325 1738 2361 quar-

279 2385 334 2421 tis
352 2381 526 2431 partibus
547 2377 771 2422 excederet,
804 2377 914 2411 etsie
935 2374 1037 2410 foret
1056 2373 1179 2410 maior
1199 2371 1389 2408 hemiolia.
1417 2369 1548 2407 PALM.
1600 2370 1739 2420 Τριῶν

281 2433 573 2493 ἀφηγούμενος
591 2430 884 2486 τριημιολιῶν]
917 2428 984 2467 Sic
1004 2430 1148 2466 extrita
1169 2430 1283 2466 litera
1300 2427 1521 2465 abundante
1540 2439 1625 2463 cum
1643 2424 1741 2477 Reg.

283 2499 327 2538 2.
347 2496 490 2541 malui,
518 2493 592 2529 etsi
608 2491 813 2528 veritatem
837 2488 919 2525 eius
937 2488 1149 2534 scripturae
1169 2492 1363 2535 praestare
1383 2485 1516 2521 nolim.
1555 2482 1601 2520 Iu
1619 2483 1741 2532 Poly-

281 2555 350 2593 bio
369 2550 522 2602 quidem
539 2548 583 2586 L.
603 2545 712 2585 XVI.
736 2548 775 2586 l.
793 2547 837 2584 2.
863 2540 1115 2596 τριημιόλιαι
1137 2543 1341 2592 aliquoties
1360 2546 1643 2586 memorantur,
1671 2538 1740 2575 sed

237 2614 240 2618 ’
284 2610 529 2648 doctissimus
549 2605 743 2653 Interpres
773 2599 1190 2639 trieremioliashabet
1218 2601 1260 2636 in
1292 2599 1460 2644 Latinis,
1490 2609 1562 2634 nec
1581 2595 1740 2646 Bayfius

282 2669 360 2706 loo.
382 2667 425 2702 in
444 2661 639 2702 Rhodam.
654 2665 746 2697 nota
761 2657 934 2696 indicato
953 2658 1067 2694 aliter
1089 2657 1237 2706 profert
1265 2668 1314 2692 ex
1334 2653 1408 2693 Ms.
1430 2665 1542 2702 quem
1567 2652 1741 2690 Venetiis

283 2727 499 2771 acceperat.
545 2717 768 2757 clarissime
800 2727 893 2753 vero
920 2710 1233 2767 τριηρημιολίας
1252 2717 1437 2748 memorat
1457 2708 1677 2747 Athenaeus
1696 2707 1740 2744 L.

284 2781 333 2820 V.
359 2791 395 2829 p.
414 2778 524 2818 203.
559 2781 597 2813 et
613 2773 849 2825 quadriremi
877 2772 1048 2809 minores
1077 2770 1197 2807 fuisse
1219 2769 1375 2806 indicat.
1415 2767 1491 2804 lam
1512 2779 1608 2817 quae
1628 2779 1741 2816 τριη-

286 2835 537 2889 ρημιολιῶν,
562 2835 596 2869 si
624 2834 679 2869 ita
700 2828 897 2867 Diodorus
922 2827 1144 2876 scripserit,
1171 2826 1288 2863 fuerit
1308 2823 1541 2873 amplitudo,
1564 2824 1607 2860 in
1626 2821 1742 2858 dubio

286 2900 355 2929 est.
393 2891 484 2930 Laz,
514 2888 672 2937 ssayfius
705 2899 754 2923 ex
775 2886 939 2935 Appiani
969 2886 1161 2934 prooemio
1188 2883 1292 2919 iufra
1321 2883 1505 2918 iustarum
1532 2879 1742 2916 triremium
