1859 3326
286 219 400 252 CLIV
599 213 882 246 OECONOMIA
911 213 1184 244 IIISTORIAE
1215 214 1438 248 moDORI.

283 316 381 352 canl.
432 309 638 353 Cimmerii,
669 313 806 355 postea
833 309 923 343 dicti
948 308 1110 351 Cimbri,
1141 307 1323 344 Romanis
1345 311 1548 359 multisque
1571 312 1748 357 Europae

284 378 326 408 et
346 373 459 408 Asiae
487 370 635 416 populis
660 368 811 408 infesti3
857 365 1106 411 Gallograeci.
1167 367 1315 408 Eorum⁴
1338 369 1504 404 feritatis
1529 371 1747 414 specimina.

287 433 375 475 CaP.
393 432 448 467 32.
473 448 521 456 —
553 427 770 471 Sequuntur
787 422 964 456 Celtiberi.
1010 423 1107 457 Sunt
1129 422 1260 461 Iberes
1285 429 1325 460 et
1342 427 1473 461 Celtae
1498 427 1638 460 mutuis
1666 437 1754 461 con--

285 490 412 523 nubiis
436 486 567 521 iuncti.
611 484 752 517 Eorum
780 492 887 515 arma
912 485 952 515 et
977 480 1074 522 tela,
1112 482 1380 528 pugnandique
1398 485 1510 518 ratio.
1545 484 1689 526 Corpus
1706 494 1752 518 ac

285 547 421 580 dentes
439 546 550 578 urina
566 542 802 584 abstergunt.
836 539 925 583 Cap.
939 542 995 577 33.
1034 537 1131 572 Sunt
1150 541 1262 574 mites
1279 541 1315 574 in
1333 542 1571 585 peregrinos.
1607 541 1759 575 Victus:

292 602 541 637 vaccaeorum
559 600 662 632 natio
683 602 722 631 et
738 594 911 629 Lusitani
925 596 1143 641 singulatim
1156 621 1165 639 ,
1190 601 1322 642 utpote
1341 597 1663 641 praestantiores,
1689 598 1753 632 de-

285 661 517 695 scribuntur,
564 655 715 690 Proelia
731 655 864 687 ineunt
883 664 1049 699 paeanas
1069 659 1251 700 canentes
1273 658 1312 689 et
1330 654 1378 689 ad
1400 654 1629 700 rhythmum.
1679 654 1752 689 La·

283 718 449 754 trocinia
471 715 519 749 ad
548 713 863 747 exercitationum
890 722 1012 756 genus
1036 711 1219 747 referunt.
1261 712 1348 757 Cap.
1366 712 1423 752 34.
1467 712 1525 747 De
1543 712 1676 748 harum
1694 723 1754 747 re-

284 776 438 821 gionum
464 772 631 806 metallis
654 771 820 814 argenti·
862 768 1008 803 Fabula
1029 768 1076 802 de
1094 768 1274 802 silvarum
1292 769 1490 812 incendio,
1515 782 1588 817 quo
1609 781 1751 816 argen-

262 838 364 873 ..tum
382 829 629 877 liquefactum
657 828 730 869 sit3
761 827 862 861 unde
887 830 1036 861 montes
1055 827 1277 872 Pyrenaeos
1297 837 1434 860 nomen
1451 826 1592 862 habere
1610 828 1754 873 somni-

285 894 364 926 ant.
408 890 577 932 Argento
597 884 808 920 Phoenices
827 884 969 918 allecti.
1003 885 1090 929 Cap.
1111 885 1169 921 35.
1216 883 1287 917 Rei
1305 884 1520 919 metallicae
1537 885 1635 919 ratio
1652 872 1752 929 apud

283 947 418 981 Iberos
435 945 579 978 usitata
599 942 839 976 describitur.
865 943 953 986 Cap.
965 945 1022 979 36.
1067 940 1248 974 Eiusdem
1267 942 1499 986 comparatio
1518 953 1599 976 cum
1616 943 1753 976 Attica.

282 1003 462 1038 Machina
486 1001 534 1034 ad
561 999 791 1034 hauriendas
818 1008 937 1045 aquas
960 1003 1180 1044 comparata
1205 1003 1245 1032 et
1269 998 1316 1032 ab
1343 998 1570 1034 Archimede
1596 1001 1751 1036 inventa

284 1064 615 1097 commemoratur.
653 1058 829 1102 (Κοχλίαι.
859 1057 949 1092 vid.
964 1056 1051 1090 Lib.
1065 1058 1094 1090 I.
1118 1050 1198 1101 cap.
1218 1055 1293 1100 34.)
1331 1057 1419 1101 Cap.
1435 1060 1492 1094 37.
1516 1077 1557 1084 --
1597 1056 1752 1091 Summa

282 1119 441 1154 miseria
462 1126 659 1151 servorum
677 1115 724 1148 ad
742 1115 898 1149 metalla
914 1115 1191 1149 damnatorum.
1241 1113 1455 1148 Poenorum
1473 1114 1561 1148 inde
1579 1124 1670 1158 opes
1693 1124 1752 1148 re-

281 1181 472 1224 portatae.
518 1175 561 1209 In
590 1174 715 1208 Iberia
742 1173 858 1206 etiam
881 1176 1058 1206 stannum
1085 1171 1288 1213 effoditur,
1318 1181 1392 1216 quo
1408 1172 1634 1215 praesertim
1652 1172 1752 1205 insu-

279 1236 342 1270 lae
373 1231 606 1267 cassiterides
632 1229 837 1266 abundant.
884 1230 990 1265 Alias
1017 1229 1218 1263 Britannia
1246 1229 1329 1262 eius
1355 1229 1502 1272 copiam
1526 1230 1566 1262 in
1584 1228 1748 1264 Galliam

280 1292 505 1327 transmisit.
544 1290 631 1333 Cap.
656 1290 714 1325 38.
763 1287 941 1332 Ligures,
983 1287 1132 1320 Terrae
1162 1296 1292 1320 eorum
1312 1285 1634 1330 indoles-aspera,
1659 1296 1750 1331 gen-

281 1351 332 1384 tis
348 1359 488 1383 mores,
520 1348 610 1391 Cap.
625 1346 682 1382 39.
706 1365 752 1372 --
784 1346 926 1379 Ultimo
944 1345 1028 1378 loco
1050 1344 1097 1378 de
1118 1341 1313 1391 Tyrrhenis
1333 1345 1502 1377 narratio
1518 1344 1750 1388 adiungitur,

278 1417 305 1441 a
329 1406 465 1452 quibus
489 1414 595 1438 mare
627 1404 761 1437 ltaliae
789 1403 1002 1436 subiectum
1025 1411 1164 1435 nomen
1188 1400 1318 1435 habet.
1364 1401 1528 1435 Militiae
1547 1401 1751 1446 pedestris,

278 1465 394 1499 tubae
407 1489 418 1505 ,
442 1467 556 1507 togae
575 1465 813 1507 praetextae,
833 1460 1023 1501 lictorum,
1045 1459 1165 1492 sellae
1183 1459 1340 1499 curulis,
1361 1459 1565 1494 multarum
1585 1459 1749 1505 denique

278 1524 420 1556 artium
438 1525 477 1555 et
492 1521 593 1554 vitae
615 1517 865 1562 elegantioris
885 1522 995 1551 erant
1015 1516 1204 1561 magistri.
1248 1517 1337 1561 Cap.
1353 1518 1410 1554 40.

301 1598 498 1635 Insulae
526 1595 857 1632 meridionales
884 1594 929 1629 in
956 1593 1140 1630 Oceano
1164 1592 1380 1629 Arabiae.
1419 1595 1525 1640 (Cap.
1545 1594 1725 1639 41-46.)

374 1668 453 1702 Ora
474 1666 664 1699 maritima
684 1663 847 1697 Arabiae
869 1665 907 1696 et
923 1661 1086 1696 ulterior
1106 1671 1228 1706 usque
1251 1661 1300 1695 ad
1319 1660 1545 1695 Gedrosiam
1572 1661 1752 1695 describi-

278 1730 361 1767 tur3
393 1723 620 1768 praesertim
647 1720 809 1755 Arabiae
839 1719 974 1754 felicis.
1019 1719 1204 1754 Adiacent
1226 1719 1355 1764 plures
1378 1718 1547 1760 insulae,
1583 1719 1652 1752 sed
1677 1724 1750 1753 tres

278 1794 371 1829 prae
392 1782 478 1815 aliis
497 1783 709 1813 memoratu
730 1778 881 1822 dignae.
944 1774 1027 1810 Una
1051 1781 1110 1810 est
1142 1775 1280 1817 Sacra,
1314 1773 1391 1808 alia
1416 1780 1543 1809 autem
1565 1767 1752 1820 proxima,

278 1838 488 1883 sepeliendis
519 1835 667 1870 mortuis
699 1836 902 1871 destinata.
962 1834 1105 1868 Thuris
1140 1838 1180 1868 et
1210 1831 1389 1878 myrrhae
1415 1833 1543 1867 brevis
1579 1833 1752 1869 historia.

278 1885 367 1942 Cap.
385 1898 442 1935 41.
488 1897 581 1929 Eius
608 1893 755 1927 insulae
785 1893 1028 1937 magnitud03
1050 1893 1197 1926 incolae
1216 1895 1304 1925 sunt
1320 1889 1521 1928 Panchaei.
1547 1911 1593 1918 --·
1614 1892 1751 1925 Tertia

278 1956 405 1989 insula
424 1950 634 1993 Panchaia,
661 1951 763 1984 lovis
781 1946 972 1995 Triphylii
993 1950 1135 1994 templo
1155 1950 1270 1983 clara.
1295 1950 1388 1993 Cap.
1406 1950 1462 1984 42.
1507 1949 1598 1993 Agri
1625 1959 1751 1983 amoe-

277 2014 379 2046 nitas
392 2035 402 2053 ,
437 2010 615 2044 arborum
634 2008 802 2041 varietas
817 2008 1046 2051 depingitur.
1079 2008 1168 2051 Cap.
1185 2007 1242 2046 43.
1294 2007 1495 2052 Templum
1517 2010 1555 2040 et
1573 2006 1649 2040 alia
1666 2006 1751 2040 loca

280 2080 409 2110 sacra,
435 2079 513 2112 cap.
529 2066 593 2107 443
633 2065 842 2107 animalia,
865 2065 1003 2106 urbes,
1024 2066 1184 2101 incolae.
1232 2065 1380 2098 Horum
1398 2068 1478 2098 tres
1497 2064 1660 2105 classes,
1693 2074 1754 2096 sa-

279 2126 498 2166 cerdotum,
518 2122 793 2168 agricolarum,
818 2123 992 2156 militum.
1025 2124 1113 2166 Cap.
1133 2121 1192 2157 45.
1241 2121 1406 2155 Militum
1429 2131 1540 2162 usu-⁶33
1576 2120 1752 2154 sacerdo-

279 2183 360 2217 tum
385 2180 558 2221 habitus,
589 2179 796 2213 eorundem
829 2184 935 2213 ortus
965 2190 985 2214 e
1010 2180 1138 2217 Creta.
1184 2179 1270 2215 Alia
1294 2179 1444 2212 insulae
1476 2177 1751 2218 memorabilia,

280 2239 458 2280 metalla,
480 2235 738 2270 anathemata.
784 2236 873 2280 Cap.
887 2237 946 2273 46.

537 2312 733 2349 Insulae
759 2312 806 2347 in
830 2312 951 2347 mari
975 2311 1176 2360 Aegaeo.
1227 2314 1315 2359 Cap.
1334 2312 1498 2351 47-84,

377 2370 623 2408 Samothrace.
683 2372 783 2405 Olim
811 2370 945 2406 Samos
973 2373 1184 2416 appellata,
1218 2380 1238 2405 e
1266 2371 1432 2405 Thracia
1458 2371 1605 2416 accepit
1631 2381 1750 2406 novos

281 2432 451 2467 colonos.
500 2430 640 2474 Ingens
675 2429 870 2466 diluvium.
919 2430 1007 2474 Cap.
1036 2430 1092 2467 47.
1149 2430 1270 2471 Saon,
1309 2428 1542 2473 reipublicae
1566 2429 1750 2465 conditor.

281 2489 403 2524 Simul
422 2487 559 2522 heroes
579 2487 664 2529 alii,
690 2486 912 2529 Dardanus,
939 2488 1084 2529 lasion,
1107 2487 1332 2521 Harmonia.
1373 2487 1461 2530 Cap.
1479 2486 1537 2523 48,
1589 2486 1752 2520 Harmo-

282 2549 347 2583 nia
374 2546 535 2587 Cadmo,
566 2545 710 2578 Iasioni
733 2544 876 2589 Cybele
899 2545 1141 2578 matrimonio
1165 2545 1330 2581 iunctae.
1385 2543 1446 2578 De
1472 2542 1531 2577 his
1557 2543 1749 2588 mythicae

283 2604 537 2639 narrationes,
572 2603 661 2646 Cap.
681 2603 737 2639 49.

379 2660 520 2695 Naxus.
566 2659 664 2693 Olim
682 2659 888 2705 Strongyle
906 2659 1110 2704 appellata.
1145 2658 1261 2692 Primi
1284 2658 1407 2692 coloni
1432 2657 1602 2692 Thraces
1628 2660 1751 2699 erant,

286 2727 381 2765 quos
404 2719 543 2757 Butes,
573 2716 723 2762 Boreae
741 2717 794 2752 fil.
813 2717 938 2762 patria
953 2717 1105 2761 pulsus,
1131 2726 1176 2750 eo
1195 2717 1417 2750 abduxerat.
1463 2715 1648 2748 Mulieres
1676 2715 1752 2747 ali-

284 2776 386 2811 unde
412 2778 560 2820 raptae.
599 2774 689 2820 Cap.
707 2775 764 2813 50.
818 2774 912 2809 Mox
930 2774 1026 2808 Otus
1045 2778 1085 2809 et
1100 2774 1318 2819 Ephialtes,
1351 2774 1398 2808 ob
1421 2776 1570 2818 raptam
1591 2775 1752 2807 matrem
