1859 3326
295 183 390 224 382
763 162 1295 223 ANNo'rArmNEs

289 292 550 348 μεταλλείαις
587 295 668 333 sint
707 294 964 344 deformatae,
1011 291 1064 335 τὰ
1103 291 1290 347 μέταλλα
1325 298 1528 337 cuniculos
1563 299 1751 338 indicant.

290 353 434 393 wass.

403 409 512 451 474.
541 409 616 449 95.
650 405 704 449 Οἱ
723 412 815 455 ταῖς
836 404 1069 460 ὑπονομαῖς
1091 404 1323 460 χρώιιιενοι]
1355 409 1404 447 Is.
1425 411 1586 449 Vossius
1603 407 1756 453 ὑπονο-

288 465 423 519 μειάις
452 468 608 513 maluit,
637 479 761 517 neque
788 466 966 514 absurde.
1019 465 1239 516 Hesychius
1268 473 1418 516 tamen,
1444 463 1677 521 ίΥπονομοιὶ
1703 491 1751 498 -

290 522 438 576 ὀχετοί.
466 524 607 563 Wess.

401 593 509 633 475.
540 593 615 632 21.
655 587 741 630 Ka)
768 590 844 630 τοῦ
875 584 981 643 πρὸς
1013 587 1060 631 τὸ
1089 594 1223 643 τεῖχος
1252 584 1382 632 τόπου
1413 586 1572 639 παντὸς
1597 588 1754 633 ἀνακα-

287 647 532 701 θαρθέντος
551 648 648 698 σιω]
688 646 869 685 Demiror
896 650 1042 685 nullam
1073 647 1135 685 hic
1164 648 1251 685 fieri
1281 652 1515 687 mentionem
1546 651 1630 688 eius
1661 665 1755 689 eon-

287 709 431 754 menti,
461 718 536 755 quo
563 705 817 743 architectum
835 704 1076 757 Diognetum
1095 704 1282 743 Demetrii
1307 706 1514 756 Helepolin
1537 714 1576 743 et
1595 720 1754 746 accessu

289 764 339 801 ad
376 776 504 800 muros
534 761 797 812 prohibuisse,
836 768 896 810 et,
932 770 976 800 ut
1012 776 1084 800 nee
1114 763 1295 814 progredi
1326 773 1398 801 nee
1437 765 1593 816 regredi
1621 772 1754 814 postea

288 821 477 869 potuerit,
519 819 690 857 effecisse
721 825 910 857 memorat
943 820 1147 858 Vitruvius
1177 820 1219 858 L.
1247 819 1300 857 X.
1328 822 1398 862 10.
1442 820 1487 858 In
1517 821 1619 859 Plut.
1647 822 1753 872 Apo-

287 877 482 928 phthegm.
504 890 541 926 p.
570 877 673 917 183.
714 875 938 914 Demetrius
959 879 1110 916 sociata
1137 891 1225 914 cum
1246 875 1409 915 Rhodiis
1428 891 1522 928 pace
1543 877 1753 929 Helepolin

284 935 425 972 iisdem
451 936 655 983 reliquisse
692 933 935 982 perhibetur:
985 945 1082 984 quae
1119 946 1181 971 res
1213 934 1387 974 vitruvii
1418 938 1636 974 narrationi
1665 935 1753 974 veri

285 992 480 1043 quandam
499 991 664 1039 speciem
683 992 890 1029 conciliare
911 999 1049 1040 potest.
1081 992 1217 1030 lVEss.

399 1059 508 1100 475.
525 1060 599 1099 31.
624 1056 972 1112 Προιοθόυμένην
990 1057 1066 1111 μὲν
1087 1054 1322 1112 εὐκινήτως]
1349 1055 1440 1097 Non
1454 1057 1574 1110 probo
1586 1075 1753 1114 προσω-

282 1113 497 1169 θόυμὲνην
528 1115 753 1154 schedarum
789 1117 1049 1166 quarundam,
1083 1120 1333 1166 quantumvis
1373 1130 1405 1154 c.
1437 1118 1512 1157 91.
1552 1115 1594 1157 οἵ
1623 1114 1666 1157 δ’
1707 1116 1751 1157 ἐκ

280 1176 365 1213 τῶν
398 1171 575 1214 ὄπισθεν
606 1176 745 1226 μερῶν
775 1169 1073 1227 παριστάιιιειιόι
1093 1169 1350 1226 προσώθουν
1377 1174 1551 1225 legatur:
1580 1174 1621 1212 id
1647 1178 1752 1213 enim

280 1230 372 1268 hinc
392 1230 659 1282 refingendum
678 1232 859 1268 arbitror.
887 1230 1028 1269 Wizss.

394 1299 502 1340 475.
535 1297 608 1339 56.
642 1294 879 1350 Τριάκοντα
905 1291 1103 1352 μυριάδες
1132 1294 1358 1352 ἀρταβῶν]
1398 1298 1620 1337 Herodotus
1649 1299 1692 1337 L.
1715 1296 1746 1340 I.

286 1358 306 1397 1
319 1357 391 1397 92.
407 1357 565 1405 definit3
592 1357 737 1393 Artaba
751 1369 932 1394 mensura
947 1356 1102 1394 Persica
1113 1364 1183 1404 est,
1210 1359 1388 1407 capacior
1407 1368 1522 1407 quam
1532 1357 1749 1394 medimnus

279 1413 433 1451 Atticus
462 1411 586 1451 tribus
617 1412 865 1450 choenicibus
885 1413 1038 1452 Atticis.
1073 1414 1262 1452 Medicam
1291 1419 1422 1452 tamen
1450 1414 1636 1451 Artabani
1656 1413 1750 1452 Sui-

281 1470 350 1508 das
380 1477 419 1508 et
438 1470 679 1520 Epiphanius
707 1468 895 1524 (Ponder.
917 1485 949 1509 c.
971 1468 1068 1524 24.)
1098 1471 1292 1508 medimno
1308 1470 1439 1509 Attico
1471 1473 1670 1521 aequalem
1688 1471 1748 1509 fa·-

279 1530 412 1576 ciunt,
452 1541 496 1566 eo
518 1527 621 1577 quod
644 1536 764 1564 Lxxu
794 1528 986 1566 sextarios
1017 1530 1228 1566 contineat.
1276 1525 1375 1565 Cum
1401 1527 1597 1579 Lipsiensi
1626 1530 1748 1579 igitur

279 1583 462 1635 scaphula
501 1583 720 1638 (Solae-ffel)
754 1588 943 1637 congruit.
975 1584 1116 1625 Ruon.
1170 1585 1362 1623 Medicam
1393 1585 1579 1623 Artabani
1609 1597 1746 1635 capere

275 1642 513 1680 medimnum
538 1639 735 1690 Atticum,
761 1645 873 1680 testis
903 1644 1016 1680 etiam
1046 1643 1265 1694 Polyaenus
1283 1641 1326 1680 L.
1347 1642 1411 1680 IV.
1434 1643 1477 1683 3.
1501 1642 1576 1682 32.
1612 1642 1664 1679 At
1683 1641 1747 1678 hic

275 1698 491 1750 Aegyptia,
518 1699 586 1736 ubi
605 1710 808 1737 mensurae
839 1699 879 1737 id
908 1710 1034 1750 genus
1065 1701 1243 1751 agnoseit
1266 1698 1398 1736 Schol.
1424 1701 1468 1737 in
1496 1698 1744 1749 Aristophan.

273 1756 444 1794 Acharn.
464 1769 503 1795 v.
527 1756 650 1804 108„
678 1756 934 1808 intelligitur:
963 1770 1008 1794 ea
1029 1769 1123 1796 vero
1143 1756 1459 1805 conplectebatur
1486 1761 1564 1793 tres
1593 1755 1743 1792 modios

275 1819 315 1851 et
335 1815 486 1852 tertiam
505 1813 627 1851 modii
647 1819 808 1862 partein.
846 1812 1060 1852 Rhemnius
1080 1813 1253 1852 Fannius
1281 1813 1326 1850 de
1355 1825 1524 1851 mensur.
1551 1826 1590 1851 v.
1612 1815 1685 1854 88.

442 1867 522 1908 Est
548 1872 670 1908 etiam
701 1870 842 1920 terris,
874 1883 976 1923 quas
1006 1869 1164 1910 advena
1192 1869 1309 1908 Nilus
1337 1867 1521 1917 inundat,
1618 1918 1621 1922 .

442 1925 628 1975 Artaba,
659 1930 726 1966 cai
750 1935 920 1981 superat
942 1929 1065 1967 modii
1082 1941 1189 1981 pars
1216 1926 1340 1965 tertia
1366 1934 1463 1979 post
1483 1934 1579 1964 treS.

442 1985 629 2036 Namque
657 1987 789 2023 decem
818 1986 961 2023 modiis
987 1985 1214 2038 explebitur
1243 1984 1402 2022 Artaba
1432 1985 1596 2036 triplex.

275 2040 424 2085 Quibus
457 2048 719 2080 consentanea
750 2041 1014 2092 Hieronymus
1036 2046 1079 2081 in
1106 2041 1262 2081 Daniel.
1289 2053 1322 2079 e.
1341 2040 1416 2082 XI.
1443 2042 1486 2081 5.
1517 2043 1556 2078 et
1584 2036 1742 2078 Esaiam

270 2096 305 2135 c.
328 2097 373 2135 V.
397 2099 467 2139 10.
499 2105 778 2136 conmentatur.
801 2099 941 2139 wass,

385 2168 496 2208 476.
531 2168 604 2208 74.
648 2169 750 2214 Τοῖς
784 2163 826 2206 (5³
863 2163 1005 2214 ἄλλοις
1032 2162 1170 2218 βέλεσι
1203 2158 1437 2221 πυρφόροις
1456 2160 1556 2217 eta]
1606 2163 1738 2201 Insere

271 2220 341 2262 καὶ
362 2230 451 2261 ante
470 2218 716 2278 πυρφόροις.
744 2223 882 2262 RHOD.
911 2224 966 2261 Ut
986 2224 1055 2263 καὶ
1074 2227 1280 2271 inseratur,
1301 2225 1381 2274 pati
1403 2232 1582 2272 possum3
1606 2233 1739 2270 quam-

272 2292 386 2329 quam
403 2294 452 2318 ex
473 2282 590 2319 animi
610 2284 685 2319 mei
709 2284 902 2319 sententia
922 2282 956 2319 si
975 2281 1210 2330 loquendum
1231 2283 1302 2328 sit,
1332 2281 1461 2329 potior
1480 2278 1576 2316 mihi
1596 2285 1635 2315 et
1654 2279 1738 2315 eul-

271 2339 349 2374 tior
376 2335 532 2375 videtur
559 2352 603 2376 ea
624 2340 836 2389 scriptura,
868 2350 988 2388 quam¹
1003 2352 1052 2376 ex
1074 2338 1199 2378 Vatic.
1233 2339 1396 2387 aliisque
1417 2336 1650 2374 membranis
1670 2347 1738 2371 ex·-

271 2399 441 2444 cerptam
461 2394 564 2435 dedi.
595 2395 736 2433 lVESS.

383 2452 492 2492 476.
525 2451 596 2492 11.
631 2451 717 2492 Καὶ
738 2443 887 2508 τάφρῳ
907 2447 1068 2510 βαθείᾳ
1086 2444 1361 2507 περιέλαβον]
1399 2444 1466 2488 Sic
1488 2446 1598 2488 bene.
1635 2443 1735 2486 Vide

269 2514 351 2546 not.
371 2509 413 2546 in
433 2505 476 2546 L.
496 2508 570 2549 XI.
591 2510 664 2549 30.
694 2508 834 2547 WEss.

381 2577 489 2617 476.
521 2576 592 2618 16.
623 2573 746 2629 Πρὸς
765 2574 841 2629 τὴν
862 2573 1037 2629 περαίαν
1061 2577 1137 2630 τῆς
1152 2572 1333 2627 Ἀσιάς]
1361 2574 1539 2614 Vertitur
1557 2573 1614 2611 ad
1629 2572 1735 2610 ulte-

268 2635 417 2671 riorem
437 2634 560 2672 Asiae
581 2637 857 2672 continentem.
898 2634 1074 2672 Retineri
1108 2640 1286 2682 potuerat
1308 2635 1364 2671 ad
1390 2633 1587 2670 Peraeam
1611 2629 1733 2666 Asiae

269 2692 444 2741 exemplo
468 2690 569 2729 Livii
594 2690 636 2728 L.
651 2691 834 2730 XXXII.
863 2690 938 2731 33.
979 2691 1130 2730 Rhodii
1149 2692 1346 2729 Peraeam
1368 2687 1502 2739 (regio
1524 2694 1585 2724 est
1602 2687 1731 2724 conti-2

266 2750 399 2785 nemis
430 2749 626 2786 adversus
656 2748 847 2796 insulam,
886 2755 1069 2786 veta-stae
1103 2761 1237 2786 eorum
1271 2747 1454 2800 ditionis)
1486 2743 1730 2796 repetebant.

268 2810 308 2840 et
336 2818 368 2841 c.
390 2805 463 2844 35.
505 2805 674 2844 Rhodiis
701 2807 923 2855 regionem,
961 2819 1079 2857 qaam
1111 2806 1309 2843 Peraeam
1342 2809 1507 2849 vocant,
1547 2802 1728 2838 reddere.

267 2860 364 2899 Aliis
392 2858 418 2913 ἡ
448 2862 598 2916 περαίᾳ
625 2858 916 2910 τῶνῬοόιίον.
945 2870 990 2901 ut
1018 2861 1202 2901 Straboni
1233 2862 1275 2898 l..
1297 2861 1401 2898 XiV,
1428 2873 1462 2910 p.
1485 2859 1590 2898 962.
1613 2856 1659 2894 D.
1687 2860 1727 2893 et
