1859 3326
293 178 358 221 94
767 171 1291 214 ANNOTATmNEs

285 303 381 340 ‚9⁵⁸0
404 289 519 341 patrii
537 288 668 326 moris.
694 284 862 334 Imperat
882 285 1142 335 Philomelus,
1171 293 1216 325 ut
1236 289 1369 325 statim
1394 295 1416 325 e
1435 285 1748 336 tripodkoatiei-

297 353 423 392 netur.
455 345 575 395 Atqui
593 356 672 381 non
692 342 832 380 licebat
853 341 894 380 id
913 344 1054 392 quovis
1073 350 1265 392 tempore,
1295 344 1364 381 sed
1384 345 1496 381 statis
1519 342 1677 392 diebus,
1708 350 1748 380 et

299 404 392 442 olim
419 401 572 452 quidem
595 401 677 438 solo
697 411 850 445 mense,
883 410 995 447 quem
1017 398 1178 449 Bysium
1197 398 1337 448 Delphi
1357 399 1624 450 adpellabant,
1661 397 1750 437 Cal-

299 458 466 497 listhene
487 464 525 494 et
543 454 816 492 Anaxandride
838 454 1064 495 auctoribus
1083 457 1125 493 in
1151 456 1309 499 Quaest.
1331 455 1468 493 Graec.
1491 453 1748 505 Plutarchip.

301 517 409 559 292.
431 512 474 554 F.
464 539 499 560 .,
530 514 673 549 seriore
704 516 926 560 tempestate
956 508 1066 557 ἅπαξ
1092 506 1268 551 ἑκάστου
1297 508 1430 563 μηνὸς
1468 514 1551 549 sive
1582 512 1749 562 singulis

246 566 250 571 ’
286 571 501 611 mensibus
523 569 653 615 semel,
668 567 800 604 eodem
822 573 919 603 teste
938 567 1041 605 Plut.
1065 566 1111 603 de
1133 567 1246 617 Pyth.
1268 567 1382 608 Orac.
1403 580 1440 616 Ρ
1453 569 1559 608 398.
1577 567 1623 605 Α.
1643 568 1750 617 Opus

302 634 497 679 praeterea
517 626 637 662 multo
656 630 738 660 erat
757 621 919 670 ambitu,
939 623 1237 671 mactandaeque
1256 626 1450 671 victimae,
1469 635 1567 673 quae
1585 631 1665 661 tum
1685 624 1750 672 de-

288 697 406 730 ‚mum
426 682 606 730 litabant,
621 681 689 717 ubi
709 686 791 716 toto
810 688 970 727 corpore
991 682 1342 717 contremiscerent.
1367 677 1462 719 Ἐὰν
1482 677 1559 732 γὰρ
1579 677 1638 730 μὴ
1656 681 1752 719 τοῦ·

302 753 351 780 το
373 736 561 807 γένηται,
590 733 637 775 τὸ
667 740 862 787 μαντεῖον
891 733 938 774 οὐ
971 733 1075 788 (sacti
1102 735 1387 787 χρηματίζειν,
1417 733 1511 776 οὐδ’
1545 732 1752 787 εἷσὰγουσι

302 810 353 848 τη
359 811 380 834 ν
408 792 585 834 Πυθιαν
628 793 766 829 iterum
797 790 994 828 Plutarch.
1028 791 1074 828 de
1096 793 1211 830 Orac.
1233 788 1320 829 Def.
1339 804 1375 840 p.
1398 793 1507 832 435.
1529 789 1570 828 C.
1604 791 1753 828 Horum

303 851 450 902 aliquid
472 850 505 886 si
524 849 641 886 fuerit
659 849 915 898 neglectum,'
905 861 1037 885 iurene
1059 847 1219 898 Pythias
1234 845 1308 887 οὐκ
1326 851 1426 888 εἶναι
1446 850 1578 888 ταῦτα
1601 843 1753 913 πάτρια

305 904 475 945 dixerit?
512 904 662 942 Mecum
685 905 804 941 sentit
824 906 866 942 in
886 911 966 942 not.
985 903 1161 943 Addend.
1183 903 1506 952 Rhodomannus,
1531 904 1600 952 qui
1620 897 1754 942 ταῦτά

303 961 388 1003 ἐστι
412 958 527 1014 παρὰ
547 957 599 1000 τὰ
618 956 786 1011 πάτρια,
811 958 909 998 vel‘
896 957 959 1000 ότι
976 962 1110 1000 ταῦτα
1133 957 1208 1000 οὐκ
1227 958 1314 1000 ἐστὶ
1333 958 1385 1001 τὰ
1406 954 1574 1015 πάτρια,
1597 973 1637 997 se
1656 960 1754 997 mal-

304 1020 341 1060 le
358 1026 520 1057 testatus
544 1023 614 1054 est.
646 1016 784 1056 WESS.

421 1076 524 1116 102.
556 1073 631 1113 65.
662 1067 1043 1125 ιΤΥῑερπετὸμξνος]
1083 1067 1448 1127 ςΥπερπξτώλιιενος
1474 1071 1570 1124 Reg.
1598 1073 1638 1113 1
1662 1071 1752 1111 Vid.

306 1130 420 1171 adL.
443 1130 509 1169 lV.
533 1131 606 1170 77.
625 1140 661 1178 p.
684 1129 790 1169 321.
833 1129 973 1166 WEss.

423 1187 528 1227 103.
561 1187 634 1226 67.
673 1182 762 1231 Τὰς
783 1198 852 1237 τρε
856 1199 988 1238 ([ομει
992 1198 1041 1230 ας
1066 1181 1107 1223 ἓν
1128 1186 1187 1223 τῶ
1217 1181 1341 1239 ἱερῶ]
1377 1183 1494 1222 Forte
1514 1196 1580 1222 eas
1598 1150 1758 1235 respicit

304 1243 405 1294 apud
424 1243 646 1291 Euripidem
666 1242 910 1292 cognominis
931 1242 1084 1278 fabulae
1102 1254 1140 1277 v.
1166 1243 1268 1281 172
1300 1241 1391 1278 lon:

470 1296 565 1345 Ἐὰ,
589 1295 683 1344 Ἐὰ,
720 1297 782 1343 τίς
811 1294 880 1336 b'd'
917 1293 1100 1364 ὀρνίθωι
1127 1294 1269 1344 καινὸς
1296 1309 1423 1350 προσε
1407 1293 1508 1348 ἔβας

472 1354 587 1394 Μῶν
617 1349 697 1393 ὕπὸ
726 1349 947 1406 θοηκοιῖς,
978 1350 1144 1399 εὐναίας

472 1407 710 1463 Καρφυρὰς
740 1406 890 1461 θησων
918 1407 1095 1456 τέκνοιςς

309 1466 378 1505 Sic
397 1451 495 1518 lege.
524 1466 625 1504 Nam
642 1463 882 1519 καρφηοὰς,
913 1465 1014 1515 quod
1034 1465 1162 1502 sedem
1185 1478 1268 1502 eam
1297 1465 1465 1511 invasit,
1493 1465 1666 1513 ineptum
1685 1440 1756 1511 est,

309 1526 425 1561 sicuti
435 1499 497 1559 oet
527 1535 593 1569 ea,
623 1535 719 1572 quae
748 1520 942 1559 Burdelot.
972 1523 1127 1559 notavit
1154 1520 1202 1558 ad
1233 1521 1431 1558 Heliodor.
1453 1533 1488 1569 Ρ.
1515 1523 1586 1560 16.
1617 1519 1757 1557 Melius

306 1581 683 1630 praestantissimus,
714 1577 805 1614 dum
826 1579 1049 1626 superabat,
1083 1577 1131 1614 G.
1152 1577 1346 1614 Arnaldus
1369 1577 1476 1614 Lect.
1495 1576 1632 1613 Graec.
1656 1575 1699 1614 L.
1723 1575 1754 1614 Ι.

315 1637 384 1676 ll.
407 1648 444 1685 Ρ.
472 1637 546 1675 76.
579 1647 628 1671 ex
656 1633 853 1684 Hesychio
883 1637 926 1671 in
950 1632 1188 1685 Καοᾳυλαί.
1230 1633 1300 1671 Ion
1320 1647 1437 1680 vero,
1459 1639 1503 1669 ut
1522 1632 1570 1669 ad
1591 1645 1677 1669 eum
1695 1644 1756 1668 re-

309 1692 440 1740 deam,
482 1691 554 1728 hoc
586 1697 739 1739 praeter
769 1697 895 1727 cetera
925 1692 1132 1727 ministerii
1163 1690 1314 1737 obibat,
1352 1696 1396 1727 ut
1419 1702 1444 1728 a
1472 1689 1666 1738 donariis,
1707 1700 1758 1725 ne

307 1748 355 1787 ab
376 1760 424 1787 av
416 1722 514 1786 ibus
532 1749 853 1797 inquinarentur,
891 1759 956 1783 eas
974 1752 1143 1783 arceret:
1186 1746 1288 1783 unde

533 1823 582 1831 —-
616 1823 665 1830 --
689 1804 865 1869 πτηιῶν
895 1799 937 1842 τ’
972 1799 1067 1855 ἀμ’).
1072 1815 1136 1850 ας,

528 1856 599 1900 ,A‘t
618 1854 878 1909 βλάπτουσιν

528 1913 650 1966 Σέμν’
683 1910 965 1965 ἀναθηματα,
991 1908 1171 1962 τόξοισιν
1198 1910 1313 1967 ἐμοῖς

534 1967 734 2023 Φυγάὸας
761 1967 964 2022 θησομεν.

308 2037 411 2067 vers.
438 2026 541 2068 106.
566 2027 704 2077 inquit.
734 2027 869 2065 Wx-:ss

429 2083 529 2122 103.
555 2085 630 2124 81
667 2082 753 2122 Καὶ
780 2078 853 2122 τόν
872 2097 916 2122 τε
945 2078 1142 2133 σταθμὸν
1163 2080 1232 2120 καὶ
1254 2077 1329 2122 τὸν
1348 2077 1533 2135 ἀριθμὸν
1553 2082 1638 2121 τῶν
1659 2076 1760 2121 ἄνα-

309 2135 541 2190 σημάτων]
567 2139 705 2188 Liquet
725 2138 827 2186 hinc,
858 2138 959 2187 quod
979 2145 1018 2175 et
1037 2138 1191 2176 aliunde
1210 2144 1384 2185 constat,
1412 2137 1583 2174 donariis
1607 2139 1760 2188 singula

309 2195 481 2244 pondera
503 2195 625 2231 fuisse
646 2197 844 2243 inscripta,
863 2195 1154 2243 eorumdemque
1176 2207 1388 2241 numerum,
1417 2205 1491 2242 quo
1513 2205 1682 2243 quaeque
1701 2195 1760 2230 lo-

311 2264 358 2287 co
389 2251 430 2286 in
461 2249 648 2288 thesauris
677 2258 786 2288 erant
813 2253 1003 2300 reposita,
1028 2252 1170 2288 tabulis
1192 2252 1394 2287 insertum.
1434 2249 1529 2287 Rem
1548 2250 1759 2287 illustrabit

309 2305 531 2345 Herodotus
551 2307 593 2344 L.
616 2307 644 2344 1.
669 2308 709 2347 5.
732 2315 769 2344 et
789 2309 1199 2349 monumentumjnter
1214 2306 1347 2356 Antiq.
1366 2306 1489 2345 Asiat.
1511 2305 1625 2346 Edm.
1648 2304 1761 2344 Clus-

309 2362 404 2400 hull.
427 2375 462 2412 p.
486 2363 559 2403 69.
580 2370 653 2403 etc.
692 2363 828 2403 WESS.

428 2420 530 2459 103.
561 2418 637 2459 94.
678 2419 806 2459 Γαῖον
836 2415 1034 2473 Μάρκιον
1054 2418 1159 2469 etc.]
1188 2417 1312 2456 *Confi
1335 2417 1490 2457 Livium
1507 2416 1552 2455 L.
1572 2416 1658 2457 VII.
1684 2416 1757 2458 15.

309 2474 532 2571 νΨΕΜἸΟΒ.
563 2529 606 2569 6.
655 2529 764 2583 Περὶ
792 2527 866 2576 τὰς
900 2526 1158 2583 Φαιὸριάδας
1189 2528 1446 2581 καλουμένας
1476 2526 1654 2582 πέτρας]
1698 2527 1758 2566 De

311 2585 463 2636 Aesopo
494 2584 635 2622 suidas
663 2588 705 2623 in
726 2583 930 2630 Αἴσωπος
953 2594 990 2624 et
1013 2584 1238 2636 Φαιὸριὰς,
1270 2589 1417 2635 perisse
1444 2599 1529 2623 eum
1557 2585 1760 2635 perhibent

312 2639 730 2694 κατακρημνισθέντα
761 2638 841 2680 ἀπὸ
874 2644 957 2681 τῶν
990 2638 1256 2695 &mumolum
1286 2640 1550 2692 καλουμένων
1581 2644 1755 2692 πετρῶν,

313 2710 409 2748 quae
429 2698 559 2734 eadem
582 2710 686 2735 saxa.
707 2697 937 2735 Plutarchus
948 2698 1201 2735 fabulatorem
1223 2712 1308 2735 eum
1326 2699 1571 2747 praecipitem
1589 2709 1637 2733 ex
1648 2709 1756 2747 rupe,

315 2755 380 2791 cui
411 2753 640 2804 Hyampiae
669 2766 810 2790 nomen
829 2760 932 2800 erat,
965 2761 1091 2791 actum
1111 2755 1230 2791 refert
1252 2754 1298 2791 T.
1321 2755 1368 2791 11..
1390 2766 1426 2802 Ρ.
1449 2754 1567 2799 557.,
1596 2752 1753 2802 insuper

312 2810 472 2857 addens,
499 2807 683 2859 Delphos,
703 2823 789 2847 eum
810 2821 953 2858 poenas
973 2810 1123 2859 Aesopo
1145 2810 1353 2857 dedissent,
1373 2811 1647 2860 sacrilegorum
1666 2821 1756 2858 sup-
