1891 3310
406 172 470 212 ΙΝ
499 170 1524 224 L1B XV1.CAP.88.-91.1·37

75 292 252 336 putetur,
275 286 424 327 τοῦτον
445 282 491 325 δὲ
510 279 699 325 θάπτειν.
736 283 943 324 Auctorem
961 283 1011 323 do
1028 282 1133 325 Plut.
1165 290 1337 324 extrema
1354 285 1434 325 Vit.
1454 287 1528 325 Ti-

76 345 180 390 mol„
201 344 267 380 ubi
278 342 609 392 Syracusanorum
631 341 829 379 decretum
850 341 998 378 editur
1022 335 1042 380 ὅ
1063 339 1198 391 δῆμος
1217 343 1301 381 τῶν
1313 341 1529 408 Συρακου-

78 398 178 439 σίων
211 396 468 449 Τιμολέοντα
504 393 776 449 Τιμοδήμου,
824 395 1055 450 Κοοίνθιον
1082 392 1223 445 τόνδε,
1270 393 1422 438 θάπτει
1451 398 1528 450 μὲν

77 453 299 494 διακοσίων
313 455 452 504 μνῶν,
479 451 645 505 ἒτίμνσε
665 452 711 493 δὲ
740 452 798 500 εἷς
814 449 889 492 τὸν
913 449 1076 492 ἅπαντα
1101 448 1253 504 χρόνον
1278 450 1407 519 ἀγῶσι
1425 470 1529 506 μου·

77 515 225 559 σικοῖς,
256 507 454 556 mutuose,
483 513 715 561 γὐμιικοΐς,
745 505 808 549 ὅτι
830 505 928 555 τοὺς
948 503 1175 576 τυράννους
1197 505 1351 547 καταλ’
1331 524 1434 557 υσας
1460 527 1531 550 και

75 581 175 612 τους
191 560 433 617 βαρβάρους
453 562 822 617 καταπολεμησας,
849 564 917 604 καὶ
936 561 1012 610 τὰς
1025 562 1223 617 μεγίστας
1240 567 1325 605 τῶν
1344 563 1530 606 ἀναστά-

32 618 159 661 ’7-των
196 618 355 661 πόλεων
386 620 567 670 οἰκίσας,
605 619 789 661 ἀπέδωκε
822 618 921 668 τοὺς
948 615 1102 671 νόιιους
1139 625 1226 667 τοῖς
1256 618 1530 669 Σικελιωταις.

75 677 138 715 Ex
168 678 304 727 quibus
333 679 458 714 cuivis
485 685 657 728 apertum
688 678 874 725 arbitror,
913 679 996 725 ipsa
1023 674 1291 745 psephismatis
1317 678 1435 715 verba
1456 679 1530 716 ad-

75 734 272 772 umbrasse
284 731 510 774 Diodorum.
545 732 694 782 Scripsi
713 740 839 771 autem
862 734 906 771 T
902 746 1110 784 ιμαινετου
1127 729 1233 782 υἱὸν,
1260 733 1363 783 quod
1382 736 1530 772 utrius-

77 802 150 839 que
170 791 250 827 sint
269 790 434 840 vestigia
453 792 494 828 in
527 791 656 828 verbis
683 789 914 830 TIMAIN
933 784 1152 841 ΕΤήσιον,
1179 795 1217 826 et
1235 795 1372 827 auctor
1396 789 1530 829 Timo-

76 848 245 885 leontem
273 844 491 889 Timaeneti
508 845 539 883 F
542 873 575 895 .,
606 859 686 884 non
706 844 947 893 Timodemi,
977 851 1021 882 ut
1050 844 1304 894 Plutarchus,
1332 845 1531 896 perhibeat

78 916 114 942 c.
138 904 212 944 66.
242 901 379 940 wssss.

195 960 298 999 150.
325 959 367 998 9.
404 954 568 1010 ’Ayn'io't
588 955 823 1011 μουσικοῖς]
853 956 951 995 Vide
967 957 1075 995 viros
1093 957 1375 996 eruditissimos
1396 957 1534 997 L.Ku-

78 1020 168 1053 ster
190 1015 238 1054 ad
258 1013 453 1063 Aristoph.
477 1014 580 1054 Plut.
602 1028 640 1052 v.
666 1016 801 1055 1164.
831 1020 869 1052 et
887 1012 950 1053 Ti.
970 1012 1288 1053 Hemsterhusum
1304 1015 1353 1053 ad
1373 1016 1534 1055 eandem

78 1071 244 1110 fabulam
266 1085 301 1121 p.
319 1071 426 1111 453.
455 1070 590 1108 WESS.
623 1073 664 1107 in
682 1070 781 1108 A.dd

195 1127 404 1168 150.12
443 1125 645 1178 Οῗκίσας]
683 1126 752 1166 Sic
784 1139 834 1166 ex
852 1124 988 1176 steph.
1018 1127 1146 1164 veteri
1164 1125 1264 1164 libro
1282 1133 1461 1181 praestat
1483 1128 1532 1166 ob

77 1182 340 1221 Plutarchum.
366 1180 594 1232 Ἐνοικίζειν
615 1183 721 1221 aliud
742 1190 858 1233 atque
878 1196 1009 1221 eorum
1027 1189 1109 1230 est,
1135 1183 1204 1232 qui
1221 1184 1264 1220 in
1285 1183 1425 1220 aedes
1414 1187 1534 1222 inmi-

79 1247 216 1291 grant,
242 1239 344 1277 unde
372 1237 544 1279 ἐνοίκιον
569 1243 725 1290 pensio,
754 1253 851 1290 quae
872 1251 940 1289 pro
962 1238 1113 1276 aedium
1133 1251 1207 1277 usu
1226 1238 1396 1277 debetur.
1436 1241 1533 1278 Vide

79 1298 294 1349 elegantem
312 1296 455 1333 incerti
474 1297 674 1346 scriptoris
690 1297 845 1335 locum'
834 1309 876 1335 in
889 1294 1048 1332 Stobaei
1065 1293 1382 1345 Serm.1.p..19
1398 1296 1534 1334 VVEss.

200 1353 304 1393 151
335 1352 405 1392 14.
437 1348 777 1405 Ἀριοβαρζάνης
805 1350 884 1405 μὲν
911 1346 1176 1403 graiasque]
1216 1349 1330 1391 conf.
1355 1365 1468 1402 supra
1490 1353 1534 1391 L

79 1407 172 1449 XV
202 1410 277 1449 90.
321 1407 514 1459 Phrygiae
542 1409 776 1459 imperabat,
810 1414 850 1447 et
876 1410 978 1459 parti
1007 1406 1157 1457 Mysiae
1187 1413 1227 1445 et
1259 1405 1534 1458 Cappadociae.

79 1463 159 1502 Res
190 1468 271 1502 eius
297 1471 426 1516 gestas
448 1472 623 1502 recenset
652 1467 692 1502 in
711 1478 847 1516 regum
876 1465 993 1503 Ponti
1012 1462 1188 1502 Historia
1214 1463 1271 1504 Io.
1292 1463 1539 1515 Vaillantius,

82 1521 149 1560 sed
169 1522 290 1559 multa
306 1522 433 1558 aliena
456 1520 695 1569 admiscens,
723 1535 758 1571 p.
754 1497 857 1563 ὗ27.
878 1527 951 1558 etc.
980 1519 1119 1558 XVEss.

197 1579 218 1618 1
230 1578 397 1617 51-16.
424 1573 701 1630 Μιθριδάτης
718 1573 839 1632 ηρξεν
855 1573 925 1629 ἔτη
941 1573 1056 1616 πέντε
1073 1571 1179 1628 πρὸς
1194 1578 1282 1622 τοῖς
1298 1571 1538 1631 τριάκοντα]

79 1631 225 1671 Eadem
243 1632 287 1670 L.
310 1632 410 1672 XX.
436 1635 540 1674 112
572 1640 611 1670 et
639 1641 755 1673 recte.
792 1633 905 1679 Quod
923 1635 1026 1671 enim
1059 1631 1130 1670 hos
1150 1645 1330 1671 numeros
1358 1636 1447 1672 vitii
1469 1648 1537 1672 ar-

80 1692 165 1741 guit
192 1689 237 1729 P.
260 1689 494 1727 Vaillantius
514 1688 619 1730 Hist.
641 1703 723 1742 reg.
753 1691 867 1728 Pont.
891 1702 929 1740 p.
952 1690 1039 1736 32„
1068 1688 1110 1726 id
1141 1690 1222 1735 illi,
1248 1690 1348 1726 male
1369 1691 1538 1729 calculos

81 1746 332 1793 subducenti,
359 1747 402 1783 in
433 1748 653 1795 opinionem
671 1747 805 1785 venit:
835 1747 890 1782 ait
913 1746 961 1783 ab
990 1757 1094 1782 anno
1120 1744 1163 1784 4.
1186 1744 1340 1795 Olymp.
1370 1756 1436 1785 cx.
1461 1759 1539 1784 no-

80 1815 169 1841 vem
189 1803 360 1852 integras
379 1800 532 1851 Olymp.
553 1803 692 1839 abiisse
711 1802 762 1840 ad
781 1801 936 1852 Olymp.
961 1810 1068 1839 cxlx
1088 1813 1231 1839 annum
1252 1803 1431 1851 tertium,
1463 1815 1538 1852 quo

81 1860 167 1897 vita
188 1858 369 1906 depulsus
399 1864 459 1894 est
481 1857 746 1896 Mithridates:
774 1870 959 1910 regnasse
978 1870 1069 1908 ergo
1097 1868 1165 1906 per
1186 1857 1331 1895 solidos
1352 1869 1446 1897 xxx
1464 1873 1540 1897 an-

82 1926 167 1952 nos.
209 1912 287 1950 Sed
308 1926 387 1951 non
409 1914 599 1961 advertit,
628 1916 828 1964 utriusque
859 1915 1014 1951 termini
1040 1912 1254 1951 habendam
1279 1914 1400 1952 fuisse
1420 1918 1540 1954 ratio-

82 1983 173 2008 nem
203 1976 241 2006 et
266 1970 385 2008 trium
411 1972 526 2008 etiam
554 1984 766 2018 annorum,
805 1970 874 2020 qui
901 1969 1056 2021 Olymp.
1078 1979 1180 2007 cxlx
1207 1970 1410 2009 excedunt.
1454 1971 1542 2024 Ego

83 2039 177 2065 vero
195 2027 264 2064 vix
287 2025 434 2073 dubito,
458 2028 551 2075 quin
575 2026 636 2065 hic
655 2028 708 2064 sit
726 2026 985 2073 Mithridates,
1001 2025 1275 2063 Ariobarzanis
1293 2025 1411 2074 filius,
1432 2031 1541 2067 cuius

86 2082 176 2121 dolo
205 2080 386 2120 Datames
414 2084 645 2121 interfectus
675 2084 792 2133 periit
821 2082 923 2132 apud
951 2081 1092 2132 Nepot.
1123 2079 1275 2120 cornel.
1307 2084 1350 2121 in
1377 2082 1541 2122 Datame

84 2151 118 2176 c.
134 2140 205 2179 10.
235 2137 353 2176 Aetas
367 2151 447 2176 non
469 2140 610 2188 obstat,
632 2152 745 2188 quam
764 2141 988 2191 longissime
1008 2141 1050 2177 in
1069 2151 1215 2177 annum
1232 2150 1351 2189 usque
1364 2150 1541 2178 Lxxxlv.

85 2197 333 2246 prorogavit,
364 2194 567 2234 Luciano
556 2209 598 2234 in
621 2196 793 2235 Macrob.
814 2209 847 2233 c.
873 2197 944 2237 13.
975 2201 1086 2233 teste.
1116 2195 1254 2233 Wssss.

204 2251 307 2291 151.
336 2252 409 2292 18.
452 2251 559 2304 Περι
585 2248 705 2292 πόλιν
729 2248 973 2304 Σούεσσαν]
1004 2251 1069 2291 Ad
1090 2251 1326 2300 Trifanum,
1350 2253 1456 2290 inter
1475 2252 1543 2292 Si-

87 2320 270 2346 nuessam
298 2313 339 2345 et
363 2306 596 2346 Minturnas
624 2311 660 2348 is
690 2309 800 2347 locus
822 2314 892 2347 est.
929 2307 988 2346 Ita
1009 2307 1146 2346 Livius
1174 2306 1218 2344 L.
1248 2307 1447 2350 V111.11.
1477 2311 1543 2348 ubi

88 2362 176 2402 Car.
209 2363 394 2414 Sigonius
422 2361 675 2405 Σινούεσσαν
706 2364 796 2402 huic
825 2367 911 2403 loco
932 2363 1168 2402 reddendam
1191 2363 1382 2404 admonet.
1423 2365 1546 2404 Simi-

87 2421 165 2457 lem
191 2420 366 2458 mendam
392 2432 441 2458 ex
459 2420 677 2459 Ptolemaeo
698 2423 793 2460 eluit
814 2420 884 2460 Ph.
912 2418 1117 2460 Cluverius
1146 2419 1230 2459 Ital.
1257 2420 1390 2471 Antiq.
1411 2420 1455 2459 L.
1476 2422 1545 2460 111.

91 2487 130 2525 Ρ
154 2477 290 2517 1079.
319 2475 454 2513 Wnss.

207 2532 311 2573 151
337 2534 411 2572 22.
448 2529 746 2585 Πυθοὸώοου]
777 2532 836 2570 Ab
855 2531 1022 2571 Arriano
1043 2529 1201 2586 (Ἀναβ.
1216 2528 1343 2580 Ἀλεξ.
1364 2531 1406 2570 L.
1429 2530 1546 2584 1.1.)

90 2595 254 2626 vocatur
283 2584 549 2640 Πυθοδιῑμος
578 2591 643 2637 qui
671 2588 734 2626 hic
759 2584 1041 2642 Πυθόδωρος.
1067 2587 1227 2627 8ΤΕΡΗ.
1267 2588 1432 2626 Arriano
1453 2603 1547 2626 eon-

93 2647 211 2682 sentit
237 2643 452 2694 Dionysius
481 2648 521 2681 in
552 2644 748 2683 Dinarcho
777 2657 816 2693 p.
843 2646 946 2686 116.
975 2658 1060 2682 cum
1084 2643 1287 2695 Sylburgii
1308 2653 1409 2684 nota.
1457 2643 1547 2682 Stat

91 2713 116 2737 a
134 2699 269 2737 Nostri
288 2701 458 2749 partibus
477 2699 758 2738 Demosthenes
781 2700 880 2738 Or.
870 2714 911 2738 m
930 2700 1197 2751 Olympiodor.
1220 2712 1255 2749 p.
1278 2702 1398 2749 652„
1430 2703 1462 2737 si
1492 2701 1546 2738 lo.

94 2755 304 2794 Meursium
326 2756 372 2793 de
396 2755 581 2794 Archont.
608 2757 649 2794 L.
678 2757 742 2794 lv.
769 2758 840 2798 12.
867 2756 989 2794 audis.
1039 2756 1118 2794 Sed
1148 2769 1241 2794 eave
1266 2757 1381 2794 faxis.
1432 2756 1545 2795 Alius

97 2819 178 2860 est,
206 2819 249 2850 ut
274 2825 336 2851 res
366 2813 508 2852 ibidem
537 2820 765 2852 memoratae
796 2813 1030 2860 ostendunt,
1062 2825 1184 2862 neque
1216 2812 1262 2850 ab
1285 2825 1329 2850 eo
1358 2812 1548 2862 diversus,
