1891 3310
530 196 846 228 STEPHANI
884 194 1262 225 PRAEFATIO.
1544 192 1618 224 VII

157 307 375 341 cognosces,
407 295 454 328 ab
481 294 615 328 eodem
643 293 914 338 Thucydideae
940 291 1122 325 historiae
1151 288 1197 322 de
1223 288 1337 322 rebus
1360 289 1480 331 gestis
1502 289 1617 322 Grae-

155 366 285 389 corum
311 354 631 387 continuationem
659 353 836 396 accipies.
869 355 909 383 at
933 359 981 384 ex
1004 347 1174 381 Diodoro
1201 357 1274 379 non
1301 346 1420 379 solum
1448 344 1617 379 Persico-

153 424 236 447 rum
269 422 420 455 regum‚
463 421 536 443 non
570 410 691 442 solum
730 406 1091 451 Peloponnesiorum
1128 407 1167 437 et
1197 401 1503 443 Atheniensium,
1550 404 1616 436 sed

154 471 271 503 totius
303 468 383 502 fere
416 467 633 500 habitabilis
666 466 768 499 orbis
806 476 869 499 res
910 468 1041 509 gestas
1087 461 1293 504 perdisces.
1354 459 1497 492 Beatos
1541 463 1617 493 exi-

153 529 350 561 stimamus
391 535 526 569 regeS‚
575 525 709 569 quibus
744 523 885 556 diversi
920 532 943 554 a
979 519 1141 553 diversis
1184 517 1285 550 orbis
1332 517 1501 560 partibus
1549 528 1609 550 eo-

153 586 239 619 dem
267 587 438 626 tempore
465 593 533 626 per
559 591 647 614 suos
673 579 860 625 ἀγγάρους,
905 588 994 611 suos
1018 574 1298 621 ἧλιιεροδρὸμους,
1342 583 1432 606 suos
1456 573 1613 618 ἀγγελια-

154 642 285 687 φόρους
309 641 429 674 nuntii
458 639 680 673 afferuntur.
729 639 775 670 At
792 635 980 669 Diodorus
1006 634 1064 666 sui
1089 633 1215 676 operis
1248 631 1432 671 lectores,
1479 633 1614 665 etiam-

154 701 187 733 si
213 699 349 743 privati
375 699 451 730 sint
474 697 658 737 homines,
691 693 762 728 hac
789 695 827 726 in
852 703 893 726 re
920 692 1012 735 ipsis
1036 690 1191 734 regibus
1215 692 1374 733 aequat,
1411 692 1450 721 et
1474 689 1614 721 unicui-

154 768 226 801 que
260 767 301 790 se
334 757 506 800 ιῖγγαρον,
546 764 587 787 se
619 750 879 798 ἡμεροδρόμον,
924 759 965 781 se
991 743 1247 793 ιῖγγελιαφόρον
1283 748 1465 789 praestat.
1524 745 1613 778 Cae-

154 822 277 849 terum
314 824 409 858 quae
444 812 624 852 Diodori,
674 810 807 843 eadem
852 810 891 840 et
929 804 1079 848 Polybii
1124 805 1316 838 sententia
1356 803 1451 843 fuit,
1510 803 1614 834 nimi-

153 884 234 906 rum
270 871 483 916 peculiares
524 869 629 913 genti
673 867 786 900 alicui
825 863 888 897 vel
922 861 1060 906 populo
1094 860 1273 894 historias
1310 862 1372 893 vix
1406 861 1612 902 separatim

152 941 264 976 posse
292 940 358 972 pro
385 927 570 971 dignitate
597 925 771 966 tractari,
814 920 912 966 quod
941 919 1121 952 videlicet
1153 929 1215 951 res
1247 917 1381 951 eodem
1423 922 1607 960 tempore,

151 990 243 1023 licet
269 985 430 1020 diversis
458 985 494 1016 in
521 982 712 1026 partibus,
752 983 905 1024 gestas,
946 987 1060 1020 saepe
1086 976 1186 1008 inter
1217 985 1259 1008 se
1294 979 1403 1018 aptas
1435 975 1612 1018 quodam-

153 1046 265 1079 modo
289 1048 328 1078 et
351 1040 601 1075 cohaerentes
633 1048 718 1071 esse
750 1037 955 1079 contingat.
1004 1033 1112 1074 Quod
1139 1032 1290 1075 quidem
1316 1041 1388 1075 ego
1416 1041 1461 1064 eo
1487 1033 1610 1063 niinus

154 1105 291 1144 miror,
336 1098 436 1144 quod
460 1097 571 1130 huius
595 1100 672 1128 tam
698 1095 890 1136 spatiosae
920 1092 1022 1125 orbis
1048 1089 1244 1123 machinae
1282 1089 1517 1122 conditorem
1553 1100 1610 1122 oc-

153 1162 290 1194 cultam
329 1156 516 1201 quandam
551 1155 632 1188 eius
668 1150 945 1196 quantumlibet
975 1149 1118 1183 dissitis
1151 1147 1341 1191 partibus,
1394 1157 1466 1178 non
1501 1156 1610 1179 secus

151 1229 196 1252 ac
230 1217 381 1251 humani
416 1212 584 1257 corporis
619 1208 818 1249 membris,
869 1206 1095 1251 συμπάθειαν
1122 1206 1222 1237 inter
1246 1214 1288 1236 se
1316 1203 1499 1236 indidisse
1534 1205 1609 1236 exi-

151 1277 315 1309 stimem.
359 1271 505 1315 Alioqui
532 1279 604 1313 quo
630 1267 782 1300 tandem
811 1269 918 1309 pacto
944 1263 1180 1306 (exemplum
1210 1262 1308 1294 enim
1336 1259 1477 1294 afferre
1502 1260 1609 1294 libet>

154 1333 360 1376 contigisse
394 1329 629 1367 diceremus,
668 1329 710 1357 ut
743 1327 799 1356 tot
830 1324 868 1355 in
901 1321 993 1355 locis
1031 1324 1138 1352 tanto
1170 1319 1374 1352 intervallo
1414 1319 1600 1361 separatis

151 1396 210 1424 tot
233 1390 333 1423 servi
361 1389 450 1430 iugo
477 1386 637 1427 abrupto
662 1383 700 1414 in
725 1380 899 1414 dominos
926 1389 1014 1412 suos
1039 1387 1145 1410 arma
1172 1380 1373 1420 caperent,
1404 1379 1442 1408 et
1464 1375 1510 1407 ad
1532 1379 1606 1406 tau·

152 1448 299 1481 atrocia
338 1445 440 1478 bella
475 1437 787 1487 prorumperent&
843 1437 913 1477 Qui
949 1436 1087 1469 sactum
1123 1444 1208 1468 esse
1242 1437 1460 1476 putaremus
1508 1437 1548 1463 ut
1585 1434 1608 1463 ii

151 1509 265 1539 antea
290 1503 429 1546 quieti,
476 1504 515 1533 et
546 1508 637 1532 suae
670 1496 897 1530 conditionis
921 1493 1167 1536 asperitatem
1193 1491 1377 1535 patientia
1401 1491 1609 1528 vincentes,

150 1568 227 1596 tam
252 1563 409 1604 repente
436 1557 483 1590 ad
509 1559 652 1589 tantam
676 1554 867 1587 libertatis
891 1550 1134 1594 cupiditatem
1157 1547 1469 1587 accenderentur,
1495 1546 1609 1579 idem-

151 1630 223 1664 que
249 1617 382 1651 eodem
409 1615 490 1648 sere
519 1614 710 1646 momento
736 1611 850 1643 ardor
874 1613 931 1643 tot
954 1607 1145 1641 hominum
1173 1607 1318 1639 animos
1340 1605 1376 1636 in
1398 1604 1610 1636 disiunctis-

152 1677 258 1710 simis
284 1675 397 1708 terris
422 1668 698 1705 inflammaret-3
746 1668 842 1701 Dico
866 1670 1012 1708 autem,
1054 1664 1190 1698 eodem
1213 1667 1400 1705 tempore:
1433 1662 1609 1704 quoniam

151 1735 184 1767 si
215 1743 261 1766 ea
289 1741 383 1776 quae
408 1740 483 1763 uno
509 1730 546 1761 in
571 1728 654 1761 loco
681 1727 755 1758 iam
779 1724 1015 1764 acciderant,
1053 1723 1092 1754 in
1119 1721 1194 1754 alio
1222 1720 1415 1764 aliquanto
1442 1722 1527 1761 post
1551 1728 1608 1750 ae-

150 1791 288 1824 cidisse
327 1789 563 1831 legeremus,
607 1784 694 1817 ideo
727 1794 800 1816 non
842 1782 1068 1814 miraremur
1107 1778 1206 1823 quod
1240 1777 1342 1810 fama
1373 1777 1449 1808 iam
1485 1775 1531 1808 de
1562 1776 1608 1808 iis

148 1849 324 1891 vulgata,
365 1845 461 1878 alios
488 1843 647 1875 aliorum
675 1839 775 1873 facta
801 1839 901 1871 illico
926 1837 1137 1871 aemulatos
1163 1835 1281 1868 fuisse
1314 1833 1421 1866 nobis
1456 1842 1609 1875 persua-

152 1906 340 1950 deremus.
399 1902 492 1935 Utar
514 1910 605 1934 vero
634 1903 672 1932 et
697 1898 771 1931 alio
800 1895 993 1939 exemplo:
1030 1894 1096 1927 sed
1122 1895 1271 1927 veniam
1299 1892 1400 1935 prius
1428 1899 1541 1923 orans
1575 1890 1606 1920 si

150 1964 197 1996 ab
230 1960 463 1995 humillimae
497 1962 535 1991 et
567 1956 847 1990 abiectissimae
882 1953 997 1986 sortis
1030 1950 1244 1984 hominibus
1284 1949 1330 1982 ad
1364 1946 1536 1979 homines
1570 1947 1608 1977 in

149 2029 336 2056 summum
374 2016 551 2050 fortunae
586 2015 731 2059 apicem
766 2015 920 2045 evectos
953 2009 1154 2042 transitum
1192 2017 1278 2040 mea
1321 2005 1437 2038 faciat
1475 2003 1609 2036 oratio.

151 2080 322 2120 Quonam
354 2075 429 2108 alio
461 2083 573 2117 quam
607 2072 655 2104 ad
688 2069 911 2115 συμπάθειαν
942 2067 1047 2100 illam
1079 2065 1226 2099 referre
1261 2063 1466 2102 debemus,
1509 2059 1607 2104 quod

150 2145 266 2179 saepe
289 2134 328 2165 in
353 2131 522 2165 historiis
547 2131 727 2173 legimus:
762 2128 937 2159 nimirum
965 2125 1200 2158 diversarum
1233 2122 1403 2165 gentium
1436 2119 1608 2151 diversos

150 2203 286 2238 reges,
325 2193 453 2224 aetate
475 2187 586 2221 valde
612 2187 804 2229 dispares,
847 2182 981 2217 eodem
1007 2186 1134 2214 tamen
1158 2184 1328 2222 tempore
1355 2179 1435 2211 vita
1459 2176 1608 2209 functos

139 2250 262 2287 esse}
309 2249 479 2288 Quonam
506 2246 581 2278 alio
615 2249 654 2278 et
683 2242 784 2276 istud
818 2240 916 2285 quod
943 2239 1027 2272 illas
1054 2237 1315 2271 evolventibus
1341 2245 1455 2278 saepe
1481 2243 1608 2267 occur—

152 2311 222 2350 rit,
264 2307 378 2340 urbes
409 2303 588 2336 videlicet
611 2306 723 2346 atque
748 2299 845 2333 adeo
871 2301 1006 2341 gentes
1031 2295 1369 2334 disiunctissimas,
1413 2301 1510 2336 quae
1545 2301 1606 2322 an-

152 2369 217 2399 tea
243 2364 299 2397 sui
326 2362 420 2395 iuris
444 2359 627 2400 fuissent,
661 2368 732 2392 nec
754 2357 867 2389 ullius
895 2364 1058 2399 unquam
1086 2353 1319 2387 dominatum
1348 2354 1529 2393 expertae
1555 2348 1607 2380 ἕο-

151 2425 258 2463 rent,
290 2429 421 2453 omnes
448 2417 581 2451 eodem
609 2414 877 2460 propemodum
904 2412 1086 2454 temporis
1119 2411 1279 2443 articulo
1311 2408 1511 2452 tyrannica
1547 2415 1607 2447 po-

152 2479 274 2513 tentia
299 2477 417 2510 fuisse
442 2483 662 2518 oppressas,
709 2476 748 2505 et
771 2473 809 2504 in
832 2472 1008 2503 miseram
1037 2469 1260 2502 servitutem
1287 2463 1483 2499 redactas'l
1532 2461 1606 2494 sed

152 2536 224 2570 hac
248 2535 295 2569 de
322 2544 364 2566 re
389 2537 516 2565 tamen
541 2535 583 2562 ut
605 2530 784 2570 otiosius,
819 2530 874 2561 ita
899 2527 1064 2560 fortasse
1093 2525 1233 2557 rectius
1259 2522 1323 2555 alii
1350 2518 1606 2565 philosophari

152 2595 342 2639 poterunt.
399 2589 455 2624 Ad
487 2587 694 2621 Diodorum
731 2585 858 2619 redeo.
899 2584 946 2618 de
984 2593 1058 2627 quo
1095 2583 1127 2615 si
1158 2591 1251 2613 vera
1283 2584 1370 2612 sunt
1401 2587 1496 2621 quae
1529 2575 1608 2607 dixi

156 2660 264 2695 (vera
284 2653 523 2682 auten1·esse
548 2654 672 2685 nemo,
696 2648 738 2676 ut
763 2644 915 2686 opinor,
940 2640 1156 2684 negaverit)
1183 2636 1278 2682 proh
1303 2645 1413 2681 quam
1439 2634 1608 2677 graviter

154 2712 212 2742 tot
230 2708 413 2741 librorum
436 2705 538 2737 illius
561 2703 744 2735 iacturam
771 2700 873 2734 ferre
897 2699 1091 2733 debemus.
1146 2696 1244 2730 Nam
1279 2705 1326 2728 ex
1357 2691 1609 2737 quadraginta

156 2767 238 2799 eius
261 2764 370 2797 libris
392 2773 467 2796 non
488 2760 610 2795 solum
635 2758 868 2803 posteriores
889 2756 1038 2800 viginti,
1063 2754 1131 2788 sed
1153 2754 1315 2797 quinque
1341 2751 1396 2783 illi
1421 2749 1483 2793 qui
1502 2746 1608 2780 >inter

157 2824 326 2867 quintum
351 2830 397 2855 ac
429 2819 666 2854 undecimum
703 2815 891 2850 interesse
926 2812 1087 2853 debent,
1125 2810 1244 2845 seculi
1277 2807 1484 2853 superioris
1514 2805 1607 2838 iniu-
