1891 3310
283 224 347 264 IN
381 221 727 263 EXCERPTA
757 222 838 261 DE
871 221 1035 262 VIRT.
1065 222 1148 263 ΕΤ
1178 223 1299 266 VlT.
1429 229 1519 272 481

64 340 203 378 λατῶν
226 352 353 391 παρα)
360 336 570 389 ενομένων
603 358 650 365 --
683 332 943 391 ἀπετρίψατο
972 332 1049 389 τὴν
1077 334 1329 392 τηλικαύτην
1356 353 1522 393 συμμα-

60 395 172 446 χίαν.
194 402 232 431 et
251 397 307 432 sic
328 407 450 443 saepe.
513 394 650 431 WESS.

181 451 286 492 581
318 452 392 492 96.
429 445 689 502 Ευρεθὲντος
717 447 774 496 εἷς
800 463 877 501 την
905 446 1202 504 παρεμβολὴν]
1242 451 1338 490 Post
1358 454 1520 494 verbum

65 502 309 559 εὑρεθέντος
336 510 377 545 in
403 507 476 545 MS.
494 513 677 555 punctum
697 513 874 554 notatur,
902 519 989 572 quo
998 514 1180 555 appareat
1200 509 1347 557 aliquid
1372 510 1518 559 deesse,

63 564 167 613 quod
195 566 251 601 ita
275 563 528 613 supplendum
556 576 638 600 esse
669 564 870 610 existimo,
908 557 1047 614 ευρεθ.
1076 562 1144 601 καὶ
1168 563 1443 613 κομισθέντος
1461 566 1518 613 εἷς

60 634 139 671 την
159 635 256 673 παρ.
291 619 442 657 VALES.
497 619 588 656 Non
607 619 819 658 intercedo.
858 619 1014 657 Livium
1035 618 1080 659 L.
1091 618 1233 658 XLIV.
1248 621 1324 661 44.
1352 629 1390 658 et
1409 622 1518 660 Plut.

59 675 201 714 Aemil.
223 678 376 726 p.266.
394 675 437 713 F.
467 675 572 714 vide.
630 675 767 713 WESS.

177 733 281 773 581.
312 734 385 773 98
419 729 554 782 ’Έχων
577 727 625 771 οὐ
648 729 752 784 πρὸς
769 727 886 781 υἱὸν]
932 729 1049 768 Hune
1079 733 1207 769 locum
1235 734 1289 770 sic
1308 734 1518 785 legendum

60 801 146 825 esse
170 790 413 836 existimavi,
443 786 546 840 ἔχων
568 785 616 828 οὗ
639 785 798 854 πατρὸς
817 783 949 838 μόνω
958 818 970 835 ,
1003 785 1109 826 ἀλλὰ
1140 785 1376 843 καθάπερ
1363 790 1517 843 εἶ’ρωμε-

58 859 135 884 νου
153 859 244 883 τινα
264 841 453 884 διάθεσιν
474 841 589 909 πρὸς.
597 841 645 883 τὸ
664 840 888 911 μειράκιον.
949 843 1149 894 Originem
1170 846 1301 883 mendi
1321 860 1403 883 esse
1431 861 1516 886 eam.

59 901 268 938 arbitratus
300 914 407 948 sum,
447 901 546 949 quod
578 902 620 937 in
651 899 724 938 MS.
754 896 859 951 πρὸς
884 900 966 936 fcre
995 911 1064 947 pro
1085 898 1244 953 πατρὸς
1264 903 1517 952 scribebatur,

61 969 111 993 ex
132 968 205 1005 quo
227 956 289 993 hic
312 955 415 1009 πρὸς
436 955 528 997 υἱὸν
551 957 663 994 nobis
679 958 845 1004 imperiti
865 957 1077 1005 antiquarii
1094 960 1391 996 concinnarunt.
1448 959 1514 998 Si-

61 1015 152 1051 mile
181 1013 369 1051 mendum
389 1027 476 1052 cum
506 1014 596 1050 aliis
626 1025 743 1063 prope
774 1012 941 1048 infinitis
969 1011 1095 1048 haesit
1115 1013 1215 1062 apud
1239 1015 1441 1052 libanium
1470 1018 1514 1054 in

58 1071 232 1107 oratione
252 1066 357 1122 πρὸς
375 1085 474 1116 τους
494 1085 517 1108 ν
521 1067 612 1115 ἕως
632 1068 724 1122 περὶ
754 1069 830 1107 τοῦ
864 1063 989 1133 7o‘y0v
1018 1067 1087 1121 (T.
1106 1067 1156 1105 ll.
1182 1082 1222 1134 p
1237 1070 1362 1118 569)
1403 1070 1470 1110 Νέ
1458 1087 1516 1119 ος

52 1121 253 1176 χρήματα
273 1123 386 1178 παρὰ
407 1128 480 1165 τοῖ
505 1120 843 1193 προσλαμβάνων
864 1139 920 1170 ως
939 1139 997 1163 τω
1022 1138 1201 1189 σοφιστῃ
1223 1129 1400 1176 κομιῶν·
1426 1141 1515 1166 cum

56 1182 262 1232 legendum
283 1184 353 1228 sit,
380 1179 494 1234 παρὰ
514 1183 587 1221 τοῦ
607 1178 767 1233 πατρὸς
786 1175 1013 1233 λαμβανων
1036 1175 1094 1226 ὡς
1114 1183 1174 1220 τῶ
1196 1196 1406 1237 σοᾳιστη
1397 1184 1515 1235 soui—

59 1251 154 1288 σαι,
183 1245 227 1275 ut
248 1240 288 1275 in
312 1238 384 1275 Ms.
405 1240 561 1290 legitur.
621 1238 773 1278 VAI.E.S

171 1294 277 1333 Ibid.
311 1291 498 1346 Ερωιιει
502 1293 575 1345 ου]
615 1293 660 1331 In
682 1294 754 1331 Ms.
776 1299 859 1330 erat
885 1307 1040 1346 ερωμεπ
1043 1308 1116 1344 ην,
1153 1306 1202 1331 ex
1228 1305 1304 1359 quo
1334 1291 1515 1348 ἒρῥωμέ-

55 1365 132 1401 νην
152 1353 237 1399 quis
257 1352 460 1400 legendum
484 1364 566 1388 esse
584 1351 683 1387 forte
702 1353 916 1396 existimet,
949 1350 1051 1398 quod
1071 1356 1203 1387 tamen
1223 1352 1352 1387 minus
1376 1352 1512 1400 probo

56 1407 186 1457 Magis
203 1409 370 1456 placeret
392 1406 596 1459 ἕρωμανῆ.
637 1407 704 1444 sed
725 1409 882 1444 omnino
901 1407 1094 1455 praeridet
1125 1407 1223 1443 illud
1246 1408 1348 1455 quod
1366 1409 1428 1445 edi
1447 1422 1515 1446 cu-

55 1467 238 1501 ravimus.
295 1462 518 1512 Respondet
541 1465 642 1500 enim
662 1465 696 1500 ei
716 1465 802 1500 voci
823 1457 897 1501 τοῦ
917 1458 1088 1514 πατρός.
1124 1459 1365 1516 Ερώμενῡν
1384 1471 1516 1502 autem

56 1527 137 1557 tam
178 1520 224 1556 de
261 1526 432 1557 amatore
470 1533 582 1571 quam
622 1519 669 1557 de
706 1520 851 1556 amasio
890 1518 968 1556 dici
1007 1523 1161 1556 constat
1198 1521 1263 1557 vel
1299 1533 1348 1557 ex
1377 1520 1513 1559 Suida.

57 1575 207 1614 VALES.

171 1633 275 1673 581.
319 1633 391 1673 11.
432 1628 562 1672 ‘Dore
596 1628 654 1684 μὴ
684 1625 814 1683 μόνον
842 1631 1108 1684 συγχωρῆσαι
1137 1628 1240 1681 etc.]
1294 1630 1516 1682 Exseripsit

53 1686 148 1727 haec
171 1688 378 1739 Syncellus
399 1687 690 1740 Chronograph.
715 1702 751 1738 p.
775 1690 882 1728 213.
896 1714 907 1735 ,
935 1689 1002 1724 sed
1022 1700 1155 1735 parum
1174 1694 1330 1726 mutata.
1372 1689 1512 1727 wass.

170 1747 273 1786 581
303 1745 490 1791 29.E1'g
509 1745 551 1783 ἒ)
556 1744 733 1797 ευθέραν
755 1763 803 1773 --
828 1745 910 1797 (pv7
915 1741 1046 1795 ακὴν]
1095 1744 1140 1780 In
1165 1743 1237 1780 Ms.
1270 1743 1511 1813 ἐλευθέρων

53 1802 217 1851 legitur,
246 1802 312 1838 sed
337 1817 349 1839 ι
368 1814 517 1839 erasum
541 1808 610 1838 est.
667 1802 752 1851 Ego
775 1803 905 1837 malim
933 1796 1167 1851 ἐλευθέριον
1194 1801 1277 1852 φιν)
1268 1797 1397 1852 ακήν.
1441 1802 1512 1841 Sic

54 1857 277 1895 Philostrat.
298 1858 418 1897 lib.7.
443 1868 595 1906 cap.xl.
622 1855 857 1907 ἒλευὶτέριον
878 1852 1161 1907 δεσιιωτήριον
1178 1864 1293 1894 vocat
1314 1859 1512 1897 liberalem

53 1914 268 1951 custodiam
290 1921 327 1951 et
348 1927 428 1963 cap
443 1914 705 1954 17.VA1.1-:S.
763 1912 889 1961 Supra
909 1912 1006 1951 Exc.
1030 1911 1165 1949 horum
1186 1925 1221 1960 p.
1236 1915 1343 1953 289.
1371 1917 1511 1966 τηρῶν

54 1968 184 2009 αὐτον
202 1969 243 2008 ἓν
262 1969 476 2025 ἐλευθερία
499 1971 582 2022 (pv7
573 1972 680 2023 ακῖ).
732 1968 785 2006 At
807 1970 1015 2019 Syncellus
1035 1967 1325 2020 Chronograph.
1345 1981 1381 2018 p.
1397 1972 1508 2010 213

55 2026 112 2072 εἷς
134 2025 356 2078 ἐλευθέραν
377 2011 556 2066 ἀπέθετο
580 2028 663 2080 qv)
655 2022 772 2078 ακὴν
790 2025 882 2062 hinc
903 2027 1053 2073 sumsit,
1077 2037 1201 2075 neque
1221 2028 1333 2074 male,
1352 2033 1398 2064 ut
1414 2029 1511 2065 alias

54 2083 150 2120 dixi.
209 2082 342 2120 WESS.

171 2139 276 2180 581.
309 2140 384 2178 32
426 2137 500 2185 Εἰς
528 2136 717 2178 δουλείαν
743 2158 801 2167 ·-«
822 2133 872 2178 ἂν
901 2133 1089 2188 ἔχοντες]
1139 2136 1242 2190 Lege
1273 2134 1508 2198 ἀγαγόντες.

51 2194 262 2247 Vulgatum
280 2197 380 2232 tucri
402 2209 441 2232 se
461 2208 540 2232 non
559 2202 696 2243 potest.
754 2194 890 2233 lVESS.

170 2253 273 2293 581.
315 2253 390 2291 42.
435 2250 511 2290 (Ων
541 2246 742 2304 πρότερον
771 2249 934 2290 ἐτέλουν
965 2253 1053 2296 τοῖς
1084 2248 1205 2297 ἵὸιόις
1232 2249 1508 2303 βασιλεῦσιν]

52 2307 198 2345 Eadem
227 2308 319 2345 haec
347 2307 553 2358 Synccllus
581 2310 666 2344 loco
699 2308 882 2346 indicato.
952 2307 1072 2343 Addit
1108 2309 1205 2355 alia,
1253 2308 1390 2345 itidem
1417 2307 1509 2345 hinc

55 2372 200 2411 sumta,
233 2364 279 2401 de
300 2364 526 2401 Macedonia
557 2377 605 2401 ex
625 2365 754 2402 Paulli
785 2371 823 2401 et
851 2365 982 2401 decem
1001 2365 1214 2414 legatorum
1243 2367 1435 2401 sententia
1465 2367 1507 2401 in

54 2428 220 2470 quatuor
247 2423 425 2472 regiones
458 2421 605 2467 divisa,
649 2421 769 2468 deque
794 2420 1000 2471 magnifico
1020 2419 1144 2457 Paulli
1162 2420 1378 2469 triumpho,
1409 2433 1506 2469 quae

55 2491 164 2515 suum
185 2479 310 2514 locum
334 2479 434 2513 inter
452 2475 617 2514 Diodori
634 2478 851 2527 fragmenta
873 2477 1125 2524 occupabunt.
1181 2476 1319 2513 W'ESS.

169 2535 274 2574 582·
310 2534 381 2573 52·
420 2531 727 2584 Ιζαταστέψας]
779 2533 845 2569 Sic
875 2535 1136 2579 correximus,
1180 2545 1267 2570 cum
1299 2534 1341 2569 in
1373 2544 1508 2568 exem-

52 2591 151 2640 plari
171 2587 466 2641 καταστρέψας
482 2591 675 2639 legeretur
695 2590 801 2625 nullo
826 2602 954 2627 sensu.
1000 2589 1142 2625 Notum
1166 2596 1225 2625 est
1242 2591 1420 2626 victimas
1442 2592 1508 2625 in-

53 2647 146 2683 fulis
168 2648 347 2683 coronari
368 2647 500 2682 solitas
524 2659 628 2691 esse,
660 2645 698 2681 id
728 2643 1001 2697 καταστέφειν
1025 2644 1165 2681 Graeci
1192 2646 1381 2682 dicebant.
1429 2645 1506 2681 Ac-

53 2702 207 2739 schines
233 2710 368 2740 contra
391 2700 700 2749 Ctesiphontem,
746 2697 1011 2754 χρυσόκερων
1040 2700 1263 2740 ἀποκαλῶν
1293 2700 1360 2739 καὶ
1390 2715 1506 2739 κατε-

54 2757 238 2811 στέφθαι
267 2757 406 2811 λέγων.
465 2757 646 2796 Notanda
672 2765 798 2794 autem
817 2757 910 2794 haec
937 2758 1175 2794 consuetudo
1202 2764 1261 2793 est
1279 2757 1505 2806 Gallograe-

54 2829 184 2852 corum
202 2845 212 2860 ,
242 2817 307 2865 qui
327 2816 500 2863 captivos
520 2813 605 2850 Diis
625 2815 822 2850 immolare
843 2815 946 2851 soliti
968 2819 1101 2861 erant,
1122 2820 1165 2850 ut
1185 2813 1367 2850 docuerat
1388 2815 1504 2850 etiam

54 2872 218 2920 Sopater
240 2871 406 2920 Paphius
427 2874 467 2909 in
492 2871 711 2918 comoedia,
751 2883 864 2920 quam
892 2865 1088 2916 Γαλάτας
1114 2870 1326 2918 inscripsit.
1383 2868 1503 2906 Atho-

112 2928 206 2964 l’m..
236 2927 285 2964 ll.
972 2928 1029 2966 31
