1859 3326
285 159 381 208 214}
751 156 1271 206 ANNQTATIQNES

288 283 426 311 aevum
444 284 558 323 agere
576 269 846 310 Brachmanes.
883 269 1027 322 Cupide
1048 274 1173 323 proin,
1195 271 1263 311 ubi
1281 272 1330 310 ad
1349 258 1539 310 flammam
1558 283 1642 308 sese
1656 271 1733 312 ad·-

290 331 527 379 plicuer,ant
555 335 593 366 et
613 331 695 366 sine
715 331 860 382 gemitu
881 328 1153 369 adurebautur.
1200 328 1353 367 Docent
1370 328 1526 366 Lucian.
1548 327 1594 364 de
1613 327 1735 364 Pere-

290 386 399 437 grini
428 385 556 422 Morte
584 399 616 423 c.
637 387 712 426 25.
742 393 779 423 et
800 384 1039 436 Porphyrius
1067 384 1113 421 de
1141 385 1294 425 Abstin.
1316 385 1358 424 L
1380 384 1444 422 IV.
1472 386 1543 426 18.
1571 379 1675 422 Hinc
1696 390 1735 420 et

289 442 499 479 Zarmarus
519 441 612 490 Imp.
636 444 801 492 Augusti
818 447 945 479 aetate
969 453 1017 478 ex
1048 441 1177 479 eadem
1197 440 1609 492 Gymnosophistarum
1630 447 1737 478 secta

289 498 456 539 Athenis
475 511 557 534 sese
578 499 709 535 exurit
725 497 824 547 apud
844 497 1009 536 Dionem
1027 495 1200 535 Cassium
1220 497 1261 535 L.
1283 497 1381 534 LIV.
1405 510 1440 546 p.
1463 495 1732 537 603..W12ss.

406 555 513 595 244.
547 556 624 595 26.
669 552 721 594 Οἳ
749 553 824 604 μὲν
844 553 998 604 μανίαν
1027 551 1154 593 αὐτοῦ
1189 552 1449 605 κατέγνωσαν
1470 552 1573 602 etc.]
1602 549 1736 603 Neque

291 613 353 651 illi
373 613 529 649 iniuria.
567 610 681 648 Haud
701 623 793 647 sane
814 611 928 647 virile
950 616 1020 656 est,
1050 610 1117 646 sed
1137 610 1331 657 stolidum,
1358 611 1443 659 igni
1461 621 1598 659 corpus
1621 609 1737 647 absu-

293 668 475 705 mendum
497 667 670 714 tradere,
701 674 745 705 ut
763 667 886 704 morbi
907 669 1163 704 senectutisve
1184 666 1426 704 inconmodis
1446 666 1631 703 libereris.
1659 664 1740 704 Sed

292 723 401 762 Indis
424 722 528 760 aliud
548 726 687 762 visum.
740 721 875 760 Cicero
895 721 1078 760 Calanum
1096 722 1310 760 barbarum
1332 729 1369 759 et
1391 723 1589 760 indoctum
1609 728 1738 769 vocat,

291 781 429 818 mortis
450 779 574 817 obitae
594 782 855 818 constantiam
875 792 954 819 non
976 779 1238 818 condemnans
1259 778 1414 831 Disput.
1440 777 1599 818 Tuscul.
1628 778 1672 816 L.
1692 777 1740 816 11.

295 839 371 880 21.
402 835 543 877 Wssss

405 892 512 933 241
537 892 610 932 30.
641 890 715 938 Εις
736 889 931 940 Σοῦσαν]
963 891 1144 930 Fortasse
1165 895 1308 931 rectius
1330 891 1475 933 Σοῦσα
1499 903 1612 941 quam
1633 889 1743 930 Σοῦ·

295 962 390 996 σαν,
417 955 461 986 ut
481 951 615 986 statim
633 955 720 997 post
738 948 793 996 εἷς
814 945 867 989 τὰ
887 948 1042 988 Σοῦσα.
1082 948 1183 986 Nam
1203 956 1242 988 et
1264 949 1324 987 hic
1343 948 1510 986 author
1499 962 1542 987 ιιι
1563 948 1741 1000 genitivo

294 1002 468 1045 Σούσων
498 1018 577 1044 non
606 1001 794 1057 Σοὺσης,
822 1007 864 1042 in
892 1006 1025 1043 dativo
1048 1002 1223 1052 Σουσοις
1244 1019 1322 1044 non
1347 1001 1486 1058 Σούσῃ
1509 1007 1608 1042 solet
1637 1004 1743 1041 (lice-

291 1074 355 1102 re:
390 1068 429 1099 et
449 1062 518 1099 alii
540 1063 745 1111 scriptores
766 1061 906 1099 habent
924 1061 1076 1112 quidem
1096 1069 1134 1099 et
1154 1063 1228 1110 ipsi
1250 1062 1417 1102 Σοῦσαν
1435 1061 1644 1108 interdum,
1673 1059 1742 1097 sed

292 1120 363 1157 vix
383 1131 543 1169 usquam
565 1130 649 1155 cum
670 1119 841 1156 omnium
860 1125 1037 1157 veterum
1051 1121 1325 1167 exemplarium
1342 1129 1545 1155 consensu.
1569 1115 1624 1154 Ut
1641 1115 1744 1166 apud

293 1175 399 1214 Plut.
424 1174 469 1212 de
486 1173 597 1212 Alex.
613 1173 784 1212 Fortuna
804 1172 860 1228 (p.
873 1172 999 1227 326.)
1022 1177 1175 1226 legitur,
1203 1172 1281 1227 ἐγω
1299 1172 1334 1214 δ’
1356 1174 1412 1221 εἷς
1432 1174 1600 1212 Σουσαν
1621 1173 1744 1212 νικῶν

296 1229 353 1270 δί
374 1229 476 1283 'on’
447 1226 527 1284 >⁷72⁷
520 1246 588 1270 ων
608 1227 861 1283 ἀναβέβηκα.
899 1231 970 1278 Ita,
998 1233 1166 1280 inquam,
1186 1233 1358 1282 legitur
1348 1244 1390 1269 ιιι
1412 1231 1583 1281 vulgatis
1603 1229 1744 1266 editio-

293 1288 429 1327 nibus.
460 1287 526 1324 sed
550 1301 574 1326 v
578 1293 703 1325 eteres
719 1288 870 1325 codices
889 1287 1029 1325 habent
1048 1287 1207 1327 Σοῦσα.
1223 1263 1442 1324 e'Noluimus
1462 1293 1589 1323 tamen
1609 1287 1652 1323 in
1671 1284 1744 1322 hoe

294 1347 475 1391 nomine,
511 1346 611 1381 sicut
635 1357 707 1381 neo
724 1346 766 1382 in
783 1345 913 1381 multis
933 1346 1042 1391 aliis,
1077 1356 1127 1381 ex
1147 1344 1290 1393 duplici
1309 1350 1528 1380 nostrorum
1548 1342 1743 1390 exempla-

293 1403 396 1439 rium
425 1401 616 1451 scriptura
641 1413 758 1439 unam
784 1401 923 1439 facere.
951 1400 1107 1440 STEPH.
1146 1400 1220 1446 Εἷς
1241 1398 1413 1452 Σοῦσα]
1453 1397 1549 1436 Cum
1572 1397 1666 1449 Reg.
1684 1411 1743 1448 pr.

297 1456 442 1497 Σοῦσα
470 1458 684 1506 praeferat,
715 1470 849 1495 caussa
878 1458 986 1494 nulla
1013 1457 1111 1504 fuit,
1141 1470 1209 1494 cur
1229 1462 1484 1505 sperneretur.
1520 1453 1579 1492 De
1601 1456 1746 1504 nuptiis

295 1512 508 1552 Alexandri
530 1527 616 1552 cum
637 1512 925 1561 Statira‚Da1-ii
946 1515 1112 1550 filiarum
1134 1515 1312 1562 maxima,
1327 1514 1428 1551 Plut.
1451 1511 1562 1549 Alex,
1585 1524 1622 1561 p.
1636 1511 1745 1551 703.

295 1569 362 1619 E,
385 1576 422 1607 et
441 1569 593 1608 Arrian.
606 1567 675 1609 Ἀν
668 1573 746 1622 αβ.
765 1570 848 1608 VII
863 1571 904 1611 4.
897 1597 920 1617 .,
947 1570 1013 1607 sed
1031 1571 1100 1619 qui
1118 1572 1201 1609 τῶν
1212 1568 1395 1623 Δαρείου
1415 1565 1747 1621 θυγατέοωντὴν

295 1621 585 1679 πρεσβυτάτην
607 1625 821 1680 Βαρσίνην
841 1639 920 1664 non
944 1628 1026 1664 sine
1046 1639 1198 1675 errore,
1235 1628 1304 1677 qui
1326 1628 1434 1666 viros
1455 1624 1588 1663 doctos
1611 1624 1749 1676 fugere

298 1681 402 1721 haud
421 1685 557 1732 potuit,
586 1682 766 1734 adpellat.
800 1683 937 1721 VVESS.

411 1739 519 1780 244
541 1740 616 1780 36.
647 1737 747 1779 Νέοι
766 1738 843 1791 μὲν
865 1739 1075 1786 παντελῶς
1093 1743 1184 1786 ταῖς
1207 1733 1412 1791 ἡλικίαις]
1441 1736 1662 1774 Alexander
1685 1747 1750 1774 eos

298 1791 533 1847 37112610129,
565 1796 612 1833 de
633 1808 710 1845 qua
736 1809 831 1834 voce
860 1808 976 1846 supra
1006 1794 1050 1834 L.
1070 1795 1101 1835 1.
1123 1797 1166 1837 3.
1157 1824 1192 1846 .,
1226 1796 1388 1835 vocabat
1407 1793 1508 1845 apud
1527 1793 1681 1832 Arrian
1702 1792 1749 1835 L.

298 1850 384 1889 VH.
406 1852 462 1898 4.,
491 1864 604 1901 quem
623 1853 700 1893 adi.
722 1851 858 1891 z§VESs

413 1910 441 1949 2
447 1909 522 1948 15,
558 1910 632 1950 59.
683 1904 1021 1961 Κατανάλωσεν]
1061 1907 1240 1947 correcte
1271 1901 1572 1961 κατηνάλωσεν
1611 1903 1751 1944 Rnon.

299 1961 642 2018 Κατηνά2ωσεν]
673 1964 823 2016 Sequor
850 1960 1120 2003 Rhodomanni
1148 1967 1354 2015 scriptique
1376 1963 1523 2001 codicis
1550 1962 1752 2002 indicium.

300 2018 519 2058 Notissima
537 2023 681 2072 alioqui
707 2027 766 2059 est
785 2023 827 2059 in
850 2020 925 2060 hoc
946 2027 984 2059 et
1001 2023 1166 2072 simplici
1186 2022 1303 2060 verbo
1326 2019 1528 2058 formando
1548 2019 1753 2057 discordia.

302 2074 473 2114 Thomas
504 2077 658 2128 Magist.
684 2073 914 2118 Ἀνάλωσα
947 2092 1015 2117 και
1047 2074 1241 2117 ἀνά2ωκα
1266 2074 1471 2115 Ἀττικοιῖ
1509 2071 1556 2115 τὸ
1589 2073 1634 2114 δὲ
1662 2071 1750 2126 μετ’

302 2129 381 2171 αὖ
362 2148 515 2185 ὃησεως
536 2149 669 2173 ταυτα
688 2132 828 2187 λέγειν,
859 2149 947 2173 οιον
967 2131 1016 2172 ἀι
1020 2129 1164 2185 ήλωσα
1186 2132 1253 2172 καὶ
1274 2129 1375 2185 ἀνιῇ
1380 2147 1481 2179 coza,
1501 2126 1649 2170 κοινόν
1679 2131 1756 2174 Qui

304 2189 457 2238 quidem
478 2190 524 2227 de
545 2190 684 2228 Atticis
702 2192 817 2228 nimis
837 2189 1076 2227 confidenter
1093 2189 1276 2236 decernit,
1297 2203 1382 2226 cum
1402 2195 1607 2235 utrumque
1626 2188 1668 2223 in
1681 2185 1757 2223 So-

304 2244 456 2296 phocle,
480 2245 752 2295 Demosthene,
783 2246 968 2294 Aristide,
997 2245 1161 2283 Libanio
1189 2246 1404 2296 ceteiisque
1424 2257 1497 2281 usu
1529 2246 1579 2280 sit
1599 2245 1754 2281 tritum:

305 2309 415 2351 paret
437 2311 563 2340 tamen
583 2303 729 2342 discors
749 2304 918 2341 licentia.
960 2301 1047 2342 Καὶ
1068 2303 1146 2341 πο2
1150 2299 1224 2349 λὰς
1244 2297 1322 2340 πό2
1327 2315 1380 2347 εις
1406 2321 1454 2329 ·-
1479 2314 1618 2367 παραν
1610 2295 1671 2338 ά2.
1676 2313 1757 2338 moe

306 2360 349 2395 in
368 2357 469 2396 Plut.
486 2361 528 2396 iu
549 2358 690 2397 Coriol.
708 2372 744 2409 p.
764 2360 871 2399 234.
892 2358 937 2395 A.
948 2385 960 2406 ,
994 2365 1033 2395 et
1060 2355 1113 2400 τὰ
1141 2356 1186 2397 δὲ
1217 2355 1322 2397 κατὰ
1348 2352 1467 2396 πόλιν
1497 2371 1540 2394 αι
1561 2355 1757 2395 octodero..

306 2410 660 2455 κατανα2ωσανὶη
673 2413 977 2466 DionysiiRom.
997 2414 1041 2452 A.
1057 2413 1099 2451 L.
1112 2414 1175 2452 IV.
1188 2428 1222 2464 p
1239 2416 1345 2454 361.
1363 2420 1400 2450 et
1413 2425 1528 2461 supra
1546 2425 1627 2461 cap.
1644 2413 1714 2452 59
1736 2425 1757 2449 e

305 2471 418 2517 libro,
434 2484 546 2522 quem
560 2471 690 2520 steph.
707 2474 940 2521 inspexerat,
958 2473 1138 2520 reperies.
1172 2471 1292 2508 Porro
1306 2469 1517 2518 Harpalum
1537 2468 1757 2506 Alexandro

305 2528 348 2564 in
370 2527 553 2568 Indorum
569 2528 711 2566 finibus
732 2534 981 2565 conmorante
1001 2528 1233 2574 descivisse,
1263 2527 1530 2573 amoribusque
1553 2524 1756 2574 Pythioni-

306 2595 370 2620 ces
391 2591 428 2621 et
450 2584 526 2635 (Ἡ)
530 2598 636 2623 cerae
658 2585 883 2632 inplicatum
903 2583 1094 2633 haesisse,
1121 2583 1295 2622 Diodoro
1318 2584 1512 2621 consentit
1535 2580 1758 2619 Athenaeus

305 2638 350 2677 L.
372 2639 484 2679 XIII
505 2654 540 2692 p.
566 2640 671 2681 595
694 2640 742 2678 Ε.
771 2640 912 2680 WEss,

421 2697 510 2737 24
491 2710 527 2738 a·
551 2697 629 2738 63.
654 2692 818 2746 ’Όνομα
839 2691 1115 2747 Πυθονίκην]
1146 2694 1191 2733 Si
1209 2697 1349 2733 meruit
1365 2693 1460 2732 haec
1477 2694 1683 2740 meretrix,
1715 2697 1760 2729 ut

308 2763 443 2790 verum
475 2753 556 2791 eius
586 2765 726 2791 nomen
755 2752 984 2798 habeamus,
1011 2754 1088 2790 fuit
1105 2750 1392 2803 Πυθιονίκην,
1425 2757 1462 2787 et
1481 2751 1540 2786 bis
1560 2750 1760 2787 invenitur

309 2808 409 2858 apud
433 2807 568 2848 Athen.
592 2809 634 2847 L.
652 2808 754 2846 VIII.
781 2809 820 2849 5.
842 2816 881 2846 et
903 2808 946 2846 1..
966 2807 1077 2847 XIII.
1101 2810 1142 2849 7.
1174 2809 1303 2847 PALM.
1347 2806 1567 2845 Athenaeus
1590 2812 1759 2842 scortum
