1891 3310
374 210 662 256 oncoNomA
694 219 966 251 insromAn
1002 205 1235 254 DIODORI.
1349 226 1538 257 cxxxix

75 320 260 365 Cambyse
280 322 499 364 occupatum
512 316 688 353 CXXXV
704 326 823 351 annos
837 341 847 359 ,
870 319 1063 361 postremo
1072 316 1306 354 Macedones
1318 321 1538 358 CCLXXVI

74 389 204 414 annos,
253 381 340 422 Cap.
359 376 416 413 44-

165 434 299 469 Menas
316 434 459 479 primus
476 442 558 470 rex.
606 430 901 477 Tnephachthus
921 435 960 466 et
974 430 1045 466 Lu
1072 443 1327 472 successores,
1377 437 1534 484 Cap‚45,

75 492 222 527 Busiris
245 494 284 526 et
313 490 404 526 vul
439 500 486 524 ex
519 491 685 534 posteris
715 491 808 524 eius.
863 489 1020 523 Thebae
1047 496 1124 524 tum
1152 496 1369 527 exstructae
1399 494 1540 529 descri-

75 549 231 583 buntur:
262 549 367 583 urbis
388 548 564 590 divitiae,
599 546 794 592 sepulcra3
851 547 1079 592 praesertim
1106 548 1377 595 Osymandyae
1406 561 1540 586 monn..

76 609 257 640 mentum.
293 605 563 650 Cap-45—-49,
610 604 784 638 Thebani
811 605 1045 638 astronomia
1067 605 1227 642 nobiles,
1271 607 1359 651 Cap.
1385 609 1431 643 50
1462 609 1544 643 init.
1575 606 1579 611 '

77 662 293 703 Uermi-eus,
327 667 482 697 octavus
503 673 527 696 a
546 661 744 703 Busiride,
777 661 972 705 Memphin
992 662 1170 698 condidit.
1210 663 1298 707 Cap.
1319 667 1366 701 50
1392 665 1490 698 med.
1507 670 1546 699 et

75 722 120 758 51
144 721 227 754 init.
278 720 445 762 Moeris,
485 722 572 764 post
594 718 667 752 XII
702 720 973 764 generationes
996 725 1167 758 semum,
1200 720 1324 754 lacum
1343 724 1543 758 exstruxit.

80 779 169 822 Cap.
191 779 234 814 51
260 778 358 811 nied.
386 782 424 811 et
443 780 500 815 52.
555 776 730 810 Sesoosis
757 775 978 822 (Sesostris)
1008 782 1094 821 post
1118 777 1191 811 Vll
1216 783 1366 812 aetates
1396 790 1545 813 succes.

81 846 166 876 sor,
198 846 346 879 unaque
371 834 522 869 educati
546 834 711 867 sodales.
760 833 1035 876 Expeditiones
1061 838 1281 879 susceptae,
1313 846 1432 881 regno
1457 842 1546 871 ante

80 893 119 926 in
142 892 307 928 XXXVI
343 903 477 927 nomos
511 891 653 931 diviso;
700 890 904 934 Aethiopas
929 891 1079 933 domat,
1111 893 1255 936 primus
1277 904 1393 927 naves
1413 894 1547 939 longas

83 951 265 993 exstruit,
297 954 415 984 totam
435 949 562 984 Asiam
584 948 744 992 subigit,
781 948 869 981 inde
885 948 922 981 in
939 949 1129 993 Europam
1149 951 1297 984 transit.
1344 951 1484 986 Positis
1508 953 1549 985 in

81 1007 247 1041 Thracia
261 1007 444 1042 columnis
464 1007 502 1040 in
519 1005 682 1050 patriam
703 1004 813 1040 redit.
860 1006 1125 1049 Cap-53—55.
1177 1007 1304 1051 Opera
1317 1009 1356 1042 in
1374 1010 1549 1054 Aegypto

83 1069 277 1099 exstructa
305 1065 594 1111 peregrinorum
617 1062 769 1097 labore:
803 1071 966 1106 aggeres
991 1063 1039 1097 ad
1071 1064 1220 1106 Nilum,
1261 1076 1390 1099 murus
1417 1072 1552 1100 contra

83 1122 202 1167 Syros
221 1128 259 1157 et
276 1123 444 1164 Arabes,
472 1122 579 1155 naris
596 1129 730 1161 aurea,
767 1119 945 1162 obelisci,
970 1125 1134 1155 statuae.
1174 1124 1260 1166 Cap.
1271 1124 1327 1158 56.
1353 1124 1409 1159 57.
1457 1123 1551 1158 Eius

83 1181 122 1213 in
151 1181 343 1214 subiectos
368 1189 482 1224 reges
510 1178 699 1222 superbia.
749 1176 856 1210 Mors
883 1177 1109 1212 voluntaria.
1155 1179 1296 1213 Darius
1321 1190 1404 1213 eum
1424 1190 1553 1214 aemu-

83 1237 196 1272 latus.
227 1241 314 1282 Cap.
331 1238 388 1274 58.
436 1235 612 1269 Sesoosis
632 1233 851 1278 (Sesostris)
880 1232 992 1271 filius,
1027 1237 1116 1280 Cap.
1132 1237 1188 1274 59.
1233 1236 1366 1270 Multis
1386 1240 1472 1281 post
1489 1248 1553 1271 se-

87 1296 182 1329 culis
206 1295 367 1330 Amasis.
418 1294 516 1327 Tum
543 1293 740 1336 Aegyptus
765 1292 950 1335 Actisani,
983 1292 1208 1337 Aethiopum
1235 1294 1340 1337 regi,
1369 1294 1554 1337 subiecta,

87 1355 150 1398 qui
169 1355 314 1387 narium
333 1355 611 1395 amputatarum
631 1348 852 1392 supplicium
870 1349 1034 1392 invenit,
1060 1354 1100 1384 et
1117 1350 1408 1384 Rhinocoluram
1429 1352 1555 1385 condi-

89 1412 156 1444 dit.
192 1412 281 1455 Cap.
303 1414 357 1447 60.
417 1407 580 1442 Mendes
605 1417 634 1440 s.
661 1406 814 1447 Marus,
857 1404 1085 1450 Labyrinthi
1108 1407 1342 1444 aedificator.
1369 1410 1476 1453 'Cap.
1494 1410 1552 1449 61.

89 1467 181 1502 Post
197 1470 360 1513 quinque
377 1465 667 1511 generationum
683 1462 900 1496 anarchiam
919 1465 1030 1498 Cetes
1051 1470 1206 1510 regnat,
1230 1475 1259 1498 s.
1275 1465 1449 1508 Proteus,
1475 1465 1557 1499 belli

93 1524 245 1559 Troiani
269 1531 434 1569 tempore.
481 1520 661 1566 Remphis
686 1520 1017 1566 (Rhampsinitus).
1056 1523 1143 1567 Cap.
1161 1525 1218 1558 62.
1271 1521 1397 1568 Reges
1422 1524 1552 1568 ignavi

90 1594 159 1627 per
180 1583 250 1617 VII
276 1581 568 1627 generationes,
610 1580 648 1612 in
669 1579 804 1623 quibus
822 1580 925 1613 solus
945 1580 1078 1614 Nileus
1095 1580 1230 1613 clarus.
1278 1581 1368 1614 lndc
1388 1585 1558 1623 octavus,

91 1641 299 1682 Chemmis,
333 1641 447 1673 trium
465 1637 703 1682 pyramidum
723 1638 925 1670 maximam
944 1638 1173 1679 construxit,
1200 1648 1295 1682 quae
1320 1638 1560 1672 describitur.
1580 1680 1584 1682 ‚

94 1700 251 1744 Cap,63.
298 1695 471 1740 Cephren
491 1694 729 1738 pyramidum
750 1694 911 1728 alteram
932 1696 1078 1739 posuit3
1107 1695 1350 1739 Mycerinus,
1377 1695 1458 1727 eius
1477 1705 1559 1728 suc-

94 1767 243 1797 cessor,
277 1755 442 1788 tertiam.
486 1753 576 1796 Cap.
593 1753 649 1789 64.
692 1750 889 1785 Bochoris.
911 1771 956 1777 —
999 1751 1168 1793 Sabaeo,
1195 1762 1338 1797 genere
1363 1751 1558 1796 Aethiops,

90 1825 160 1860 pro
179 1814 310 1858 poenis
329 1810 553 1855 capitalibus
570 1810 721 1842 vincula
739 1812 778 1843 et
792 1810 944 1843 labores
967 1809 1042 1842 reis
1059 1810 1228 1853 imponit,
1255 1811 1340 1853 Cap.
1354 1813 1409 1846 66.
1443 1810 1560 1843 Anar-

95 1872 179 1906 chia
198 1881 266 1915 per
283 1869 498 1910 biennium3
521 1871 600 1900 tum
622 1865 898 1901 Dodecarchia.
937 1866 1097 1910 Regium
1117 1867 1352 1900 mausoleum
1366 1865 1438 1899 ΧΠ
1461 1867 1562 1911 prin-

95 1931 231 1973 cipum.
283 1927 342 1961 Ex
368 1925 427 1959 his
452 1923 753 1959 Psammetichus
781 1925 884 1957 solus
910 1933 1068 1968 regnum
1094 1928 1273 1968 occupat,
1318 1928 1487 1958 assumto
1513 1933 1562 1958 ex

95 1984 255 2026 Arabia,
287 1985 415 2027 Caria,
448 1983 558 2017 Ionia
576 1982 712 2019 milite,
766 1981 821 2015 Ob
841 1980 972 2014 militis
990 1982 1140 2014 externi
1161 1980 1341 2016 honorem
1369 1982 1470 2017 CCM
1493 1983 1563 2016 Ae-

97 2043 218 2088 gyptii
241 2041 439 2083 deficiunt,
473 2046 512 2075 et
534 2050 652 2073 novas
670 2043 858 2083 quaerunt
873 2038 999 2074 sedes.
1049 2038 1268 2082 Peregrinis
1287 2039 1412 2081 favet,
1447 2049 1564 2083 prae..

99 2102 231 2135 sertim
258 2099 437 2139 Graecis,
469 2102 510 2130 ut
535 2097 636 2131 filios
665 2097 762 2130 adeo
790 2095 947 2129 Graecis
973 2095 1180 2138 disciplinis
1207 2097 1395 2138 erudiret,
1434 2098 1563 2140 Aegy-

98 2164 276 2204 ptumque
301 2160 415 2190 antea
433 2156 689 2196 inaccessam,
716 2154 931 2198 peregrinis
948 2154 1127 2197 aperiret.
1160 2153 1248 2196 Cap.
1262 2157 1317 2191 67.
1368 2154 1460 2186 l‘ost
1477 2163 1566 2198 qua-

98 2222 185 2251 tuor
201 2215 470 2260 generationes
490 2212 643 2255 Apries,
674 2212 855 2256 Cyprios,
884 2211 1168 2255 Phoenicesque
1185 2210 1286 2245 bello
1305 2211 1483 2252 adortus,
1507 2214 1565 2242 tu-

100 2274 222 2309 multu
247 2273 382 2306 civium
406 2271 540 2315 periit.⁴
583 2270 694 2302 Hunc
714 2272 867 2302 secutus
889 2268 1049 2301 Amasis.
1115 2267 1206 2309 Qui,
1236 2279 1319 2302 cum
1346 2267 1417 2302 LV
1445 2277 1566 2300 annos

101 2333 323 2375 regnasset,
351 2340 396 2363 eo
415 2329 496 2372 ipso
512 2332 684 2371 tempore
700 2328 779 2359 vita
801 2325 971 2368 functus,
1003 2335 1075 2370 quo
1090 2325 1319 2370 Cambyses,
1345 2335 1413 2359 rex
1432 2324 1568 2358 Persa-

102 2399 206 2428 rum,
229 2388 440 2431 Aegyptum
458 2385 560 2418 bello
579 2385 750 2428 subegit,
772 2384 831 2417 Ol.
849 2382 931 2417 Lx.
956 2393 1017 2419 an.
1034 2384 1068 2418 3.
1113 2384 1200 2427 Cap.
1215 2385 1271 2420 63,

196 2446 239 2489 C)
270 2445 449 2477 Instituta
476 2446 515 2475 et
539 2452 666 2475 mores
690 2440 977 2485 Aegyptiorum.
1021 2439 1256 2486 „Postquam
1286 2450 1417 2485 regum
1442 2440 1568 2483 Aegy-

106 2503 269 2548 ptiorum
297 2511 358 2535 res
383 2505 512 2544 gestas
540 2498 627 2532 inde
647 2498 693 2531 ab
711 2499 982 2543 antiquissimis
997 2499 1231 2542 temporibus
1249 2509 1366 2542 usque
1389 2497 1435 2530 ad
1453 2498 1569 2530 Ama-

108 2562 161 2594 sis
177 2563 337 2593 mortem
356 2559 449 2591 satis
469 2557 648 2601 exposui,
670 2556 819 2601 reliqua
837 2555 916 2588 suis
934 2556 1168 2598 temporibus
1186 2556 1367 2596 servabo,
1391 2564 1488 2586 nnnc
1507 2564 1571 2586 au-

107 2622 184 2652 tem
213 2617 259 2651 de
288 2616 473 2649 institutis
492 2614 764 2659 Aegyptiorum
792 2622 859 2653 ea,
892 2621 988 2657 quae
1016 2613 1224 2657 singularia
1250 2616 1356 2652 sunt,
1391 2612 1569 2654 lectuque

109 2676 239 2717 utilia,
270 2674 495 2707 brevissime
515 2680 735 2715 persequar.
748 2674 770 2691 ‘⁶
815 2669 1032 2703 Memoratu
1050 2670 1165 2714 digna
1185 2668 1279 2703 haec
1298 2679 1383 2703 esse
1405 2670 1572 2713 arguunt

110 2732 476 2777 sapientissimorum
505 2729 738 2763 Graecorum
767 2727 807 2761 in
835 2737 920 2762 eam
945 2728 1143 2772 regionem
1164 2726 1267 2761 faeta
1290 2726 1441 2760 itinera.
1481 2727 1572 2769 Cap.

111 2791 274 2827 59—98-
