1859 3326
281 185 371 224 130
746 180 1270 221 ANNOTATIONES

396 295 500 336 142.
534 295 606 334 76.
650 290 712 334 Οὐ
733 293 898 340 πλείους
917 296 1000 334 τῶν
1030 293 1189 346 μυρίων
1211 293 1279 333 καὶ
1300 292 1535 347 δισχιλίων]
1576 295 1731 333 Plutar-

281 352 373 391 chus
393 353 452 389 illi
479 351 528 388 ad
557 361 614 387 vn
637 352 760 387 millia
787 351 875 399 dat,
906 363 1046 402 magno
1070 351 1315 388 discrimine:
1340 351 1441 399 quod
1470 364 1616 402 genus,
1643 365 1732 389 cum

280 411 449 447 numeris
470 408 705 455 absolvatur,
731 406 834 444 haud
857 407 1095 456 infrequens,
1144 406 1285 444 Eccum
1307 408 1377 444 tibi
1397 407 1581 458 l’olyaen.
1595 437 1606 456 ,
1638 407 1734 445 Car-
1786 408 1795 414 ⁸

282 465 586 516 thaginiensium
619 464 853 509 exercitum,
880 465 946 511 qui
964 462 1135 500 Diodoro
1164 469 1203 500 et
1220 462 1427 500 Plutarcho
1461 473 1546 500 Lxx
1569 466 1733 502 millium

281 534 440 560 numero
458 533 537 557 non
564 520 747 567 inferior,
777 521 1060 570 quinquaginta
1092 519 1282 557 duntaxat
1309 520 1479 558 millibus
1507 527 1736 569 aequantem

281 578 452 627 Strateg.
475 576 518 615 L.
548 575 593 612 V.
619 577 688 616 12.
713 576 753 615 3.
785 575 918 613 WEss.

235 627 240 630 ’
402 634 503 674 142.
537 633 630 671 92
651 626 999 681 Ἓναποκυβεῦων
1021 633 1112 677 ταῖς
1143 632 1227 670 τῶν
1251 627 1530 684 μισθοφόρων
1551 633 1735 684 ψυχαῖς]

284 691 372 729 Non
395 691 454 726 illi
484 688 638 737 quidem
665 689 882 726 invenuste.
928 687 1113 735 Scilicet,
1145 693 1192 724 ut
1219 687 1351 724 Tmo
1383 691 1592 738 contingat
1619 691 1737 739 regia

287 749 452 792 coniux,
481 744 585 791 Nos,
627 746 785 782 auinaue
811 745 931 791 viles,
963 715 1192 791 inhumata,
1230 745 1447 794 infletaque
1477 745 1593 782 turba
1622 745 1739 783 Ster-

286 817 428 842 nmmu-
448 803 612 853 campis.
643 799 803 838 Dictum
822 807 896 848 est,
920 806 964 837 ut
985 799 1085 848 apud
1103 799 1308 850 Polybium
1328 799 1525 841 L.11.63.
1554 796 1659 841 διότι
1679 800 1745 839 ὁ
1706 816 1739 840 ει

284 858 359 912 τὴν
379 857 579 908 ταχίστην
602 853 831 908 ε’κκυβεύειν
849 860 936 903 τοῖς
956 853 1079 902 ὅλοις.
1105 856 1158 893 Et
1177 855 1220 893 L.
1244 855 1310 894 III.
1331 856 1404 896 94-
1436 855 1631 908 οίὸαιιῶς
1654 856 1740 911 κρί-

285 931 365 955 ιωι
387 910 636 964 ἐκκυβεύειν,
665 911 761 953 οὐδὲ
779 908 1132 982 παραβάλλεσθαι
1148 916 1235 958 τοῖς
1256 909 1378 958 ὅλοις.
1406 911 1506 950 Τιιηι
1531 914 1631 963 quod
1652 921 1762 962 pro-2v

286 975 400 1022 pius
391 971 519 1017 abest.
545 966 895 1022 παραβάλλεσθαι
916 967 984 1015 καὶ
1010 964 1233 1019 κυβεύειν
1215 983 1256 1007 εν
1275 970 1333 1022 τῷ
1354 966 1433 1023 βίῳ
1456 970 1555 1020 apud
1580 970 1740 1008 Suidam
1758 991 1761 994 ·

289 1032 330 1066 iu
351 1022 507 1076 Κυβος.
544 1024 654 1064 Conf.
680 1024 861 1063 Gataker.
883 1026 931 1064 ad
954 1024 1099 1062 Anton.
1123 1025 1167 1061 L
1188 1024 1216 1062 I.
1241 1028 1281 1066 8.
1315 1025 1447 1062 Wssss.

356 1120 358 1122 .
406 1084 510 1123 142.
540 1083 613 1122 99.
644 1077 807 1134 Μόγις,
834 1079 967 1121 πολλὰ
988 1081 1088 1133 etc.]
1130 1081 1231 1118 Ante
1251 1077 1371 1134 μόγις
1391 1081 1603 1125 desiderari
1625 1081 1741 1120 vide-

292 1148 355 1178 tur
380 1135 401 1179 ὃ
428 1137 654 1188 Τιμολέων.
683 1137 822 1178 ΚΗοι).
853 1141 895 1176 in
915 1137 1013 1175 Add.

406 1195 610 1236 143.13.
645 1189 876 1246 ιΥπε’,ιιινησε
906 1193 950 1234 ὁὲ
985 1195 1060 1246 τῆς
1084 1190 1271 1239 Γέλωνος
1302 1188 1551 1246 εὐημερίας]
1582 1191 1743 1243 Copiose

293 1250 584 1290 describiturL.
605 1250 675 1287 XI.
696 1253 771 1290 22.
801 1251 939 1288 WESS.
1750 1260 1755 1288 ζ

407 1308 508 1349 143
553 1309 625 1347 16.
667 1302 844 1359 (Υποζυγ
835 1306 920 1348 ι’ων
960 1303 1098 1345 σέλινα
1127 1299 1402 1356 κομιζόντων]
1449 1302 1527 1341 Res
1554 1284 1743 1344 militibus

292 1366 481 1414 plerisque
498 1375 633 1412 parum
656 1363 860 1400 videbatur
876 1364 1016 1409 fausta,
1042 1361 1143 1410 quod
1162 1363 1274 1398 nexis
1294 1373 1342 1397 ex
1361 1360 1449 1409 apio
1469 1362 1622 1398 coronis
1640 1374 1745 1400 mor-

291 1429 443 1458 tuorum
471 1421 645 1470 sepulcra
679 1432 815 1456 01··na1e
848 1422 965 1456 moris
996 1425 1115 1455 esset:
1158 1411 1210 1456 τὰ
1236 1413 1436 1468 μνήματα
1472 1419 1555 1456 τῶν
1589 1420 1744 1471 νεκρῶν
1776 1437 1777 1440 ’

291 1473 474 1527 εἷώῧαμε
479 1492 500 1514 ν
537 1477 770 1528 στεςιανοῦν
793 1475 964 1521 σελίνοις
988 1475 1089 1512 Plut
1122 1472 1260 1511 Timol
1292 1486 1328 1522 p.
1348 1474 1453 1513 248-
1474 1472 1524 1512 D.
1572 1473 1686 1511 Unde
1706 1481 1744 1512 et

290 1536 418 1583 apium
448 1547 556 1585 ιερον
585 1546 669 1570 των
696 1530 987 1582 xazaffl-'omwv
1015 1532 1056 1568 in
1088 1529 1220 1568 Schol.
1248 1529 1297 1565 ad
1327 1528 1487 1566 Pindari
1520 1529 1743 1580 Olympion.

293 1590 368 1628 Od.
390 1589 498 1626 XIII.
517 1588 610 1635 45.‚
632 1594 670 1624 et
689 1590 723 1625 si
749 1590 815 1637 qui
836 1588 876 1625 id
899 1593 1116 1638 portarent,
1154 1583 1202 1624 οὐ
1226 1599 1413 1638 χρηστον
1435 1581 1647 1636 σύμβολον
1681 1600 1747 1624 oc-

292 1646 533 1683 currentibus
554 1644 805 1692 praebebant,
840 1642 1158 1694 quemadmodum
1179 1640 1362 1680 Timaeus
1383 1641 1482 1692 apud
1500 1642 1602 1681 Plut.
1624 1642 1747 1693 Sym-'-

292 1715 373 1753 pos.
391 1702 433 1739 L
457 1701 504 1738 V.
528 1701 567 1740 3
593 1713 628 1750 p
644 1702 751 1741 676.
778 1699 829 1739 D.
860 1702 1000 1738 innuit.
1028 1699 1165 1737 WESS.

406 1757 613 1798 143.18
659 1753 745 1795 Ίὸν
772 1753 850 1808 γὰρ
869 1752 1115 1807 Ἰσθμιακον
1149 1752 1355 1808 στέφανον
1383 1752 1426 1794 ἐκ
1448 1751 1606 1794 σελίνου
1631 1753 1748 1794 συνί-

293 1810 509 1864 ozanam]
550 1812 649 1849 Vide
680 1812 724 1849 P.
752 1811 868 1850 Fabri
887 1812 1065 1863 Agonist.
1088 1810 1135 1850 L.
1151 1811 1198 1848 ΙΙ.
1220 1812 1295 1851 23.
1334 1811 1456 1848 Pinea
1476 1823 1618 1848 corona
1651 1809 1745 1848 Plu-

293 1871 421 1907 taiehi
442 1876 567 1907 aetate
596 1876 635 1905 et
656 1869 824 1917 Aeliani,
857 1870 919 1906 oui
951 1875 1153 1917 propterea
1181 1866 1299 1914 πίτυς
1322 1863 1514 1918 Ἰσθμικὴ
1547 1866 1593 1904 de
1612 1865 1743 1907 Anim.

293 1925 786 1974 1.V1.,1.1sthmionicae
809 1925 1063 1971 donabantur,
1078 1924 1144 1961 sed
1163 1923 1235 1961 hoc
1256 1931 1424 1971 tempore
1445 1935 1493 1959 ex
1513 1925 1613 1972 apio,
1635 1924 1744 1961 arido

292 1989 432 2028 tamen,
462 1989 504 2019 ut
526 1995 548 2019 a
567 1981 724 2029 Nemea,
747 1994 842 2031 quae
862 1993 911 2018 ex
927 1981 1047 2019 viridi
1066 1981 1383 2027 concinnabatur,
1408 1978 1589 2016 differret.
1619 1977 1746 2018 Docet

291 2037 520 2076 Plutarchus
541 2038 642 2075 dicto
662 2040 746 2075 loeo
774 2045 812 2075 et
835 2036 965 2075 Schol.
985 2036 1174 2074 Nicandri
1178 2034 1370 2102 “Alexiplm
1391 2048 1428 2072 v.
1452 2035 1557 2075 605
1583 2034 1720 2073 VVESS.

409 2096 512 2135 143.
552 2095 624 2135 36
666 2093 753 2134 Και
780 2096 864 2133 τῶν
900 2092 1103 2132 Φοινίκων
1139 2093 1198 2131 τῶ
1232 2088 1384 2143 amq-952
1419 2089 1744 2144 περιχεομένων]

292 2151 437 2187 Vitium
455 2151 728 2188 animadveitit
744 2150 947 2201 Augustin.
970 2148 1146 2199 Biyanus
1164 2148 1214 2185 ad
1232 2147 1336 2187 Plut.
1358 2145 1404 2184 T.
1427 2146 1475 2183 ΙΙ.
1495 2159 1531 2194 p.
1555 2147 1659 2187 570.
1682 2149 1742 2185 ed.

292 2208 320 2243 l
323 2206 452 2243 ondin.
466 2223 543 2253 ‚cn
528 2203 817 2257 ερικεχυιιὲιων
835 2206 1043 2271 refingens3
1062 2204 1163 2254 quod
1183 2205 1355 2241 nimium.
1381 2202 1412 2233 Ῐ
1381 2203 1523 2240 enior
1541 2203 1746 2252 medicina,

291 2275 402 2311 quam
435 2235 615 2309 adhibui,
652 2269 783 2300 autore
813 2263 998 2312 probante
1026 2263 1068 2298 in
1094 2260 1275 2310 Excerpt.
1304 2260 1429 2297 Vales.
1459 2271 1495 2308 p.
1524 2260 1632 2300 402.
1672 2274 1742 2300 πε-

291 2317 491 2372 ριεχεόντο
516 2315 591 2364 τὰς
610 2320 707 2358 πολ
693 2318 808 2369 ε’μιας
827 2320 939 2365 ναῦς.
965 2318 1083 2355 Plura
1103 2317 1153 2354 ad
1174 2317 1217 2354 L.
1237 2315 1345 2353 XIII.
1367 2316 1439 2355 51.
1471 2314 1604 2352 WEss.

410 2376 511 2414 143.
531 2375 607 2414 48.
634 2375 718 2413 Καὶ
735 2377 819 2413 τῶν
839 2369 1056 2441 ἁρμάτων
1062 2369 1150 2424 ἅμα
1168 2386 1331 2418 τουτοις
1350 2369 1615 2440 φυρομένων]
1639 2370 1741 2423 Lege

292 2428 542 2482 φερομένων.
566 2429 703 2468 RHOD.
749 2429 860 2467 Ferri
890 2443 1135 2483 φυρομενων
1168 2434 1316 2477 potest,
1348 2430 1423 2465 etsi
1454 2424 1606 2478 ἀναμὶξ
1632 2441 1743 2477 prae-
1774 2468 1779 2475 ¹

291 2488 459 2523 cesserit.
501 2485 639 2523 Solent
665 2487 810 2535 alioqui
836 2484 929 2522 haec
957 2485 1076 2524 verba
1104 2485 1336 2533 permisceri.
1380 2483 1560 2531 Exempli
1587 2495 1742 2525 caussa.

289 2540 446 2578 Philoni
475 2542 555 2579 lud.
586 2542 812 2581 tribuuntur
833 2554 878 2578 eo
902 2542 1023 2588 libro,
1053 2554 1126 2590 quo
1149 2541 1268 2579 deter.
1298 2540 1442 2588 potiori
1472 2539 1651 2576 insidiari
1679 2552 1743 2576 so-

288 2598 367 2633 lere
397 2598 564 2647 disputat
591 2610 628 2645 p.
656 2599 759 2638 169.
783 2596 832 2636 D.
873 2593 1010 2635 πάντα
1036 2594 1104 2635 διὰ
1133 2592 1298 2635 πάντων
1327 2592 1540 2648 συγχέουσι
1569 2593 1636 2633 καὶ
1665 2592 1742 2648 φέ-

290 2666 420 2700 ρουσι.
453 2653 619 2691 Dederat
639 2656 719 2702 ipse
749 2667 818 2691 και
838 2666 1039 2705 φυρουσι,
1072 2651 1389 2701 quemadmodum
1415 2651 1461 2687 ‹le
1489 2649 1674 2701 Agricult.
1704 2664 1740 2700 p.

288 2710 396 2748 2206.
415 2709 459 2745 Α.
488 2708 564 2749 εὸει
585 2707 661 2762 μὶο
681 2706 738 2760 μι)
761 2722 889 2761 φυραι
910 2708 979 2746 καὶ
1000 2707 1175 2759 συῃςεάι.
1205 2708 1257 2744 Et
1275 2707 1321 2744 de
1341 2706 1431 2757 Leg.
1454 2704 1566 2754 Spec.
1585 2720 1620 2755 p.
1635 2708 1739 2746 809.

286 2762 334 2799 l).
358 2760 488 2804 ταντα
512 2762 656 2818 (summ)
677 2764 743 2803 καὶ
766 2762 957 2829 συγχέιικη
992 2764 1152 2801 Putares
1175 2762 1345 2800 eiusdem
1358 2762 1568 2800 Philonis·
1557 2775 1597 2798 in
1608 2761 1735 2800 Flacc.

285 2832 317 2867 p
344 2822 448 2861 981.
482 2821 526 2858 Ε.
569 2820 692 2872 ὄχλον
724 2814 980 2859 ἀσύιτακτον
1012 2834 1079 2858 και
1113 2816 1401 2874 πεφορημένον
1432 2819 1736 2883 convertendum
