<?xml version="1.0" encoding="UTF-8"?>
<!DOCTYPE html PUBLIC "-//W3C//DTD XHTML 1.0 Transitional//EN"
    "http://www.w3.org/TR/xhtml1/DTD/xhtml1-transitional.dtd">
<html xmlns="http://www.w3.org/1999/xhtml" xml:lang="en" lang="en">
 <head>
  <title>
</title>
<meta http-equiv="Content-Type" content="text/html;charset=utf-8" />
  <meta name='ocr-system' content='tesseract 3.04.00' />
  <meta name='ocr-capabilities' content='ocr_page ocr_carea ocr_par ocr_line ocrx_word'/>
</head>
<body>
  <div class='ocr_page' id='page_1' title='image "./bibliothecahisto05dioduoft_0692.png"; bbox 0 0 1859 3326; ppageno 0'>
   <div class='ocr_carea' id='block_1_1' title="bbox 245 217 1186 252">
    <p class='ocr_par' dir='ltr' id='par_1_1' title="bbox 245 217 1186 252">
     <span class='ocr_line' id='line_1_1' title="bbox 245 217 1186 252; baseline -0.004 -1"><span class='ocrx_word' id='word_1_1' title='bbox 245 221 446 252; x_wconf 79' lang='lat' dir='ltr'>XXXVIII</span> <span class='ocrx_word' id='word_1_2' title='bbox 757 217 1186 252; x_wconf 79' lang='lat' dir='ltr'><strong>WESSELINGII</strong></span> 
     </span>
    </p>
   </div>
   <div class='ocr_carea' id='block_1_2' title="bbox 243 313 1718 2722">
    <p class='ocr_par' dir='ltr' id='par_1_2' title="bbox 243 313 1718 2722">
     <span class='ocr_line' id='line_1_2' title="bbox 336 313 1698 362; baseline 0 -11"><span class='ocrx_word' id='word_1_3' title='bbox 336 317 394 351; x_wconf 89' lang='lat' dir='ltr'><strong>Ne</strong></span> <span class='ocrx_word' id='word_1_4' title='bbox 419 328 510 351; x_wconf 89' lang='lat' dir='ltr'><strong>vero</strong></span> <span class='ocrx_word' id='word_1_5' title='bbox 536 317 701 359; x_wconf 84' lang='lat' dir='ltr'><strong>nescias,</strong></span> <span class='ocrx_word' id='word_1_6' title='bbox 738 327 812 362; x_wconf 88' lang='lat' dir='ltr'><strong>quo</strong></span> <span class='ocrx_word' id='word_1_7' title='bbox 842 317 926 350; x_wconf 89' lang='lat' dir='ltr'><strong>loco</strong></span> <span class='ocrx_word' id='word_1_8' title='bbox 959 315 1138 349; x_wconf 85' lang='lat' dir='ltr'><strong>censendi</strong></span> <span class='ocrx_word' id='word_1_9' title='bbox 1171 315 1247 349; x_wconf 87' lang='lat' dir='ltr'><strong>sint</strong></span> <span class='ocrx_word' id='word_1_10' title='bbox 1277 314 1340 347; x_wconf 85' lang='lat' dir='ltr'><strong>isti</strong></span> <span class='ocrx_word' id='word_1_11' title='bbox 1377 313 1547 356; x_wconf 85' lang='lat' dir='ltr'><strong>codices,</strong></span> <span class='ocrx_word' id='word_1_12' title='bbox 1585 319 1698 362; x_wconf 85' lang='lat' dir='ltr'><strong>atque</strong></span> 
     </span>
     <span class='ocr_line' id='line_1_3' title="bbox 243 372 1701 420; baseline 0.001 -13"><span class='ocrx_word' id='word_1_13' title='bbox 243 374 343 408; x_wconf 87' lang='lat' dir='ltr'><strong>unde</strong></span> <span class='ocrx_word' id='word_1_14' title='bbox 370 376 566 416; x_wconf 78' lang='lat' dir='ltr'><strong>venerint,</strong></span> <span class='ocrx_word' id='word_1_15' title='bbox 607 385 746 420; x_wconf 78' lang='lat' dir='ltr'>operae</span> <span class='ocrx_word' id='word_1_16' title='bbox 774 375 849 408; x_wconf 85' lang='lat' dir='ltr'><strong>erit</strong></span> <span class='ocrx_word' id='word_1_17' title='bbox 874 384 944 416; x_wconf 84' lang='lat' dir='ltr'><strong>per</strong></span> <span class='ocrx_word' id='word_1_18' title='bbox 969 376 1136 406; x_wconf 86' lang='lat' dir='ltr'><strong>saturam</strong></span> <span class='ocrx_word' id='word_1_19' title='bbox 1164 382 1295 406; x_wconf 86' lang='lat' dir='ltr'><strong>eorum</strong></span> <span class='ocrx_word' id='word_1_20' title='bbox 1329 372 1500 405; x_wconf 79' lang='lat' dir='ltr'>notitiam</span> <span class='ocrx_word' id='word_1_21' title='bbox 1538 376 1701 417; x_wconf 78' lang='lat' dir='ltr'><strong>aperire.</strong></span> 
     </span>
     <span class='ocr_line' id='line_1_4' title="bbox 246 430 1702 477; baseline 0 -11"><span class='ocrx_word' id='word_1_22' title='bbox 246 433 384 466; x_wconf 89' lang='lat' dir='ltr'><strong>Ordiar</strong></span> <span class='ocrx_word' id='word_1_23' title='bbox 409 444 491 466; x_wconf 88' lang='lat' dir='ltr'><strong>cum</strong></span> <span class='ocrx_word' id='word_1_24' title='bbox 518 434 614 474; x_wconf 78' lang='lat' dir='ltr'><strong>illis,</strong></span> <span class='ocrx_word' id='word_1_25' title='bbox 650 443 743 477; x_wconf 82' lang='lat' dir='ltr'><strong>quos</strong></span> <span class='ocrx_word' id='word_1_26' title='bbox 770 436 836 464; x_wconf 88' lang='lat' dir='ltr'><strong>aut</strong></span> <span class='ocrx_word' id='word_1_27' title='bbox 859 431 934 464; x_wconf 80' lang='lat' dir='ltr'><strong>FR.</strong></span> <span class='ocrx_word' id='word_1_28' title='bbox 959 430 1004 465; x_wconf 91' lang='lat' dir='ltr'><strong>D.</strong></span> <span class='ocrx_word' id='word_1_29' title='bbox 1035 431 1094 462; x_wconf 69' lang='lat' dir='ltr'><strong>CA</strong></span> <span class='ocrx_word' id='word_1_30' title='bbox 1108 438 1329 462; x_wconf 56' lang='lat' dir='ltr'><strong>:unsaros</strong></span> <span class='ocrx_word' id='word_1_31' title='bbox 1356 440 1424 474; x_wconf 89' lang='lat' dir='ltr'><strong>per</strong></span> <span class='ocrx_word' id='word_1_32' title='bbox 1447 440 1488 463; x_wconf 92' lang='lat' dir='ltr'><strong>se</strong></span> <span class='ocrx_word' id='word_1_33' title='bbox 1515 441 1598 464; x_wconf 86' lang='lat' dir='ltr'><strong>cum</strong></span> <span class='ocrx_word' id='word_1_34' title='bbox 1624 433 1702 466; x_wconf 91' lang='lat' dir='ltr'><strong>edi-</strong></span> 
     </span>
     <span class='ocr_line' id='line_1_5' title="bbox 245 486 1703 534; baseline 0.001 -13"><span class='ocrx_word' id='word_1_35' title='bbox 245 491 293 522; x_wconf 86' lang='lat' dir='ltr'><strong>tis</strong></span> <span class='ocrx_word' id='word_1_36' title='bbox 320 491 558 534; x_wconf 80' lang='lat' dir='ltr'><strong>conparavit,</strong></span> <span class='ocrx_word' id='word_1_37' title='bbox 612 494 677 523; x_wconf 85' lang='lat' dir='ltr'><strong>aut</strong></span> <span class='ocrx_word' id='word_1_38' title='bbox 711 489 871 521; x_wconf 85' lang='lat' dir='ltr'><strong>aliorum</strong></span> <span class='ocrx_word' id='word_1_39' title='bbox 905 498 1022 531; x_wconf 86' lang='lat' dir='ltr'><strong>opera</strong></span> <span class='ocrx_word' id='word_1_40' title='bbox 1056 488 1215 521; x_wconf 88' lang='lat' dir='ltr'><strong>collatos</strong></span> <span class='ocrx_word' id='word_1_41' title='bbox 1240 488 1399 532; x_wconf 82' lang='lat' dir='ltr'><strong>adeptus</strong></span> <span class='ocrx_word' id='word_1_42' title='bbox 1425 486 1507 521; x_wconf 82' lang='lat' dir='ltr'><strong>fuit.</strong></span> <span class='ocrx_word' id='word_1_43' title='bbox 1557 490 1703 523; x_wconf 84' lang='lat' dir='ltr'><strong>Adscri-</strong></span> 
     </span>
     <span class='ocr_line' id='line_1_6' title="bbox 244 545 1702 592; baseline 0.002 -13"><span class='ocrx_word' id='word_1_44' title='bbox 244 553 374 591; x_wconf 83' lang='lat' dir='ltr'><strong>pserat</strong></span> <span class='ocrx_word' id='word_1_45' title='bbox 400 550 457 580; x_wconf 80' lang='lat' dir='ltr'><strong>vir</strong></span> <span class='ocrx_word' id='word_1_46' title='bbox 482 547 795 591; x_wconf 80' lang='lat' dir='ltr'><strong>diligentissimus</strong></span> <span class='ocrx_word' id='word_1_47' title='bbox 822 555 912 579; x_wconf 87' lang='lat' dir='ltr'><strong>orae</strong></span> <span class='ocrx_word' id='word_1_48' title='bbox 936 545 1095 578; x_wconf 85' lang='lat' dir='ltr'><strong>Diodori</strong></span> <span class='ocrx_word' id='word_1_49' title='bbox 1124 545 1181 578; x_wconf 88' lang='lat' dir='ltr'><strong>sui</strong></span> <span class='ocrx_word' id='word_1_50' title='bbox 1208 545 1468 589; x_wconf 68' lang='lat' dir='ltr'><strong>discrepantes</strong></span> <span class='ocrx_word' id='word_1_51' title='bbox 1494 548 1702 592; x_wconf 86' lang='lat' dir='ltr'><strong>scripturas</strong></span> 
     </span>
     <span class='ocr_line' id='line_1_7' title="bbox 246 603 1702 645; baseline -0.003 -7"><span class='ocrx_word' id='word_1_52' title='bbox 246 615 292 638; x_wconf 86' lang='lat' dir='ltr'><strong>ex</strong></span> <span class='ocrx_word' id='word_1_53' title='bbox 329 606 559 638; x_wconf 89' lang='lat' dir='ltr'><strong>Coisliniano</strong></span> <span class='ocrx_word' id='word_1_54' title='bbox 596 608 634 636; x_wconf 84' lang='lat' dir='ltr'><strong>et</strong></span> <span class='ocrx_word' id='word_1_55' title='bbox 666 603 969 637; x_wconf 81' lang='lat' dir='ltr'><strong>Claromontanis</strong></span> <span class='ocrx_word' id='word_1_56' title='bbox 1002 613 1114 635; x_wconf 87' lang='lat' dir='ltr'><strong>manu</strong></span> <span class='ocrx_word' id='word_1_57' title='bbox 1151 603 1318 635; x_wconf 80' lang='lat' dir='ltr'><strong>exaratis</strong></span> <span class='ocrx_word' id='word_1_58' title='bbox 1358 603 1475 639; x_wconf 87' lang='lat' dir='ltr'><strong>libris.</strong></span> <span class='ocrx_word' id='word_1_59' title='bbox 1534 605 1702 645; x_wconf 72' lang='lat' dir='ltr'><strong>Quorum</strong></span> 
     </span>
     <span class='ocr_line' id='line_1_8' title="bbox 245 660 1697 707; baseline 0.001 -12"><span class='ocrx_word' id='word_1_60' title='bbox 245 663 395 707; x_wconf 83' lang='lat' dir='ltr'><strong>quidem</strong></span> <span class='ocrx_word' id='word_1_61' title='bbox 430 662 681 697; x_wconf 81' lang='lat' dir='ltr'><strong>coislinianus</strong></span> <span class='ocrx_word' id='word_1_62' title='bbox 716 660 834 693; x_wconf 88' lang='lat' dir='ltr'><strong>seculi</strong></span> <span class='ocrx_word' id='word_1_63' title='bbox 863 660 964 701; x_wconf 89' lang='lat' dir='ltr'><strong>XV.,</strong></span> <span class='ocrx_word' id='word_1_64' title='bbox 1002 664 1045 693; x_wconf 88' lang='lat' dir='ltr'><strong>ut</strong></span> <span class='ocrx_word' id='word_1_65' title='bbox 1070 660 1113 693; x_wconf 88' lang='grc' dir='ltr'><strong>Β.</strong></span> <span class='ocrx_word' id='word_1_66' title='bbox 1139 660 1569 695; x_wconf 65' lang='lat' dir='ltr'>MONTFAUCONHJS</span> <span class='ocrx_word' id='word_1_67' title='bbox 1597 670 1697 697; x_wconf 78' lang='lat' dir='ltr'><strong>nost</strong></span> 
     </span>
     <span class='ocr_line' id='line_1_9' title="bbox 246 717 1703 763; baseline 0.001 -10"><span class='ocrx_word' id='word_1_68' title='bbox 246 721 391 761; x_wconf 88' lang='lat' dir='ltr'><strong>docuit,</strong></span> <span class='ocrx_word' id='word_1_69' title='bbox 444 719 692 761; x_wconf 79' lang='lat' dir='ltr'><strong>conplectitur</strong></span> <span class='ocrx_word' id='word_1_70' title='bbox 724 719 872 761; x_wconf 82' lang='lat' dir='ltr'><strong>prior-es</strong></span> <span class='ocrx_word' id='word_1_71' title='bbox 910 719 1072 763; x_wconf 89' lang='lat' dir='ltr'><strong>quinque</strong></span> <span class='ocrx_word' id='word_1_72' title='bbox 1106 717 1265 751; x_wconf 87' lang='lat' dir='ltr'><strong>Diodori</strong></span> <span class='ocrx_word' id='word_1_73' title='bbox 1297 717 1413 750; x_wconf 88' lang='lat' dir='ltr'><strong>libros</strong></span> <span class='ocrx_word' id='word_1_74' title='bbox 1447 722 1486 751; x_wconf 89' lang='lat' dir='ltr'><strong>et</strong></span> <span class='ocrx_word' id='word_1_75' title='bbox 1518 719 1580 757; x_wconf 78' lang='lat' dir='ltr'>XI.</span> <span class='ocrx_word' id='word_1_76' title='bbox 1621 721 1703 756; x_wconf 87' lang='lat' dir='ltr'>XII.</span> 
     </span>
     <span class='ocr_line' id='line_1_10' title="bbox 244 761 1706 820; baseline 0.003 -12"><span class='ocrx_word' id='word_1_77' title='bbox 244 777 343 811; x_wconf 86' lang='lat' dir='ltr'>XIII.</span> <span class='ocrx_word' id='word_1_78' title='bbox 364 777 463 812; x_wconf 83' lang='lat' dir='ltr'>XIV,</span> <span class='ocrx_word' id='word_1_79' title='bbox 490 776 594 816; x_wconf 80' lang='lat' dir='ltr'><strong>XV.,</strong></span> <span class='ocrx_word' id='word_1_80' title='bbox 628 761 813 817; x_wconf 77' lang='lat' dir='ltr'><strong>omnidm‚</strong></span> <span class='ocrx_word' id='word_1_81' title='bbox 852 786 945 820; x_wconf 92' lang='lat' dir='ltr'><strong>quos</strong></span> <span class='ocrx_word' id='word_1_82' title='bbox 977 776 1041 809; x_wconf 90' lang='lat' dir='ltr'><strong>ille</strong></span> <span class='ocrx_word' id='word_1_83' title='bbox 1075 776 1189 817; x_wconf 70' lang='lat' dir='ltr'><strong>vidit,</strong></span> <span class='ocrx_word' id='word_1_84' title='bbox 1227 776 1400 819; x_wconf 88' lang='lat' dir='ltr'><strong>optimus.</strong></span> <span class='ocrx_word' id='word_1_85' title='bbox 1449 777 1706 813; x_wconf 85' lang='lat' dir='ltr'><strong>Claromonta-</strong></span> 
     </span>
     <span class='ocr_line' id='line_1_11' title="bbox 246 832 1705 880; baseline 0.001 -12"><span class='ocrx_word' id='word_1_86' title='bbox 246 846 334 875; x_wconf 89' lang='lat' dir='ltr'><strong>nus,</strong></span> <span class='ocrx_word' id='word_1_87' title='bbox 364 844 472 878; x_wconf 87' lang='lat' dir='ltr'><strong>quem</strong></span> <span class='ocrx_word' id='word_1_88' title='bbox 498 835 662 876; x_wconf 87' lang='lat' dir='ltr'><strong>priorem</strong></span> <span class='ocrx_word' id='word_1_89' title='bbox 691 833 898 877; x_wconf 74' lang='lat' dir='ltr'><strong>adpellari,</strong></span> <span class='ocrx_word' id='word_1_90' title='bbox 933 832 1049 866; x_wconf 84' lang='lat' dir='ltr'><strong>habet</strong></span> <span class='ocrx_word' id='word_1_91' title='bbox 1072 835 1235 878; x_wconf 81' lang='lat' dir='ltr'><strong>quinque</strong></span> <span class='ocrx_word' id='word_1_92' title='bbox 1262 834 1431 877; x_wconf 83' lang='lat' dir='ltr'><strong>priores,</strong></span> <span class='ocrx_word' id='word_1_93' title='bbox 1457 835 1614 869; x_wconf 89' lang='lat' dir='ltr'><strong>totidem</strong></span> <span class='ocrx_word' id='word_1_94' title='bbox 1641 847 1705 880; x_wconf 90' lang='lat' dir='ltr'><strong>po-</strong></span> 
     </span>
     <span class='ocr_line' id='line_1_12' title="bbox 246 891 1702 935; baseline 0.002 -10"><span class='ocrx_word' id='word_1_95' title='bbox 246 893 396 925; x_wconf 90' lang='lat' dir='ltr'><strong>sterior.</strong></span> <span class='ocrx_word' id='word_1_96' title='bbox 442 891 511 924; x_wconf 82' lang='lat' dir='ltr'><strong>Ille.</strong></span> <span class='ocrx_word' id='word_1_97' title='bbox 540 895 711 933; x_wconf 82' lang='lat' dir='ltr'><strong>praestat</strong></span> <span class='ocrx_word' id='word_1_98' title='bbox 744 891 913 924; x_wconf 85' lang='lat' dir='ltr'><strong>bonitate</strong></span> <span class='ocrx_word' id='word_1_99' title='bbox 949 895 988 924; x_wconf 88' lang='lat' dir='ltr'><strong>et</strong></span> <span class='ocrx_word' id='word_1_100' title='bbox 1020 892 1270 935; x_wconf 80' lang='lat' dir='ltr'><strong>antiquitate,</strong></span> <span class='ocrx_word' id='word_1_101' title='bbox 1314 892 1413 924; x_wconf 81' lang='lat' dir='ltr'><strong>eirca</strong></span> <span class='ocrx_word' id='word_1_102' title='bbox 1444 894 1586 926; x_wconf 83' lang='lat' dir='ltr'><strong>saeculi</strong></span> <span class='ocrx_word' id='word_1_103' title='bbox 1621 894 1702 931; x_wconf 85' lang='lat' dir='ltr'>XII.</span> 
     </span>
     <span class='ocr_line' id='line_1_13' title="bbox 247 947 1704 993; baseline 0.002 -11"><span class='ocrx_word' id='word_1_104' title='bbox 247 952 379 988; x_wconf 78' lang='lat' dir='ltr'><strong>tinem,</strong></span> <span class='ocrx_word' id='word_1_105' title='bbox 415 954 455 980; x_wconf 88' lang='lat' dir='ltr'><strong>ut</strong></span> <span class='ocrx_word' id='word_1_106' title='bbox 480 947 698 991; x_wconf 80' lang='lat' dir='ltr'><strong>perbibent,</strong></span> <span class='ocrx_word' id='word_1_107' title='bbox 732 949 913 991; x_wconf 84' lang='lat' dir='ltr'><strong>scriptus,</strong></span> <span class='ocrx_word' id='word_1_108' title='bbox 941 952 1072 992; x_wconf 87' lang='lat' dir='ltr'><strong>estque</strong></span> <span class='ocrx_word' id='word_1_109' title='bbox 1098 949 1219 989; x_wconf 86' lang='lat' dir='ltr'><strong>idem,</strong></span> <span class='ocrx_word' id='word_1_110' title='bbox 1254 960 1326 993; x_wconf 85' lang='lat' dir='ltr'><strong>quo</strong></span> <span class='ocrx_word' id='word_1_111' title='bbox 1353 959 1444 981; x_wconf 84' lang='lat' dir='ltr'><strong>usus</strong></span> <span class='ocrx_word' id='word_1_112' title='bbox 1469 955 1529 983; x_wconf 87' lang='lat' dir='ltr'><strong>est</strong></span> <span class='ocrx_word' id='word_1_113' title='bbox 1553 951 1704 986; x_wconf 66' lang='lat' dir='ltr'><strong>HExn.</strong></span> 
     </span>
     <span class='ocr_line' id='line_1_14' title="bbox 247 1004 1704 1053; baseline 0.003 -15"><span class='ocrx_word' id='word_1_114' title='bbox 247 1006 542 1040; x_wconf 52' lang='lat' dir='ltr'><strong>summimus</strong></span> <span class='ocrx_word' id='word_1_115' title='bbox 570 1006 606 1038; x_wconf 87' lang='lat' dir='ltr'><strong>in</strong></span> <span class='ocrx_word' id='word_1_116' title='bbox 635 1005 872 1050; x_wconf 85' lang='lat' dir='ltr'><strong>procuranda</strong></span> <span class='ocrx_word' id='word_1_117' title='bbox 906 1004 1141 1049; x_wconf 49' lang='grc' dir='ltr'><strong>βιβλιοθήκης</strong></span> <span class='ocrx_word' id='word_1_118' title='bbox 1174 1007 1283 1040; x_wconf 87' lang='lat' dir='ltr'><strong>buius</strong></span> <span class='ocrx_word' id='word_1_119' title='bbox 1316 1009 1491 1051; x_wconf 76' lang='grc' dir='ltr'><em>ἱστορικῆς</em></span> <span class='ocrx_word' id='word_1_120' title='bbox 1524 1010 1704 1053; x_wconf 79' lang='lat' dir='ltr'><strong>editione,</strong></span> 
     </span>
     <span class='ocr_line' id='line_1_15' title="bbox 246 1062 1706 1106; baseline 0.003 -9"><span class='ocrx_word' id='word_1_121' title='bbox 246 1065 360 1097; x_wconf 75' lang='lat' dir='ltr'><strong>variis</strong></span> <span class='ocrx_word' id='word_1_122' title='bbox 388 1066 590 1106; x_wconf 80' lang='lat' dir='ltr'><strong>propterca</strong></span> <span class='ocrx_word' id='word_1_123' title='bbox 618 1064 714 1095; x_wconf 88' lang='lat' dir='ltr'><strong>notis</strong></span> <span class='ocrx_word' id='word_1_124' title='bbox 739 1066 777 1096; x_wconf 88' lang='lat' dir='ltr'><strong>et</strong></span> <span class='ocrx_word' id='word_1_125' title='bbox 803 1063 1057 1096; x_wconf 81' lang='lat' dir='ltr'><strong>additionibus</strong></span> <span class='ocrx_word' id='word_1_126' title='bbox 1081 1063 1304 1096; x_wconf 86' lang='lat' dir='ltr'><strong>instructus:</strong></span> <span class='ocrx_word' id='word_1_127' title='bbox 1337 1062 1397 1096; x_wconf 82' lang='lat' dir='ltr'><strong>hic</strong></span> <span class='ocrx_word' id='word_1_128' title='bbox 1424 1075 1556 1099; x_wconf 85' lang='lat' dir='ltr'><strong>recens</strong></span> <span class='ocrx_word' id='word_1_129' title='bbox 1578 1068 1706 1101; x_wconf 86' lang='lat' dir='ltr'><strong>admo-</strong></span> 
     </span>
     <span class='ocr_line' id='line_1_16' title="bbox 247 1119 1705 1168; baseline 0.003 -15"><span class='ocrx_word' id='word_1_130' title='bbox 247 1122 334 1155; x_wconf 85' lang='lat' dir='ltr'><strong>dum</strong></span> <span class='ocrx_word' id='word_1_131' title='bbox 362 1125 438 1161; x_wconf 82' lang='lat' dir='ltr'><strong>est,</strong></span> <span class='ocrx_word' id='word_1_132' title='bbox 462 1119 747 1153; x_wconf 71' lang='lat' dir='ltr'><strong>Bai-tholomaei</strong></span> <span class='ocrx_word' id='word_1_133' title='bbox 784 1131 896 1153; x_wconf 86' lang='lat' dir='ltr'><strong>manu</strong></span> <span class='ocrx_word' id='word_1_134' title='bbox 929 1120 996 1153; x_wconf 90' lang='lat' dir='ltr'><strong>sub</strong></span> <span class='ocrx_word' id='word_1_135' title='bbox 1031 1121 1197 1153; x_wconf 88' lang='lat' dir='ltr'><strong>seculum</strong></span> <span class='ocrx_word' id='word_1_136' title='bbox 1224 1120 1340 1154; x_wconf 87' lang='lat' dir='ltr'>XV.2</span> <span class='ocrx_word' id='word_1_137' title='bbox 1370 1127 1561 1165; x_wconf 81' lang='lat' dir='ltr'><strong>exaratus,</strong></span> <span class='ocrx_word' id='word_1_138' title='bbox 1588 1127 1705 1168; x_wconf 87' lang='lat' dir='ltr'><strong>priori</strong></span> 
     </span>
     <span class='ocr_line' id='line_1_17' title="bbox 245 1178 1706 1224; baseline 0.004 -14"><span class='ocrx_word' id='word_1_139' title='bbox 245 1180 283 1211; x_wconf 92' lang='lat' dir='ltr'><strong>in</strong></span> <span class='ocrx_word' id='word_1_140' title='bbox 308 1178 500 1222; x_wconf 84' lang='lat' dir='ltr'><strong>plerisque</strong></span> <span class='ocrx_word' id='word_1_141' title='bbox 527 1182 823 1218; x_wconf 84' lang='lat' dir='ltr'><strong>consentaneus,</strong></span> <span class='ocrx_word' id='word_1_142' title='bbox 861 1182 903 1210; x_wconf 90' lang='lat' dir='ltr'><strong>ut</strong></span> <span class='ocrx_word' id='word_1_143' title='bbox 927 1188 987 1210; x_wconf 89' lang='lat' dir='ltr'><strong>res</strong></span> <span class='ocrx_word' id='word_1_144' title='bbox 1014 1178 1095 1220; x_wconf 82' lang='lat' dir='ltr'><strong>ipsa</strong></span> <span class='ocrx_word' id='word_1_145' title='bbox 1122 1179 1309 1220; x_wconf 77' lang='lat' dir='ltr'><strong>ostendit,</strong></span> <span class='ocrx_word' id='word_1_146' title='bbox 1345 1190 1466 1224; x_wconf 86' lang='lat' dir='ltr'><strong>neque</strong></span> <span class='ocrx_word' id='word_1_147' title='bbox 1499 1183 1706 1216; x_wconf 58' lang='lat' dir='ltr'><strong>CAncsa-</strong></span> 
     </span>
     <span class='ocr_line' id='line_1_18' title="bbox 246 1235 1708 1283; baseline 0.004 -15"><span class='ocrx_word' id='word_1_148' title='bbox 246 1244 337 1268; x_wconf 71' lang='lat' dir='ltr'><strong>&#39;rus</strong></span> <span class='ocrx_word' id='word_1_149' title='bbox 374 1235 578 1268; x_wconf 85' lang='lat' dir='ltr'><strong>admonere</strong></span> <span class='ocrx_word' id='word_1_150' title='bbox 614 1237 794 1279; x_wconf 79' lang='lat' dir='ltr'><strong>neglexit.</strong></span> <span class='ocrx_word' id='word_1_151' title='bbox 850 1235 1043 1268; x_wconf 76' lang='lat' dir='ltr'><strong>Alleverat</strong></span> <span class='ocrx_word' id='word_1_152' title='bbox 1073 1240 1276 1277; x_wconf 86' lang='lat' dir='ltr'><strong>praeterea</strong></span> <span class='ocrx_word' id='word_1_153' title='bbox 1313 1241 1351 1270; x_wconf 90' lang='lat' dir='ltr'><strong>et</strong></span> <span class='ocrx_word' id='word_1_154' title='bbox 1383 1240 1544 1283; x_wconf 85' lang='lat' dir='ltr'><strong>margini</strong></span> <span class='ocrx_word' id='word_1_155' title='bbox 1578 1241 1708 1274; x_wconf 87' lang='lat' dir='ltr'><strong>inscri-</strong></span> 
     </span>
     <span class='ocr_line' id='line_1_19' title="bbox 245 1292 1707 1338; baseline 0.003 -12"><span class='ocrx_word' id='word_1_156' title='bbox 245 1298 376 1338; x_wconf 85' lang='lat' dir='ltr'><strong>pserat</strong></span> <span class='ocrx_word' id='word_1_157' title='bbox 401 1304 447 1327; x_wconf 86' lang='lat' dir='ltr'><strong>ex</strong></span> <span class='ocrx_word' id='word_1_158' title='bbox 473 1294 766 1327; x_wconf 82' lang='lat' dir='ltr'><strong>Claromontano</strong></span> <span class='ocrx_word' id='word_1_159' title='bbox 793 1293 890 1333; x_wconf 86' lang='lat' dir='ltr'><strong>alio,</strong></span> <span class='ocrx_word' id='word_1_160' title='bbox 925 1294 961 1325; x_wconf 88' lang='lat' dir='ltr'><strong>in</strong></span> <span class='ocrx_word' id='word_1_161' title='bbox 988 1303 1060 1336; x_wconf 88' lang='lat' dir='ltr'><strong>quo</strong></span> <span class='ocrx_word' id='word_1_162' title='bbox 1087 1292 1149 1327; x_wconf 83' lang='lat' dir='ltr'>XI.</span> <span class='ocrx_word' id='word_1_163' title='bbox 1178 1293 1261 1327; x_wconf 86' lang='lat' dir='ltr'>XII.</span> <span class='ocrx_word' id='word_1_164' title='bbox 1283 1294 1385 1328; x_wconf 89' lang='lat' dir='ltr'>XIII.</span> <span class='ocrx_word' id='word_1_165' title='bbox 1407 1296 1506 1330; x_wconf 85' lang='lat' dir='ltr'>XIV.</span> <span class='ocrx_word' id='word_1_166' title='bbox 1531 1295 1629 1338; x_wconf 87' lang='lat' dir='ltr'><strong>XV.,</strong></span> <span class='ocrx_word' id='word_1_167' title='bbox 1668 1303 1707 1332; x_wconf 86' lang='lat' dir='ltr'><strong>et</strong></span> 
     </span>
     <span class='ocr_line' id='line_1_20' title="bbox 245 1350 1707 1397; baseline 0.003 -13"><span class='ocrx_word' id='word_1_168' title='bbox 245 1351 389 1395; x_wconf 82' lang='lat' dir='ltr'><strong>Regio,</strong></span> <span class='ocrx_word' id='word_1_169' title='bbox 423 1351 484 1397; x_wconf 90' lang='lat' dir='ltr'><strong>qui</strong></span> <span class='ocrx_word' id='word_1_170' title='bbox 518 1350 576 1382; x_wconf 84' lang='lat' dir='ltr'><strong>bis</strong></span> <span class='ocrx_word' id='word_1_171' title='bbox 608 1351 831 1384; x_wconf 84' lang='lat' dir='ltr'><strong>millesimus</strong></span> <span class='ocrx_word' id='word_1_172' title='bbox 864 1351 1190 1393; x_wconf 79' lang='lat' dir='ltr'><strong>quingentesimus</strong></span> <span class='ocrx_word' id='word_1_173' title='bbox 1225 1353 1447 1396; x_wconf 82' lang='lat' dir='ltr'><strong>trigesimus</strong></span> <span class='ocrx_word' id='word_1_174' title='bbox 1481 1358 1635 1387; x_wconf 72' lang='lat' dir='ltr'><strong>octavus</strong></span> <span class='ocrx_word' id='word_1_175' title='bbox 1668 1356 1707 1389; x_wconf 87' lang='lat' dir='ltr'><strong>in</strong></span> 
     </span>
     <span class='ocr_line' id='line_1_21' title="bbox 245 1407 1708 1456; baseline 0.003 -15"><span class='ocrx_word' id='word_1_176' title='bbox 245 1407 476 1442; x_wconf 85' lang='lat' dir='ltr'><strong>bibliotheca</strong></span> <span class='ocrx_word' id='word_1_177' title='bbox 500 1408 810 1441; x_wconf 86' lang='lat' dir='ltr'><strong>Christianissimi</strong></span> <span class='ocrx_word' id='word_1_178' title='bbox 837 1408 1046 1440; x_wconf 83' lang='lat' dir='ltr'><strong>Galliarum</strong></span> <span class='ocrx_word' id='word_1_179' title='bbox 1074 1410 1176 1451; x_wconf 83' lang='lat' dir='ltr'><strong>regis</strong></span> <span class='ocrx_word' id='word_1_180' title='bbox 1204 1415 1440 1450; x_wconf 85' lang='lat' dir='ltr'><strong>numeratur,</strong></span> <span class='ocrx_word' id='word_1_181' title='bbox 1478 1415 1517 1444; x_wconf 87' lang='lat' dir='ltr'><strong>et</strong></span> <span class='ocrx_word' id='word_1_182' title='bbox 1548 1422 1708 1456; x_wconf 85' lang='lat' dir='ltr'><strong>sequen-</strong></span> 
     </span>
     <span class='ocr_line' id='line_1_22' title="bbox 248 1465 1706 1511; baseline 0.003 -12"><span class='ocrx_word' id='word_1_183' title='bbox 248 1470 306 1499; x_wconf 85' lang='lat' dir='ltr'><strong>tes</strong></span> <span class='ocrx_word' id='word_1_184' title='bbox 332 1467 516 1510; x_wconf 89' lang='lat' dir='ltr'><strong>quinque,</strong></span> <span class='ocrx_word' id='word_1_185' title='bbox 554 1466 634 1498; x_wconf 83' lang='lat' dir='ltr'><strong>sive</strong></span> <span class='ocrx_word' id='word_1_186' title='bbox 660 1470 872 1508; x_wconf 80' lang='lat' dir='ltr'><strong>postremos</strong></span> <span class='ocrx_word' id='word_1_187' title='bbox 900 1466 981 1498; x_wconf 81' lang='lat' dir='ltr'><strong>eius</strong></span> <span class='ocrx_word' id='word_1_188' title='bbox 1009 1465 1183 1507; x_wconf 84' lang='lat' dir='ltr'><strong>decadis,</strong></span> <span class='ocrx_word' id='word_1_189' title='bbox 1224 1467 1371 1500; x_wconf 85' lang='lat' dir='ltr'><strong>lecturo</strong></span> <span class='ocrx_word' id='word_1_190' title='bbox 1397 1467 1531 1509; x_wconf 81' lang='lat' dir='ltr'><strong>offert,</strong></span> <span class='ocrx_word' id='word_1_191' title='bbox 1568 1472 1706 1511; x_wconf 80' lang='lat' dir='ltr'><strong>onmia,</strong></span> 
     </span>
     <span class='ocr_line' id='line_1_23' title="bbox 247 1523 1706 1569; baseline 0.003 -13"><span class='ocrx_word' id='word_1_192' title='bbox 247 1534 343 1569; x_wconf 89' lang='lat' dir='ltr'><strong>quae</strong></span> <span class='ocrx_word' id='word_1_193' title='bbox 372 1535 454 1557; x_wconf 89' lang='lat' dir='ltr'><strong>cum</strong></span> <span class='ocrx_word' id='word_1_194' title='bbox 482 1524 594 1557; x_wconf 89' lang='lat' dir='ltr'><strong>editis</strong></span> <span class='ocrx_word' id='word_1_195' title='bbox 619 1523 867 1556; x_wconf 86' lang='lat' dir='ltr'><strong>dissentiunt:</strong></span> <span class='ocrx_word' id='word_1_196' title='bbox 909 1524 1012 1555; x_wconf 89' lang='lat' dir='ltr'><strong>cuius</strong></span> <span class='ocrx_word' id='word_1_197' title='bbox 1040 1528 1166 1557; x_wconf 85' lang='lat' dir='ltr'><strong>autem</strong></span> <span class='ocrx_word' id='word_1_198' title='bbox 1195 1524 1249 1557; x_wconf 91' lang='lat' dir='ltr'><strong>illi</strong></span> <span class='ocrx_word' id='word_1_199' title='bbox 1274 1527 1412 1558; x_wconf 86' lang='lat' dir='ltr'><strong>aetatis</strong></span> <span class='ocrx_word' id='word_1_200' title='bbox 1439 1528 1535 1566; x_wconf 85' lang='lat' dir='ltr'><strong>sint,</strong></span> <span class='ocrx_word' id='word_1_201' title='bbox 1578 1527 1706 1562; x_wconf 85' lang='lat' dir='ltr'><strong>dicere</strong></span> 
     </span>
     <span class='ocr_line' id='line_1_24' title="bbox 246 1579 1707 1622; baseline 0.004 -10"><span class='ocrx_word' id='word_1_202' title='bbox 246 1593 322 1615; x_wconf 87' lang='lat' dir='ltr'><strong>non</strong></span> <span class='ocrx_word' id='word_1_203' title='bbox 350 1582 484 1617; x_wconf 78' lang='lat' dir='ltr'><strong>habeo,</strong></span> <span class='ocrx_word' id='word_1_204' title='bbox 534 1579 693 1613; x_wconf 82' lang='lat' dir='ltr'><strong>Praeter</strong></span> <span class='ocrx_word' id='word_1_205' title='bbox 724 1591 816 1622; x_wconf 87' lang='lat' dir='ltr'><strong>quos</strong></span> <span class='ocrx_word' id='word_1_206' title='bbox 849 1580 1036 1614; x_wconf 79' lang='lat' dir='ltr'><strong>beneficio</strong></span> <span class='ocrx_word' id='word_1_207' title='bbox 1063 1582 1131 1613; x_wconf 87' lang='lat' dir='ltr'><strong>viri</strong></span> <span class='ocrx_word' id='word_1_208' title='bbox 1160 1582 1383 1616; x_wconf 82' lang='lat' dir='ltr'><strong>excellentis</strong></span> <span class='ocrx_word' id='word_1_209' title='bbox 1410 1583 1454 1619; x_wconf 81' lang='lat' dir='ltr'><strong>L.</strong></span> <span class='ocrx_word' id='word_1_210' title='bbox 1479 1585 1587 1617; x_wconf 73' lang='grc' dir='ltr'><strong>ΑΝΤ.</strong></span> <span class='ocrx_word' id='word_1_211' title='bbox 1612 1585 1707 1618; x_wconf 75' lang='grc' dir='ltr'><strong>Μυ-</strong></span> 
     </span>
     <span class='ocr_line' id='line_1_25' title="bbox 248 1637 1707 1686; baseline 0.002 -13"><span class='ocrx_word' id='word_1_212' title='bbox 248 1650 303 1673; x_wconf 69' lang='grc' dir='ltr'><strong>ΒΑ</strong></span> <span class='ocrx_word' id='word_1_213' title='bbox 316 1649 457 1672; x_wconf 58' lang='lat' dir='ltr'><strong>&#39;ron-11</strong></span> <span class='ocrx_word' id='word_1_214' title='bbox 490 1637 616 1671; x_wconf 88' lang='lat' dir='ltr'><strong>fuerat</strong></span> <span class='ocrx_word' id='word_1_215' title='bbox 646 1637 805 1681; x_wconf 85' lang='lat' dir='ltr'><strong>adeptus</strong></span> <span class='ocrx_word' id='word_1_216' title='bbox 839 1642 1017 1682; x_wconf 86' lang='lat' dir='ltr'><strong>excerpta</strong></span> <span class='ocrx_word' id='word_1_217' title='bbox 1043 1649 1090 1672; x_wconf 87' lang='lat' dir='ltr'><strong>ex</strong></span> <span class='ocrx_word' id='word_1_218' title='bbox 1121 1639 1330 1673; x_wconf 86' lang='lat' dir='ltr'><strong>Mutinensi</strong></span> <span class='ocrx_word' id='word_1_219' title='bbox 1361 1642 1524 1685; x_wconf 86' lang='lat' dir='ltr'><strong>scripto,</strong></span> <span class='ocrx_word' id='word_1_220' title='bbox 1563 1653 1707 1686; x_wconf 86' lang='lat' dir='ltr'><strong>nupero</strong></span> 
     </span>
     <span class='ocr_line' id='line_1_26' title="bbox 247 1695 1710 1741; baseline 0.002 -11"><span class='ocrx_word' id='word_1_221' title='bbox 247 1698 422 1741; x_wconf 88' lang='lat' dir='ltr'><strong>quidem,</strong></span> <span class='ocrx_word' id='word_1_222' title='bbox 462 1698 598 1740; x_wconf 83' lang='lat' dir='ltr'><strong>quippe</strong></span> <span class='ocrx_word' id='word_1_223' title='bbox 633 1706 655 1728; x_wconf 86' lang='lat' dir='ltr'><strong>a</strong></span> <span class='ocrx_word' id='word_1_224' title='bbox 687 1695 876 1730; x_wconf 66' lang='lat' dir='ltr'><strong>Micliaele</strong></span> <span class='ocrx_word' id='word_1_225' title='bbox 907 1697 1102 1740; x_wconf 82' lang='lat' dir='ltr'><strong>Apostolio</strong></span> <span class='ocrx_word' id='word_1_226' title='bbox 1132 1697 1169 1729; x_wconf 91' lang='lat' dir='ltr'><strong>in</strong></span> <span class='ocrx_word' id='word_1_227' title='bbox 1197 1697 1331 1740; x_wconf 86' lang='lat' dir='ltr'><strong>Creta,</strong></span> <span class='ocrx_word' id='word_1_228' title='bbox 1375 1699 1421 1731; x_wconf 88' lang='lat' dir='ltr'><strong>ad</strong></span> <span class='ocrx_word' id='word_1_229' title='bbox 1459 1699 1618 1741; x_wconf 81' lang='lat' dir='ltr'><strong>famem,</strong></span> <span class='ocrx_word' id='word_1_230' title='bbox 1653 1701 1710 1733; x_wconf 81' lang='lat' dir='ltr'><strong>uti</strong></span> 
     </span>
     <span class='ocr_line' id='line_1_27' title="bbox 246 1754 1710 1802; baseline 0.001 -14"><span class='ocrx_word' id='word_1_231' title='bbox 246 1756 411 1798; x_wconf 83' lang='lat' dir='ltr'><strong>ipsemet</strong></span> <span class='ocrx_word' id='word_1_232' title='bbox 435 1759 591 1799; x_wconf 87' lang='lat' dir='ltr'><strong>questus</strong></span> <span class='ocrx_word' id='word_1_233' title='bbox 618 1757 696 1793; x_wconf 80' lang='lat' dir='ltr'><strong>est,</strong></span> <span class='ocrx_word' id='word_1_234' title='bbox 733 1754 934 1786; x_wconf 84' lang='lat' dir='ltr'><strong>arcendam</strong></span> <span class='ocrx_word' id='word_1_235' title='bbox 961 1754 1194 1797; x_wconf 87' lang='lat' dir='ltr'><strong>descriptus,</strong></span> <span class='ocrx_word' id='word_1_236' title='bbox 1233 1755 1301 1788; x_wconf 84' lang='lat' dir='ltr'><strong>sed</strong></span> <span class='ocrx_word' id='word_1_237' title='bbox 1329 1767 1375 1789; x_wconf 82' lang='lat' dir='ltr'><strong>ex</strong></span> <span class='ocrx_word' id='word_1_238' title='bbox 1401 1758 1556 1802; x_wconf 85' lang='lat' dir='ltr'><strong>antiquo</strong></span> <span class='ocrx_word' id='word_1_239' title='bbox 1583 1762 1621 1791; x_wconf 87' lang='lat' dir='ltr'><strong>et</strong></span> <span class='ocrx_word' id='word_1_240' title='bbox 1648 1770 1710 1790; x_wconf 91' lang='lat' dir='ltr'><strong>no-</strong></span> 
     </span>
     <span class='ocr_line' id='line_1_28' title="bbox 246 1811 1711 1856; baseline 0.003 -13"><span class='ocrx_word' id='word_1_241' title='bbox 246 1815 311 1845; x_wconf 85' lang='lat' dir='ltr'><strong>tae</strong></span> <span class='ocrx_word' id='word_1_242' title='bbox 339 1813 502 1856; x_wconf 85' lang='lat' dir='ltr'><strong>optimae</strong></span> <span class='ocrx_word' id='word_1_243' title='bbox 534 1811 651 1844; x_wconf 90' lang='lat' dir='ltr'><strong>libro:</strong></span> <span class='ocrx_word' id='word_1_244' title='bbox 691 1821 811 1856; x_wconf 89' lang='lat' dir='ltr'><strong>neque</strong></span> <span class='ocrx_word' id='word_1_245' title='bbox 846 1812 968 1845; x_wconf 85' lang='lat' dir='ltr'><strong>defuit</strong></span> <span class='ocrx_word' id='word_1_246' title='bbox 1000 1812 1054 1845; x_wconf 88' lang='lat' dir='ltr'><strong>illi</strong></span> <span class='ocrx_word' id='word_1_247' title='bbox 1092 1813 1330 1846; x_wconf 88' lang='lat' dir='ltr'><strong>celeberrimi</strong></span> <span class='ocrx_word' id='word_1_248' title='bbox 1367 1815 1408 1850; x_wconf 84' lang='lat' dir='ltr'><strong>P.</strong></span> <span class='ocrx_word' id='word_1_249' title='bbox 1445 1814 1711 1849; x_wconf 63' lang='lat' dir='ltr'><strong>Bunnmxxt</strong></span> 
     </span>
     <span class='ocr_line' id='line_1_29' title="bbox 247 1869 1710 1909; baseline 0.003 -8"><span class='ocrx_word' id='word_1_250' title='bbox 247 1869 528 1909; x_wconf 84' lang='lat' dir='ltr'><strong>benivolentia,</strong></span> <span class='ocrx_word' id='word_1_251' title='bbox 561 1869 620 1901; x_wconf 90' lang='lat' dir='ltr'><strong>cui</strong></span> <span class='ocrx_word' id='word_1_252' title='bbox 656 1869 787 1902; x_wconf 86' lang='lat' dir='ltr'><strong>debuit</strong></span> <span class='ocrx_word' id='word_1_253' title='bbox 812 1870 1011 1903; x_wconf 83' lang='lat' dir='ltr'><strong>nonnullas</strong></span> <span class='ocrx_word' id='word_1_254' title='bbox 1036 1870 1125 1906; x_wconf 82' lang='lat' dir='ltr'><strong>los.</strong></span> <span class='ocrx_word' id='word_1_255' title='bbox 1154 1869 1331 1903; x_wconf 58' lang='lat' dir='ltr'><strong>Somne</strong></span> <span class='ocrx_word' id='word_1_256' title='bbox 1348 1881 1432 1905; x_wconf 69' lang='lat' dir='ltr'><strong>Eni</strong></span> <span class='ocrx_word' id='word_1_257' title='bbox 1459 1878 1498 1906; x_wconf 91' lang='lat' dir='ltr'><strong>et</strong></span> <span class='ocrx_word' id='word_1_258' title='bbox 1523 1875 1579 1907; x_wconf 88' lang='lat' dir='ltr'><strong>Is.</strong></span> <span class='ocrx_word' id='word_1_259' title='bbox 1599 1875 1710 1909; x_wconf 83' lang='lat' dir='ltr'><strong>Vos-</strong></span> 
     </span>
     <span class='ocr_line' id='line_1_30' title="bbox 251 1927 1712 1971; baseline 0.005 -13"><span class='ocrx_word' id='word_1_260' title='bbox 251 1935 317 1958; x_wconf 88' lang='lat' dir='ltr'><strong>s11</strong></span> <span class='ocrx_word' id='word_1_261' title='bbox 343 1927 602 1967; x_wconf 86' lang='lat' dir='ltr'><strong>coniecturas,</strong></span> <span class='ocrx_word' id='word_1_262' title='bbox 640 1928 837 1969; x_wconf 88' lang='lat' dir='ltr'><strong>utriusque</strong></span> <span class='ocrx_word' id='word_1_263' title='bbox 865 1927 983 1966; x_wconf 84' lang='lat' dir='ltr'><strong>libro,</strong></span> <span class='ocrx_word' id='word_1_264' title='bbox 1016 1938 1126 1971; x_wconf 91' lang='lat' dir='ltr'><strong>quem</strong></span> <span class='ocrx_word' id='word_1_265' title='bbox 1152 1927 1353 1962; x_wconf 83' lang='lat' dir='ltr'><strong>Leidensis</strong></span> <span class='ocrx_word' id='word_1_266' title='bbox 1378 1930 1608 1964; x_wconf 79' lang='lat' dir='ltr'><strong>bibliotheca</strong></span> <span class='ocrx_word' id='word_1_267' title='bbox 1634 1943 1712 1964; x_wconf 85' lang='lat' dir='ltr'><strong>ser-</strong></span> 
     </span>
     <span class='ocr_line' id='line_1_31' title="bbox 248 1983 1713 2034; baseline 0.005 -18"><span class='ocrx_word' id='word_1_268' title='bbox 248 1987 335 2024; x_wconf 70' lang='lat' dir='ltr'><strong>vat,</strong></span> <span class='ocrx_word' id='word_1_269' title='bbox 370 1983 585 2027; x_wconf 84' lang='lat' dir='ltr'><strong>adpositas3</strong></span> <span class='ocrx_word' id='word_1_270' title='bbox 622 1985 768 2027; x_wconf 87' lang='lat' dir='ltr'><strong>accepit</strong></span> <span class='ocrx_word' id='word_1_271' title='bbox 793 1985 838 2017; x_wconf 88' lang='lat' dir='ltr'><strong>ab</strong></span> <span class='ocrx_word' id='word_1_272' title='bbox 865 1984 998 2018; x_wconf 85' lang='lat' dir='ltr'><strong>eodem</strong></span> <span class='ocrx_word' id='word_1_273' title='bbox 1026 1990 1203 2018; x_wconf 83' lang='lat' dir='ltr'><strong>accurata</strong></span> <span class='ocrx_word' id='word_1_274' title='bbox 1230 1988 1366 2020; x_wconf 86' lang='lat' dir='ltr'><strong>erudi&#39;ti</strong></span> <span class='ocrx_word' id='word_1_275' title='bbox 1395 1990 1488 2031; x_wconf 67' lang='lat' dir='ltr'><strong>riri,</strong></span> <span class='ocrx_word' id='word_1_276' title='bbox 1523 2000 1633 2034; x_wconf 88' lang='lat' dir='ltr'><strong>quem</strong></span> <span class='ocrx_word' id='word_1_277' title='bbox 1665 2000 1713 2023; x_wconf 83' lang='lat' dir='ltr'><strong>ex</strong></span> 
     </span>
     <span class='ocr_line' id='line_1_32' title="bbox 251 2040 1711 2090; baseline 0.003 -17"><span class='ocrx_word' id='word_1_278' title='bbox 251 2040 502 2084; x_wconf 79' lang='lat' dir='ltr'><strong>chirographo</strong></span> <span class='ocrx_word' id='word_1_279' title='bbox 534 2041 590 2072; x_wconf 81' lang='lat' dir='ltr'><strong>Is.</strong></span> <span class='ocrx_word' id='word_1_280' title='bbox 625 2042 952 2075; x_wconf 62' lang='lat' dir='ltr'><strong>CAsAunoxun</strong></span> <span class='ocrx_word' id='word_1_281' title='bbox 998 2043 1249 2085; x_wconf 81' lang='lat' dir='ltr'><strong>arbitrantur,</strong></span> <span class='ocrx_word' id='word_1_282' title='bbox 1304 2056 1414 2079; x_wconf 87' lang='lat' dir='ltr'><strong>manu</strong></span> <span class='ocrx_word' id='word_1_283' title='bbox 1461 2048 1711 2090; x_wconf 84' lang='lat' dir='ltr'><strong>transcriptas</strong></span> 
     </span>
     <span class='ocr_line' id='line_1_33' title="bbox 249 2098 1711 2142; baseline 0.004 -11"><span class='ocrx_word' id='word_1_284' title='bbox 249 2099 460 2137; x_wconf 77' lang='lat' dir='ltr'><strong>lectiones,</strong></span> <span class='ocrx_word' id='word_1_285' title='bbox 500 2100 633 2142; x_wconf 86' lang='lat' dir='ltr'><strong>quibus</strong></span> <span class='ocrx_word' id='word_1_286' title='bbox 665 2100 900 2134; x_wconf 83' lang='lat' dir='ltr'><strong>Basileensis</strong></span> <span class='ocrx_word' id='word_1_287' title='bbox 933 2098 1099 2137; x_wconf 73' lang='grc' dir='ltr'><strong>ἐκδόσεως</strong></span> <span class='ocrx_word' id='word_1_288' title='bbox 1124 2101 1222 2134; x_wconf 86' lang='lat' dir='ltr'><strong>liber</strong></span> <span class='ocrx_word' id='word_1_289' title='bbox 1246 2101 1382 2135; x_wconf 88' lang='lat' dir='ltr'>XVIII.</span> <span class='ocrx_word' id='word_1_290' title='bbox 1409 2109 1448 2136; x_wconf 83' lang='lat' dir='ltr'><strong>et</strong></span> <span class='ocrx_word' id='word_1_291' title='bbox 1472 2104 1571 2139; x_wconf 78' lang='lat' dir='ltr'>XIX.</span> <span class='ocrx_word' id='word_1_292' title='bbox 1599 2116 1621 2137; x_wconf 89' lang='lat' dir='ltr'><strong>a</strong></span> <span class='ocrx_word' id='word_1_293' title='bbox 1650 2115 1711 2137; x_wconf 80' lang='lat' dir='ltr'><strong>ve-</strong></span> 
     </span>
     <span class='ocr_line' id='line_1_34' title="bbox 251 2155 1712 2205; baseline 0.003 -16"><span class='ocrx_word' id='word_1_294' title='bbox 251 2157 325 2189; x_wconf 89' lang='lat' dir='ltr'><strong>teri</strong></span> <span class='ocrx_word' id='word_1_295' title='bbox 360 2156 487 2189; x_wconf 85' lang='lat' dir='ltr'><strong>codice</strong></span> <span class='ocrx_word' id='word_1_296' title='bbox 519 2155 778 2200; x_wconf 81' lang='lat' dir='ltr'><strong>discrepabat,</strong></span> <span class='ocrx_word' id='word_1_297' title='bbox 818 2158 984 2190; x_wconf 81' lang='lat' dir='ltr'><strong>indidem</strong></span> <span class='ocrx_word' id='word_1_298' title='bbox 1013 2157 1251 2200; x_wconf 86' lang='lat' dir='ltr'><strong>depromtas,</strong></span> <span class='ocrx_word' id='word_1_299' title='bbox 1288 2163 1400 2205; x_wconf 87' lang='lat' dir='ltr'><strong>atque</strong></span> <span class='ocrx_word' id='word_1_300' title='bbox 1429 2172 1474 2193; x_wconf 86' lang='lat' dir='ltr'><strong>ea</strong></span> <span class='ocrx_word' id='word_1_301' title='bbox 1501 2162 1546 2194; x_wconf 88' lang='lat' dir='ltr'><strong>de</strong></span> <span class='ocrx_word' id='word_1_302' title='bbox 1578 2171 1712 2194; x_wconf 80' lang='lat' dir='ltr'><strong>caussa.</strong></span> 
     </span>
     <span class='ocr_line' id='line_1_35' title="bbox 251 2213 1715 2262; baseline 0.003 -15"><span class='ocrx_word' id='word_1_303' title='bbox 251 2214 455 2247; x_wconf 85' lang='lat' dir='ltr'><strong>Leidensis</strong></span> <span class='ocrx_word' id='word_1_304' title='bbox 481 2215 631 2247; x_wconf 89' lang='lat' dir='ltr'><strong>nomine</strong></span> <span class='ocrx_word' id='word_1_305' title='bbox 659 2225 682 2248; x_wconf 87' lang='lat' dir='ltr'><strong>a</strong></span> <span class='ocrx_word' id='word_1_306' title='bbox 708 2225 766 2248; x_wconf 87' lang='lat' dir='ltr'><strong>me</strong></span> <span class='ocrx_word' id='word_1_307' title='bbox 801 2214 1033 2258; x_wconf 82' lang='lat' dir='ltr'><strong>designatas.</strong></span> <span class='ocrx_word' id='word_1_308' title='bbox 1080 2213 1174 2247; x_wconf 87' lang='lat' dir='ltr'><strong>Puto</strong></span> <span class='ocrx_word' id='word_1_309' title='bbox 1212 2219 1250 2247; x_wconf 90' lang='lat' dir='ltr'><strong>et</strong></span> <span class='ocrx_word' id='word_1_310' title='bbox 1283 2215 1368 2250; x_wconf 85' lang='lat' dir='ltr'><strong>hine</strong></span> <span class='ocrx_word' id='word_1_311' title='bbox 1402 2220 1553 2251; x_wconf 81' lang='lat' dir='ltr'><strong>venisse</strong></span> <span class='ocrx_word' id='word_1_312' title='bbox 1590 2221 1715 2262; x_wconf 84' lang='lat' dir='ltr'><strong>epito-</strong></span> 
     </span>
     <span class='ocr_line' id='line_1_36' title="bbox 253 2272 1715 2318; baseline 0.003 -14"><span class='ocrx_word' id='word_1_313' title='bbox 253 2282 361 2312; x_wconf 82' lang='lat' dir='ltr'><strong>men,</strong></span> <span class='ocrx_word' id='word_1_314' title='bbox 410 2281 519 2314; x_wconf 86' lang='lat' dir='ltr'><strong>quam</strong></span> <span class='ocrx_word' id='word_1_315' title='bbox 555 2281 668 2304; x_wconf 88' lang='lat' dir='ltr'><strong>manu</strong></span> <span class='ocrx_word' id='word_1_316' title='bbox 701 2273 880 2315; x_wconf 81' lang='lat' dir='ltr'><strong>scriptam</strong></span> <span class='ocrx_word' id='word_1_317' title='bbox 916 2272 1083 2311; x_wconf 71' lang='lat' dir='ltr'><strong>versavi,</strong></span> <span class='ocrx_word' id='word_1_318' title='bbox 1130 2272 1176 2304; x_wconf 89' lang='lat' dir='ltr'><strong>de</strong></span> <span class='ocrx_word' id='word_1_319' title='bbox 1203 2273 1468 2318; x_wconf 79' lang='lat' dir='ltr'><strong>Assyriorum,</strong></span> <span class='ocrx_word' id='word_1_320' title='bbox 1512 2276 1715 2309; x_wconf 78' lang='lat' dir='ltr'><strong>Medorum</strong></span> 
     </span>
     <span class='ocr_line' id='line_1_37' title="bbox 252 2328 1714 2372; baseline 0.002 -9"><span class='ocrx_word' id='word_1_321' title='bbox 252 2329 531 2372; x_wconf 89' lang='lat' dir='ltr'><strong>Persarumque</strong></span> <span class='ocrx_word' id='word_1_322' title='bbox 564 2329 700 2370; x_wconf 87' lang='lat' dir='ltr'><strong>rebus,</strong></span> <span class='ocrx_word' id='word_1_323' title='bbox 733 2340 754 2361; x_wconf 89' lang='lat' dir='ltr'><strong>a</strong></span> <span class='ocrx_word' id='word_1_324' title='bbox 777 2329 944 2371; x_wconf 82' lang='lat' dir='ltr'><strong>Georgio</strong></span> <span class='ocrx_word' id='word_1_325' title='bbox 969 2328 1139 2361; x_wconf 84' lang='lat' dir='ltr'><strong>Gemisto</strong></span> <span class='ocrx_word' id='word_1_326' title='bbox 1167 2340 1213 2363; x_wconf 87' lang='lat' dir='ltr'><strong>ex</strong></span> <span class='ocrx_word' id='word_1_327' title='bbox 1240 2333 1405 2366; x_wconf 87' lang='lat' dir='ltr'><strong>secundo</strong></span> <span class='ocrx_word' id='word_1_328' title='bbox 1433 2333 1590 2366; x_wconf 81' lang='lat' dir='ltr'><strong>Diodori</strong></span> <span class='ocrx_word' id='word_1_329' title='bbox 1617 2333 1714 2366; x_wconf 87' lang='lat' dir='ltr'><strong>libro</strong></span> 
     </span>
     <span class='ocr_line' id='line_1_38' title="bbox 255 2385 1715 2433; baseline 0.003 -14"><span class='ocrx_word' id='word_1_330' title='bbox 255 2390 506 2420; x_wconf 86' lang='lat' dir='ltr'><strong>contractam:</strong></span> <span class='ocrx_word' id='word_1_331' title='bbox 559 2396 719 2430; x_wconf 87' lang='lat' dir='ltr'><strong>namque</strong></span> <span class='ocrx_word' id='word_1_332' title='bbox 761 2396 842 2419; x_wconf 85' lang='lat' dir='ltr'><strong>eam</strong></span> <span class='ocrx_word' id='word_1_333' title='bbox 878 2388 977 2418; x_wconf 86' lang='lat' dir='ltr'><strong>inter</strong></span> <span class='ocrx_word' id='word_1_334' title='bbox 1012 2385 1290 2428; x_wconf 79' lang='lat' dir='ltr'><strong>Lugdunenses</strong></span> <span class='ocrx_word' id='word_1_335' title='bbox 1325 2399 1441 2433; x_wconf 84' lang='lat' dir='ltr'><strong>gazas</strong></span> <span class='ocrx_word' id='word_1_336' title='bbox 1480 2391 1715 2423; x_wconf 86' lang='lat' dir='ltr'><strong>reconditam</strong></span> 
     </span>
     <span class='ocr_line' id='line_1_39' title="bbox 257 2443 1715 2490; baseline 0.002 -13"><span class='ocrx_word' id='word_1_337' title='bbox 257 2454 365 2482; x_wconf 87' lang='lat' dir='ltr'><strong>esse,</strong></span> <span class='ocrx_word' id='word_1_338' title='bbox 401 2446 550 2476; x_wconf 85' lang='lat' dir='ltr'><strong>constat</strong></span> <span class='ocrx_word' id='word_1_339' title='bbox 581 2443 741 2478; x_wconf 87' lang='lat' dir='ltr'><strong>abunde.</strong></span> <span class='ocrx_word' id='word_1_340' title='bbox 789 2445 909 2487; x_wconf 81' lang='lat' dir='ltr'><strong>Atque</strong></span> <span class='ocrx_word' id='word_1_341' title='bbox 949 2443 1043 2475; x_wconf 87' lang='lat' dir='ltr'><strong>haec</strong></span> <span class='ocrx_word' id='word_1_342' title='bbox 1075 2443 1205 2486; x_wconf 86' lang='lat' dir='ltr'><strong>fuere,</strong></span> <span class='ocrx_word' id='word_1_343' title='bbox 1248 2457 1343 2490; x_wconf 87' lang='lat' dir='ltr'><strong>quae</strong></span> <span class='ocrx_word' id='word_1_344' title='bbox 1371 2448 1449 2480; x_wconf 76' lang='lat' dir='ltr'><strong>Fn.</strong></span> <span class='ocrx_word' id='word_1_345' title='bbox 1473 2447 1614 2480; x_wconf 74' lang='lat' dir='ltr'>D10N.</span> <span class='ocrx_word' id='word_1_346' title='bbox 1641 2449 1715 2480; x_wconf 64' lang='lat' dir='ltr'><strong>CA-</strong></span> 
     </span>
     <span class='ocr_line' id='line_1_40' title="bbox 257 2500 1716 2543; baseline 0.003 -10"><span class='ocrx_word' id='word_1_347' title='bbox 257 2510 481 2534; x_wconf 69' lang='lat' dir='ltr'><strong>MUSATL&#39;S</strong></span> <span class='ocrx_word' id='word_1_348' title='bbox 507 2500 712 2543; x_wconf 78' lang='lat' dir='ltr'><strong>diligenter</strong></span> <span class='ocrx_word' id='word_1_349' title='bbox 736 2501 970 2533; x_wconf 82' lang='lat' dir='ltr'><strong>conduxerat</strong></span> <span class='ocrx_word' id='word_1_350' title='bbox 996 2500 1043 2532; x_wconf 89' lang='lat' dir='ltr'><strong>ad</strong></span> <span class='ocrx_word' id='word_1_351' title='bbox 1074 2501 1281 2535; x_wconf 83' lang='lat' dir='ltr'><strong>Diodorum</strong></span> <span class='ocrx_word' id='word_1_352' title='bbox 1311 2506 1488 2539; x_wconf 85' lang='lat' dir='ltr'><strong>nitidiore</strong></span> <span class='ocrx_word' id='word_1_353' title='bbox 1522 2505 1622 2537; x_wconf 89' lang='lat' dir='ltr'><strong>cultu</strong></span> <span class='ocrx_word' id='word_1_354' title='bbox 1654 2515 1716 2537; x_wconf 84' lang='lat' dir='ltr'><strong>ex-</strong></span> 
     </span>
     <span class='ocr_line' id='line_1_41' title="bbox 258 2557 1718 2604; baseline 0.002 -12"><span class='ocrx_word' id='word_1_355' title='bbox 258 2558 480 2592; x_wconf 85' lang='lat' dir='ltr'><strong>ornandum.</strong></span> <span class='ocrx_word' id='word_1_356' title='bbox 525 2557 733 2591; x_wconf 81' lang='lat' dir='ltr'><strong>Addiderat</strong></span> <span class='ocrx_word' id='word_1_357' title='bbox 766 2562 804 2591; x_wconf 89' lang='lat' dir='ltr'><strong>et</strong></span> <span class='ocrx_word' id='word_1_358' title='bbox 837 2558 922 2590; x_wconf 88' lang='lat' dir='ltr'><strong>libri</strong></span> <span class='ocrx_word' id='word_1_359' title='bbox 956 2559 1012 2590; x_wconf 89' lang='lat' dir='ltr'><strong>sui</strong></span> <span class='ocrx_word' id='word_1_360' title='bbox 1048 2568 1137 2591; x_wconf 87' lang='lat' dir='ltr'><strong>orae</strong></span> <span class='ocrx_word' id='word_1_361' title='bbox 1168 2560 1455 2604; x_wconf 84' lang='lat' dir='ltr'><strong>adnotationes,</strong></span> <span class='ocrx_word' id='word_1_362' title='bbox 1502 2562 1571 2595; x_wconf 87' lang='lat' dir='ltr'><strong>sed</strong></span> <span class='ocrx_word' id='word_1_363' title='bbox 1609 2572 1718 2595; x_wconf 80' lang='lat' dir='ltr'><strong>rarus</strong></span> 
     </span>
     <span class='ocr_line' id='line_1_42' title="bbox 258 2615 1718 2663; baseline 0.001 -14"><span class='ocrx_word' id='word_1_364' title='bbox 258 2628 328 2650; x_wconf 87' lang='lat' dir='ltr'><strong>nec</strong></span> <span class='ocrx_word' id='word_1_365' title='bbox 353 2617 479 2660; x_wconf 84' lang='lat' dir='ltr'><strong>magni</strong></span> <span class='ocrx_word' id='word_1_366' title='bbox 507 2615 708 2648; x_wconf 85' lang='lat' dir='ltr'><strong>admodum</strong></span> <span class='ocrx_word' id='word_1_367' title='bbox 737 2616 940 2655; x_wconf 82' lang='lat' dir='ltr'><strong>momenti,</strong></span> <span class='ocrx_word' id='word_1_368' title='bbox 969 2616 1047 2647; x_wconf 89' lang='lat' dir='ltr'><strong>suis</strong></span> <span class='ocrx_word' id='word_1_369' title='bbox 1075 2620 1202 2650; x_wconf 86' lang='lat' dir='ltr'><strong>tamen</strong></span> <span class='ocrx_word' id='word_1_370' title='bbox 1227 2617 1320 2650; x_wconf 82' lang='lat' dir='ltr'><strong>locis</strong></span> <span class='ocrx_word' id='word_1_371' title='bbox 1347 2623 1598 2660; x_wconf 83' lang='lat' dir='ltr'><strong>mcmoratas3</strong></span> <span class='ocrx_word' id='word_1_372' title='bbox 1634 2620 1718 2663; x_wconf 88' lang='lat' dir='ltr'><strong>qui-</strong></span> 
     </span>
     <span class='ocr_line' id='line_1_43' title="bbox 257 2673 1715 2722; baseline 0.002 -15"><span class='ocrx_word' id='word_1_373' title='bbox 257 2676 328 2708; x_wconf 90' lang='lat' dir='ltr'><strong>bus</strong></span> <span class='ocrx_word' id='word_1_374' title='bbox 353 2685 400 2707; x_wconf 85' lang='lat' dir='ltr'><strong>an</strong></span> <span class='ocrx_word' id='word_1_375' title='bbox 425 2674 532 2718; x_wconf 83' lang='lat' dir='ltr'><strong>plura</strong></span> <span class='ocrx_word' id='word_1_376' title='bbox 557 2673 813 2717; x_wconf 79' lang='lat' dir='ltr'><strong>congesserit,</strong></span> <span class='ocrx_word' id='word_1_377' title='bbox 844 2676 885 2705; x_wconf 87' lang='lat' dir='ltr'><strong>ut</strong></span> <span class='ocrx_word' id='word_1_378' title='bbox 910 2673 1144 2707; x_wconf 78' lang='lat' dir='ltr'><strong>venditatum</strong></span> <span class='ocrx_word' id='word_1_379' title='bbox 1169 2677 1321 2720; x_wconf 74' lang='lat' dir='ltr'><strong>saepius</strong></span> <span class='ocrx_word' id='word_1_380' title='bbox 1349 2687 1421 2711; x_wconf 88' lang='lat' dir='ltr'><strong>non</strong></span> <span class='ocrx_word' id='word_1_381' title='bbox 1447 2678 1528 2712; x_wconf 86' lang='lat' dir='ltr'><strong>sine</strong></span> <span class='ocrx_word' id='word_1_382' title='bbox 1555 2677 1715 2722; x_wconf 77' lang='lat' dir='ltr'><strong>quadum</strong></span> 
     </span>
    </p>
   </div>
   <div class='ocr_carea' id='block_1_3' title="bbox 349 2794 1054 2885">
    <p class='ocr_par' dir='ltr' id='par_1_3' title="bbox 349 2794 1054 2885">
     <span class='ocr_line' id='line_1_44' title="bbox 352 2794 991 2840; baseline -0.006 -8"><span class='ocrx_word' id='word_1_383' title='bbox 352 2801 365 2833; x_wconf 88' lang='lat'>1</span> <span class='ocrx_word' id='word_1_384' title='bbox 397 2797 565 2830; x_wconf 77' lang='lat' dir='ltr'><strong>Biblioth.</strong></span> <span class='ocrx_word' id='word_1_385' title='bbox 588 2796 737 2829; x_wconf 82' lang='lat' dir='ltr'><strong>Coisliu.</strong></span> <span class='ocrx_word' id='word_1_386' title='bbox 759 2809 793 2840; x_wconf 87' lang='lat' dir='ltr'><strong>p.</strong></span> <span class='ocrx_word' id='word_1_387' title='bbox 812 2797 891 2833; x_wconf 75' lang='lat'><strong>213·</strong></span> <span class='ocrx_word' id='word_1_388' title='bbox 913 2794 991 2832; x_wconf 59' lang='lat'><strong>214.</strong></span> 
     </span>
     <span class='ocr_line' id='line_1_45' title="bbox 349 2842 1054 2885; baseline -0.003 -8"><span class='ocrx_word' id='word_1_389' title='bbox 349 2848 372 2880; x_wconf 75' lang='grc'>2</span> <span class='ocrx_word' id='word_1_390' title='bbox 401 2846 590 2877; x_wconf 83' lang='lat' dir='ltr'><strong>Montfauc.</strong></span> <span class='ocrx_word' id='word_1_391' title='bbox 618 2843 797 2884; x_wconf 77' lang='lat' dir='ltr'><strong>Palaeogr.</strong></span> <span class='ocrx_word' id='word_1_392' title='bbox 826 2843 871 2875; x_wconf 84' lang='lat' dir='ltr'><strong>G.</strong></span> <span class='ocrx_word' id='word_1_393' title='bbox 900 2842 939 2875; x_wconf 91' lang='lat' dir='ltr'><strong>L.</strong></span> <span class='ocrx_word' id='word_1_394' title='bbox 965 2844 994 2885; x_wconf 81' lang='lat'><strong>1,</strong></span> <span class='ocrx_word' id='word_1_395' title='bbox 1020 2845 1054 2880; x_wconf 80' lang='grc'><strong>8.</strong></span> 
     </span>
    </p>
   </div>
  </div>
 </body>
</html>
