1891 3310
455 183 521 225 ΙΝ
549 183 788 227 Maxu
825 183 953 231 CAP.
989 187 1216 233 19.-21.
1511 193 1569 235 15

107 302 250 340 malum
268 297 401 350 pedem
426 297 663 346 intulerunt,
690 299 968 349 scripserisque
993 296 1044 347 ἃς
1072 297 1115 340 ἔν
1141 304 1234 348 ταῖς
1259 306 1416 351 κοιναῖς
1445 308 1570 346 oms-9.

107 355 279 409 ὤμοσαν
297 351 491 408 τηρήσειν
513 352 797 407 αὐτονόμους,
825 356 874 393 ad
900 359 1114 394 orationem
1142 364 1182 395 et
1208 361 1441 398 sententiam
1469 363 1570 401 nihil

108 412 345 451 desiderabis
366 411 584 451 admodum.
622 412 708 449 Hoc
729 414 856 463 itaque
879 426 1038 464 sequar,
1067 416 1222 451 uncinis
1240 417 1447 455 relativum
1468 418 1507 454 id
1530 427 1570 456 et

107 475 303 519 suspectas
321 481 438 506 voces
458 470 790 506 circumscribens.
817 469 952 507 Wess.
989 470 1048 507 lll.
1067 469 1245 522 Scaliger
1273 485 1363 510 orae
1394 477 1453 511 sui
1477 476 1569 513 libri

105 527 366 574 adscripserat
384 520 604 576 ὀμόσασαν
625 521 833 579 τηρήσειν,
863 527 965 575 quod
986 539 1102 576 quum
1125 528 1293 566 scabiem
1310 532 1479 569 orationi
1500 532 1568 569 de-

108 589 258 635 tergere
284 594 362 618 non
380 584 518 631 possit,
547 585 779 620 sententiam
800 596 878 620 non
900 590 1018 622 muto.
1047 585 1155 622 IDEM
1177 586 1219 622 in
1238 585 1339 625 Add.

223 640 294 679 18.
325 641 365 679 8.
400 635 483 676 'En'
502 635 727 692 Ἄρχοντος
747 636 789 678 δ’
807 635 953 691 Ἀθήν.
975 635 1254 693 Νἱενάνδρου]
1284 641 1566 683 Demosthenes

104 702 241 733 contra
267 693 526 732 Timocratem
553 709 589 746 p.
610 697 717 738 468.
750 697 922 746 loquitur
949 696 995 734 de
1022 696 1215 736 Euandro
1245 698 1466 747 Archonte,
1500 704 1567 750 qui

102 752 355 802 proculdubio
387 752 489 790 idem
520 760 579 790 est
603 766 689 791 cum
719 755 796 790 isto
820 753 1058 792 Menandro.
1105 755 1206 798 Quid
1236 757 1374 793 melius
1407 759 1565 795 aliunde

103 808 391 858 expiscandum.
409 809 542 849 PALM.
568 810 752 848 Palmerii
771 810 1082 849 observationem
1095 820 1350 861 occupaverat
1370 812 1567 852 10.Meur-

104 869 185 903 sius
206 865 248 903 L.
279 864 347 905 llI.
373 866 419 902 de
449 865 635 906 Archont.
666 880 698 904 c.
724 868 807 914 l9.,
825 868 951 905 eidem
980 868 1100 906 robur
1130 881 1179 905 ex
1208 867 1428 907 Ptolemaeo
1453 873 1564 924 Illey.

104 922 283 969 Συνταξ.
306 921 349 959 L.
371 922 437 962 lv.
468 936 501 960 c.
523 925 593 964 ult,
620 935 657 973 p.
685 926 803 972 106.,
829 924 896 962 ubi
915 924 1074 964 Archon
1094 924 1158 963 hic
1181 921 1422 979 Εὔανδρος,
1454 942 1567 980 egre·

101 982 209 1031 gium
227 979 387 1016 addens,
411 978 548 1020 XVEss.

219 1039 290 1077 18.
326 1037 397 1076 10.
428 1032 664 1089 Κορνήλιον
687 1035 944 1086 Σερουΐλιον]
972 1037 1050 1075 Pro
1070 1033 1305 1091 Κορνήλιον
1325 1037 1565 1091 Σερουΐλιον

100 1093 225 1130 scribe
250 1089 449 1144 Σερούϊον
478 1094 608 1145 Κορν.
651 1093 762 1132 Publ.
785 1094 907 1146 Hugo
938 1097 1204 1145 supposititius
1235 1103 1304 1132 est.
1341 1095 1481 1135 Nescio
1514 1111 1566 1137 an

99 1163 169 1200 pro
191 1151 258 1188 illo
278 1143 482 1203 Κόϊγκτος
511 1149 749 1204 Σερουΐλιος
776 1153 828 1188 sit
848 1151 1111 1189 collocandus.
1139 1151 1216 1189 Pro
1227 1149 1389 1192 ’Άνινον
1408 1155 1565 1203 quidem

88 1204 276 1253 Ἄννιον,
305 1211 344 1242 et
364 1219 434 1256 pro
457 1203 665 1259 ΖΙἸάρκον,
696 1202 896 1260 Μάρκιον
923 1209 987 1246 vel
1010 1203 1209 1261 Μάρτιον
1230 1209 1476 1249 scribendum
1503 1214 1565 1250 vi-

100 1264 226 1302 detur.
257 1262 335 1301 Sed
358 1266 444 1313 quis
473 1266 705 1302 auctoritate
728 1262 790 1302 hic
821 1266 927 1303 omni
946 1265 1156 1304 destitutus
1188 1268 1286 1303 certi
1305 1268 1453 1316 aliquid
1482 1275 1565 1307 sta-

100 1318 210 1359 tuat?
244 1323 334 1369 quia
357 1319 552 1358 Diodorus
572 1334 594 1358 a
612 1321 740 1360 Fastis
759 1320 847 1370 hic,
874 1328 919 1359 ut
936 1324 1054 1359 etiam
1074 1323 1190 1370 alibi,
1217 1322 1435 1375 digreditur
1453 1326 1562 1363 limi-

98 1385 233 1427 tesque
253 1378 437 1414 transilit.
460 1375 598 1416 RHOD.
635 1378 787 1416 Pavent
814 1379 1096 1428 quodammodo
1129 1382 1266 1430 scripti
1295 1381 1384 1419 libri
1403 1380 1564 1420 Rhodo-

98 1448 254 1474 manno.
286 1432 423 1471 Cetera
449 1436 546 1472 mire
572 1442 664 1473 sunt
693 1434 927 1484 depravata,
956 1449 1029 1474 nec
1059 1438 1199 1474 auxilii
1225 1449 1313 1486 spes
1341 1440 1441 1486 ulla,
1483 1442 1562 1478 nisi

97 1494 276 1530 meliores
295 1491 543 1539 proferantur
565 1491 685 1530 Codd.
719 1492 890 1531 Possunt
919 1506 1011 1530 sane
1042 1494 1283 1532 tribunorum
1312 1499 1489 1544 nomina,
1516 1503 1562 1534 ut

97 1546 245 1587 factum
273 1561 295 1585 a
316 1549 403 1585 viro
429 1548 565 1596 docto,
593 1551 814 1588 instaurari.
852 1548 932 1587 Sed
957 1550 1089 1588 eadem
1108 1563 1157 1588 ex
1181 1555 1382 1600 scriptoris
1408 1556 1563 1591 venisse

97 1608 268 1652 calamo,
296 1604 399 1641 unde
431 1605 645 1643 edocebat?
684 1603 899 1646 Κλαύδιον
936 1604 1134 1661 Οὕγωνα,
1162 1608 1333 1658 adaeque
1362 1611 1563 1658 vitiosum,

96 1661 140 1700 L.
159 1661 266 1700 le.
294 1663 369 1703 82.
399 1662 568 1700 tribunis
586 1664 756 1702 militum
776 1665 972 1702 consulari
995 1672 1184 1714 potestate
1203 1665 1395 1704 adiunxit.
1425 1667 1561 1705 Wess.

213 1721 285 1760 18·
315 1720 390 1759 20.
439 1716 493 1759 Οἳ
517 1716 778 1773 Σπαρτιάται
807 1716 1091 1773 παρήγγελλον
1109 1720 1153 1760 ἐν
1182 1719 1435 1776 ἀπορρήτοις
1454 1721 1558 1776 etc.]

95 1774 182 1814 Hoc
202 1776 304 1813 unde
335 1776 529 1824 acceperit
564 1780 707 1815 nescio.
761 1776 983 1826 Xenophon
1014 1779 1131 1815 aliter
1158 1777 1249 1816 Rer.
1282 1779 1418 1817 Graec.
1449 1780 1492 1817 L.
1513 1781 1560 1818 V.

96 1846 133 1882 p.
157 1834 280 1879 436„
295 1832 451 1869 uberius
474 1839 672 1882 praeterea
693 1840 897 1870 exsecutus
917 1834 1091 1872 ordinem
1111 1842 1318 1885 occupatae
1340 1839 1441 1874 arcis
1460 1835 1561 1876 Cad-

95 1903 224 1936 meae,
249 1891 363 1926 sicuti
386 1896 424 1925 et
444 1889 640 1927 Plutarch.
665 1890 711 1927 de
732 1889 883 1927 Socrat.
904 1889 1091 1928 Daemon.
1116 1903 1152 1940 p.
1175 1893 1279 1932 576.
1310 1892 1447 1930 Wess.

213 1947 284 1986 18.
307 1947 383 1985 27.
424 1945 701 1997 Τριακοσίους
728 1946 805 1998 μὲν
835 1944 934 1993 τοὺς
964 1945 1319 2001 ἐπιφανεστάτους
1338 1953 1434 1996 etc.]
1473 1949 1561 1987 Xe-

94 2003 252 2052 nophon
286 2002 581 2055 τετρακοσίους
617 2004 700 2041 sive
731 2005 1048 2055 quadringentos
1088 2006 1214 2043 solum
1243 2009 1409 2045 vertisse
1445 2015 1559 2057 atque

93 2059 266 2097 Athenas
287 2072 327 2096 se
347 2059 478 2109 prodit
498 2060 720 2098 contulisse.
755 2060 891 2098 Wess.

211 2119 282 2157 18.
315 2116 389 2156 32.
424 2113 510 2155 Τὸν
529 2116 606 2167 μὲν
633 2117 840 2168 Φοιβίδαν
862 2113 1098 2168 ἐζημίωσαν
1114 2113 1359 2171 χρήμασιν]
1392 2118 1557 2159 Centum

92 2173 264 2211 millibus
287 2171 575 2220 drachmarum3
604 2171 703 2212 δέκα
733 2173 933 2226 δραχμῶν
954 2171 1152 2225 μυριάσιν
1181 2173 1353 2229 (αὐτὸν)
1381 2175 1558 2229 ἐζημίω-

94 2245 197 2277 σαν,
221 2230 322 2267 Plut.
343 2232 399 2267 ait
417 2232 458 2266 in
479 2229 610 2281 Pelop.
627 2242 665 2279 p.
691 2232 800 2272 280.
844 2229 1008 2268 Remoto
1029 2245 1123 2269 vero
1142 2232 1359 2271 Phoebidae
1379 2234 1558 2285 Lysano-

89 2287 215 2325 ridam
254 2285 394 2337 τρίτον
440 2283 569 2327 αὐτὸν
621 2288 648 2327 i.
680 2300 714 2327 e.
757 2301 844 2325 cum
876 2288 1026 2325 duobus
1056 2290 1217 2340 collegis
1263 2290 1558 2339 substituerunt,

93 2344 195 2382 idem
216 2343 262 2379 de
292 2341 442 2380 Socrat.
466 2343 564 2381 Gen.
589 2358 624 2394 p.
645 2345 749 2385 576.
767 2345 812 2382 A.
835 2351 875 2382 et
895 2344 1027 2393 Pelop.
1049 2357 1084 2393 p.
1106 2347 1213 2387 284.
1239 2346 1302 2393 D.‚
1338 2347 1405 2384 ubi
1427 2347 1555 2397 Lysa-

92 2401 252 2438 noridae
281 2413 416 2438 verum
445 2414 585 2438 nomen
604 2403 746 2451 optime
774 2401 944 2438 reddidit
972 2401 1178 2454 Augustin.
1201 2402 1393 2454 Bryanus.
1420 2404 1556 2442 Wess.

212 2459 281 2497 18.
310 2457 384 2496 39.
431 2454 681 2508 Εὐδαμίδαν
706 2479 754 2485 -
777 2456 1039 2509 κατέστησαν
1063 2458 1324 2513 στρατηγὸν]
1363 2459 1557 2498 Dissentit

91 2527 116 2552 a
133 2511 415 2563 Xenophonte,
445 2516 510 2563 qui
537 2514 794 2552 Eudamidam
814 2523 904 2552 ante
934 2513 1139 2553 Cadmeam
1168 2524 1393 2567 occupatam
1419 2525 1556 2555 contra

91 2570 302 2622 Olynthios
322 2573 481 2608 missum
495 2572 637 2619 refert,
665 2571 900 2611 Phoebidam
918 2586 1013 2610 vero
1034 2574 1300 2622 subsecutum,
1329 2581 1373 2613 ut
1395 2575 1555 2622 milites,

91 2630 157 2678 qui
177 2635 255 2665 tam
276 2628 353 2664 cito
375 2630 463 2678 cogi
484 2640 564 2665 non
585 2635 815 2678 potuerant,
846 2629 896 2667 ad
918 2629 1079 2667 fratrem
1102 2630 1275 2679 duceret,
1302 2629 1394 2668 Rer.
1415 2630 1553 2668 Graec.

91 2683 136 2721 L.
157 2685 204 2724 V.
237 2697 273 2734 p.
292 2684 401 2724 434.
431 2684 567 2722 Wess.

210 2743 282 2782 18.
305 2742 381 2781 46.
410 2736 681 2793 Στρατιώτας
701 2739 865 2789 πλείους
884 2738 1046 2794 ἔχοντες
1063 2744 1148 2783 τῶν
1168 2741 1390 2794 πολεμίων]
1410 2743 1554 2782 Verum

89 2797 130 2835 id
152 2797 315 2835 fortasse
336 2799 413 2835 fuit
434 2800 557 2846 prima
584 2797 656 2836 hac
676 2798 913 2837 Eudamidae
941 2799 1208 2849 expeditione:
1240 2801 1387 2848 alioqui
1407 2802 1556 2850 equites

89 2854 392 2907 quadringentos
413 2860 565 2893 tantum
587 2854 802 2904 habebant,
833 2857 910 2908 ipsi
930 2857 972 2895 in
992 2859 1219 2896 universum
1246 2858 1414 2906 quinque
1435 2858 1555 2896 milli-
