1891 3310
376 218 453 252 DE
489 219 802 253 FONTIBUS
839 217 992 251 HIST.
1025 215 1303 251 DIODO'RI.
1438 209 1563 244 LXXI

111 315 243 359 giosae
275 316 468 350 doctrinae
502 327 570 351 seu
595 317 778 352 historiae
819 325 886 350 seu
914 312 1200 359 philosophiae3
1225 323 1311 346 nam
1339 313 1378 345 et
1401 309 1472 343 hoc
1499 307 1562 340 do-

111 378 173 406 cet
210 374 374 408 omnium
416 374 638 418 populorum
678 361 877 415 historia}5
909 383 931 406 a
976 372 1135 416 singulis
1175 364 1563 414 philosophematibus

110 439 260 463 omnem
295 431 518 475 sapientiam
556 431 787 475 procedere,
820 435 859 464 et
891 430 1047 463 serioris
1081 429 1168 461 aevi
1199 437 1280 461 rem
1317 433 1423 465 esse,
1452 422 1563 465 plura

109 496 268 530 corpore
301 497 346 520 ac
375 492 585 532 systemate
622 489 838 533 complecti3
874 498 944 520 nec
975 487 1047 520 nisi
1085 495 1154 529 per
1180 484 1410 517 Graecorum
1436 478 1562 512 studia

108 545 267 578 notitiae
315 543 385 577 hae
431 555 499 589 per
536 546 748 590 Aegyptum
788 555 943 588 sparsae
990 543 1117 587 colligi
1162 541 1333 583 coepisse
1372 537 1559 569 videntur.

107 599 321 634 Secundum
346 600 440 634 haec
465 602 548 646 quis
572 613 645 636 non
669 602 879 646 intelligat,
901 601 1172 646 Aegyptiorum
1202 608 1276 631 non
1300 597 1424 628 minus
1448 601 1559 637 quam

108 657 340 692 Graecorum
368 659 603 703 aliorumque
624 660 844 703 populorum
866 659 1060 692 historiam
1080 660 1119 690 et
1136 652 1423 699 philosophiam,
1447 648 1560 681 adeo-

107 726 180 761 que
214 717 430 761 religiosam
465 717 704 760 opinionem,
737 726 977 760 progressam
1015 724 1100 749 esse
1132 723 1154 746 a
1186 709 1332 757 mythis,
1367 705 1559 748 conceptis

106 774 262 818 antiquo
291 783 466 808 sermone
495 778 533 807 et
565 773 785 807 charactere
819 772 993 817 hierogly
998 772 1115 816 phico
1142 771 1223 815 (IV)
1256 767 1441 801 Suco-essu
1461 766 1562 795 tem-

105 841 238 875 porum
262 831 425 875 collegia
443 829 689 865 Sacerdotum
708 832 746 863 in
771 830 922 873 templis
952 829 1138 862 nonnullis
1159 825 1367 871 potioribus
1384 821 1560 856 coaluere

105 896 264 921 numero
310 892 349 921 et
389 889 562 921 doctrina
603 889 834 931 insigniora:
874 888 987 929 inque
1036 887 1094 919 his
1136 886 1257 928 primo
1290 883 1372 916 loco
1406 877 1561 912 Thebis

106 945 268 978 Omnino
301 943 400 978 facto
437 945 627 979 incolendi
660 945 770 977 initio
806 944 852 977 ab
888 945 1061 987 Aegypto
1095 941 1311 985 superiore,
1352 935 1560 971 matur-ima

104 1012 253 1047 quoque
282 1004 325 1034 ut
360 1013 471 1047 opum
515 1007 554 1036 et
584 1002 799 1046 potentiae,
844 1002 897 1034 ita
923 1002 1038 1034 etiam
1069 1000 1285 1032 litterarum
1323 993 1560 1028 incrementa

105 1058 215 1093 fuere
239 1060 277 1091 in
302 1057 518 1102 Thebaide3
538 1062 574 1092 in
597 1069 671 1103 qua
694 1063 937 1091 monumenta
970 1067 1118 1102 quoque
1144 1057 1326 1089 maiorem
1359 1049 1559 1094 antiquita-

104 1120 182 1149 tem
208 1117 364 1159 spirant.
411 1116 535 1157 Qnidtl
571 1116 671 1161 quod
696 1117 912 1160 antiquiora
937 1126 1108 1160 quaeque
1134 1114 1180 1147 de
1204 1114 1375 1155 Aegypto
1405 1107 1560 1139 narrata

105 1175 153 1209 ad
178 1184 308 1218 agrum
332 1172 554 1206 Thebanum
584 1173 665 1206 fere
690 1173 893 1207 referenda
914 1179 1001 1205 sunt
1032 1172 1094 1213 (cf.
1115 1170 1254 1204 Herod.
1275 1169 1320 1209 li,
1344 1166 1406 1207 25)
1439 1163 1558 1196 Mem-

102 1231 209 1277 phis,
240 1233 375 1276 quippe
410 1233 532 1264 serius
565 1233 783 1272 exstructa,
828 1231 954 1263 onmia
985 1229 1115 1263 habuit
1142 1229 1308 1266 seriora,
1339 1220 1558 1268 pyramides

105 1299 266 1333 quoque.
314 1289 355 1321 ln
382 1287 459 1329 his,
485 1287 710 1331 [108]qiiae
732 1287 823 1334 diffl’.
846 1286 1092 1320 Sacerdotum
1114 1285 1285 1328 collegiis
1307 1282 1424 1315 multa
1444 1286 1558 1322 super

103 1346 346 1381 historiarum
366 1356 411 1379 ex
432 1347 596 1389 antiquis
622 1346 876 1378 monumentis
900 1349 938 1378 et
961 1342 1234 1388 h-ieroglyphis,
1258 1343 1335 1372 tum
1359 1348 1472 1381 super
1493 1345 1559 1368 sa·-

103 1414 252 1437 erorum
276 1407 315 1436 et
335 1405 473 1436 rituum
504 1404 672 1447 origine,
702 1402 895 1445 disputata
920 1412 1004 1435 esse
1030 1400 1224 1445 probabile
1249 1396 1309 1438 fit,
1343 1400 1381 1429 et
1403 1393 1555 1439 quidem

103 1461 266 1494 diversis
289 1462 505 1504 opinionum
531 1461 777 1493 diiertieulis.
825 1460 882 1493 Ea
909 1461 1025 1503 igitur
1060 1469 1156 1503 quae
1181 1457 1229 1490 ad
1253 1465 1321 1488 nos
1343 1458 1555 1497 pelvessffl'e

105 1519 153 1552 de
181 1519 336 1561 antiqua
372 1519 435 1550 Ae
426 1522 543 1561 gypto
577 1518 739 1558 tradita,
768 1528 888 1561 pauca
923 1528 969 1550 ex
995 1518 1159 1561 antiquis
1185 1511 1455 1548 monumentis,
1479 1507 1557 1551 ple-

101 1587 220 1620 raque
255 1586 301 1609 ex
334 1575 572 1608 sacerdotum
608 1575 926 1618 disputationibus
962 1579 1001 1609 et
1026 1569 1404 1617 interpretationibus
1430 1575 1558 1599 monu-

99 1639 334 1674 mentorum,
370 1632 608 1665 diversorum
647 1632 797 1676 quidem
832 1637 1066 1676 temporum,
1103 1638 1141 1665 et
1178 1629 1555 1672 collegiorum,pro·

99 1691 202 1726 fecta
238 1700 322 1724 esse
357 1690 600 1722 manifestum
635 1688 696 1731 fit3
737 1700 835 1733 quae
864 1695 905 1722 ut
935 1691 971 1722 in
1007 1699 1141 1732 eorpus
1167 1687 1455 1730 rediget-entim,
1481 1688 1554 1713 non

98 1750 172 1783 nisi
199 1758 222 1781 a
246 1748 404 1781 Graecis
425 1747 696 1790 interpretibus
722 1748 949 1789 periclitatio
976 1746 1076 1781 faeta
1100 1756 1185 1779 esse
1211 1745 1372 1777 vitietur.

192 1805 277 1839 Non
309 1805 407 1838 male
445 1805 636 1838 nobiscum
674 1809 797 1836 actum
830 1804 1016 1847 dicerem,
1061 1805 1092 1837 si
1127 1802 1237 1835 modo
1277 1798 1553 1843 disputationes

97 1863 185 1896 illas
213 1863 452 1896 sacerdotum
478 1864 730 1907 antiquiorum
756 1861 994 1895 haberemus.
1040 1863 1088 1894 At
1111 1860 1242 1894 horum
1268 1858 1432 1891 omniu-m
1460 1852 1555 1886 nihil

99 1921 287 1953 sincerum
328 1924 366 1953 et
401 1922 657 1964 incorruptum
691 1918 1034 1961 ad<poste1·itatern
1077 1919 1272 1963 pervenit,
1313 1915 1381 1948 sed
1425 1912 1552 1946 onmia

97 1979 228 2021 utique
263 1988 330 2021 per
361 1976 545 2010 Graecam
577 1977 929 2019 interpretationem
964 1981 1161 2020 corrupta,
1193 1975 1304 2008 modo
1339 1983 1360 2005 a
1395 1969 1553 2003 Graecis

96 2035 387 2078 interpretibus,
426 2035 538 2067 modo
570 2035 616 2066 ab
660 2035 859 2077 Aegyptiis
895 2045 1032 2078 graece
1069 2035 1190 2068 doctis
1209 2039 1238 2065 ¹.
1296 2030 1377 2070 Quo
1403 2028 1555 2074 quidem

96 2093 206 2125 alveo
231 2092 280 2125 ad
304 2103 372 2125 nos
398 2091 574 2125 derivata
597 2096 742 2124 tantum
769 2103 844 2125 non
868 2095 994 2126 omnia
1010 2094 1210 2137 plurimam
1236 2088 1362 2123 labem
1387 2087 1552 2120 traxisse

96 2159 254 2183 necesse
291 2153 367 2190 est3
402 2150 656 2192 (graecissant
688 2151 786 2183 enim
820 2161 951 2183 omnes
993 2152 1053 2196 qui
1089 2151 1136 2185 de
1162 2147 1361 2195 Aegyptiis
1385 2143 1552 2180 tradide-

95 2214 203 2247 runt,
231 2212 272 2239 ut
301 2217 368 2239 nee
392 2212 520 2240 tamen
544 2208 730 2242 mendacii
757 2211 795 2241 et
820 2208 964 2241 fraudis
990 2213 1078 2242 nota
1106 2210 1152 2241 iis
1178 2206 1380 2243 inurenda,
1407 2204 1477 2237 sed-
1502 2212 1551 2236 ex

97 2264 239 2296 saeculi
263 2266 375 2307 genio
403 2266 512 2297 venia
540 2265 664 2298 danda
688 2267 752 2310 sit)
787 2277 906 2311 eaque
940 2268 1151 2310 perscripta
1183 2277 1228 2299 eo
1260 2269 1452 2307 tempore,
1477 2271 1550 2305 quo

96 2322 274 2364 Aegyptii
307 2324 383 2353 suis
408 2322 559 2365 legibus
582 2328 620 2356 et
646 2326 829 2357 institutis
854 2326 908 2357 uti
931 2325 1135 2359 desierant.
1184 2324 1261 2357 lain
1284 2323 1445 2366 primuni
1468 2322 1550 2364 ipso

97 2383 307 2421 temporum
343 2389 537 2421 successu,
571 2391 703 2424 regum
728 2383 897 2425 imperiis
924 2393 1038 2426 saepe
1063 2383 1238 2423 mutatis,
1271 2384 1309 2414 et
1331 2379 1486 2412 tandein
1510 2378 1550 2410 in

98 2436 328 2469 dominatum
358 2437 667 2479 superbissimum
693 2441 838 2481 versis,
873 2441 956 2483 ipsa
981 2450 1110 2482 saera,
1135 2440 1301 2479 litteraS,
1330 2437 1550 2480 religiones,

98 2505 190 2538 quas
221 2494 501 2528 vicissitudines
536 2500 714 2539 expertas
745 2506 829 2531 esse
865 2496 1098 2542 putabimus!
1132 2496 1178 2530 de
1217 2496 1350 2541 quibus
1376 2494 1549 2528 omuibus

187 2618 207 2653 1
235 2619 430 2650 inolevmat
466 2619 645 2663 Aeffiptiis
682 2621 769 2653 adeo
804 2622 862 2653 illa
887 2622 1123 2666 interpretatio
1160 2621 1373 2663 antiquitatis
1399 2631 1480 2652 snae
1504 2630 1547 2651 ex

99 2664 244 2698 Graecis
281 2666 422 2702 lituus,
457 2673 495 2696 ut
519 2669 581 2697 snb
615 2668 823 2699 Ptolemaeis
858 2676 890 2699 et
923 2669 1087 2700 Romanis
1121 2670 1177 2699 xix
1198 2670 1304 2699 ali-im
1328 2668 1438 2698 ullam
1465 2676 1546 2698 nos-

97 2718 183 2743 sent.
232 2711 281 2741 lta
313 2711 527 2742 Germanico
556 2713 754 2755 Αοὲῃιιιηι
780 2715 941 2745 invisenti
967 2716 1114 2746 eandem
1140 2715 1394 2756 expositionem
1419 2716 1546 2745 stictaln

96 2756 214 2786 videas
239 2768 292 2798 ap.
319 2757 429 2788 Tacit.
455 2758 546 2791 Ann.
575 2758 620 2798 ll,
645 2763 702 2795 (J'O.
750 2760 936 2791 Accessere
957 2772 1039 2791 niox
1064 2762 1245 2791 innnnn‘ra
1265 2767 1297 2790 et
1322 2759 1546 2791 incredibilia

96 2801 388 2844 philosophorum
413 2804 563 2843 somnia,
590 2805 632 2835 ad
653 2817 737 2847 qnae
765 2815 881 2837 tamen
906 2808 1034 2849 priscas
1058 2806 1246 2849 Aeg>1i1ias
1271 2806 1458 2848 religiones
1480 2817 1547 2837 ne-

98 2859 156 2879 mo
185 2856 269 2891 puto
297 2849 427 2890 exigct3
463 2857 496 2881 et
529 2850 600 2891 egit
625 2852 667 2883 (le
692 2853 746 2883 his
779 2852 880 2884 docte
908 2854 1053 2894 Collega
1089 2851 1356 2884 amantissimus
1380 2853 1544 2886 Meiners
