<?xml version="1.0" encoding="UTF-8"?>
<!DOCTYPE html PUBLIC "-//W3C//DTD XHTML 1.0 Transitional//EN"
    "http://www.w3.org/TR/xhtml1/DTD/xhtml1-transitional.dtd">
<html xmlns="http://www.w3.org/1999/xhtml" xml:lang="en" lang="en">
 <head>
  <title>
</title>
<meta http-equiv="Content-Type" content="text/html;charset=utf-8" />
  <meta name='ocr-system' content='tesseract 3.04.00' />
  <meta name='ocr-capabilities' content='ocr_page ocr_carea ocr_par ocr_line ocrx_word'/>
</head>
<body>
  <div class='ocr_page' id='page_1' title='image "./bibliothecahisto05dioduoft_0812.png"; bbox 0 0 1859 3326; ppageno 0'>
   <div class='ocr_carea' id='block_1_1' title="bbox 280 212 1438 253">
    <p class='ocr_par' dir='ltr' id='par_1_1' title="bbox 280 212 1438 253">
     <span class='ocr_line' id='line_1_1' title="bbox 280 212 1438 253; baseline -0.005 0"><span class='ocrx_word' id='word_1_1' title='bbox 280 220 427 253; x_wconf 71' lang='lat' dir='ltr'><strong>cm&#39;iu</strong></span> <span class='ocrx_word' id='word_1_2' title='bbox 572 212 864 247; x_wconf 76' lang='lat' dir='ltr'><strong>OECONOMlA</strong></span> <span class='ocrx_word' id='word_1_3' title='bbox 900 213 1172 246; x_wconf 82' lang='lat' dir='ltr'>HISTORIAE</span> <span class='ocrx_word' id='word_1_4' title='bbox 1209 214 1438 248; x_wconf 80' lang='lat' dir='ltr'>D10DOR1.</span> 
     </span>
    </p>
   </div>
   <div class='ocr_carea' id='block_1_2' title="bbox 272 307 1760 2017">
    <p class='ocr_par' dir='ltr' id='par_1_2' title="bbox 272 307 1760 2017">
     <span class='ocr_line' id='line_1_2' title="bbox 277 307 1741 357; baseline -0.005 -5"><span class='ocrx_word' id='word_1_5' title='bbox 277 321 362 357; x_wconf 80' lang='lat' dir='ltr'><strong>fere</strong></span> <span class='ocrx_word' id='word_1_6' title='bbox 389 313 655 350; x_wconf 73' lang='lat' dir='ltr'>sustineamus.</span> <span class='ocrx_word' id='word_1_7' title='bbox 703 308 903 356; x_wconf 87' lang='lat' dir='ltr'><strong>Duplicem</strong></span> <span class='ocrx_word' id='word_1_8' title='bbox 924 307 1115 343; x_wconf 87' lang='lat' dir='ltr'><strong>Diodorus</strong></span> <span class='ocrx_word' id='word_1_9' title='bbox 1140 309 1179 343; x_wconf 84' lang='lat' dir='ltr'><strong>in</strong></span> <span class='ocrx_word' id='word_1_10' title='bbox 1204 319 1331 344; x_wconf 86' lang='lat' dir='ltr'><strong>rerum</strong></span> <span class='ocrx_word' id='word_1_11' title='bbox 1357 314 1553 357; x_wconf 87' lang='lat' dir='ltr'><strong>gestarum</strong></span> <span class='ocrx_word' id='word_1_12' title='bbox 1586 312 1741 356; x_wconf 79' lang='lat' dir='ltr'><strong>exposi-</strong></span> 
     </span>
     <span class='ocr_line' id='line_1_3' title="bbox 276 366 1741 416; baseline -0.004 -8"><span class='ocrx_word' id='word_1_13' title='bbox 276 375 383 408; x_wconf 80' lang='lat' dir='ltr'>tione</span> <span class='ocrx_word' id='word_1_14' title='bbox 410 380 610 416; x_wconf 81' lang='lat' dir='ltr'><strong>personam</strong></span> <span class='ocrx_word' id='word_1_15' title='bbox 636 370 822 412; x_wconf 75' lang='lat' dir='ltr'>suscepit:</span> <span class='ocrx_word' id='word_1_16' title='bbox 860 370 896 412; x_wconf 87' lang='lat'><strong>1)</strong></span> <span class='ocrx_word' id='word_1_17' title='bbox 923 367 1075 400; x_wconf 82' lang='lat' dir='ltr'><strong>alteram</strong></span> <span class='ocrx_word' id='word_1_18' title='bbox 1101 366 1292 409; x_wconf 76' lang='lat' dir='ltr'><strong>historici,</strong></span> <span class='ocrx_word' id='word_1_19' title='bbox 1320 369 1382 413; x_wconf 93' lang='lat' dir='ltr'><strong>qui</strong></span> <span class='ocrx_word' id='word_1_20' title='bbox 1401 368 1576 403; x_wconf 80' lang='lat' dir='ltr'>uberiore</span> <span class='ocrx_word' id='word_1_21' title='bbox 1594 369 1741 403; x_wconf 84' lang='lat' dir='ltr'><strong>descri-</strong></span> 
     </span>
     <span class='ocr_line' id='line_1_4' title="bbox 277 424 1742 476; baseline -0.003 -12"><span class='ocrx_word' id='word_1_22' title='bbox 277 432 408 476; x_wconf 86' lang='lat' dir='ltr'><strong>ptione</strong></span> <span class='ocrx_word' id='word_1_23' title='bbox 429 439 490 462; x_wconf 87' lang='lat' dir='ltr'><strong>res</strong></span> <span class='ocrx_word' id='word_1_24' title='bbox 509 431 639 471; x_wconf 88' lang='lat' dir='ltr'><strong>gestas</strong></span> <span class='ocrx_word' id='word_1_25' title='bbox 665 426 893 469; x_wconf 81' lang='lat' dir='ltr'><strong>explicaret,</strong></span> <span class='ocrx_word' id='word_1_26' title='bbox 931 425 1136 458; x_wconf 84' lang='lat' dir='ltr'><strong>earundem</strong></span> <span class='ocrx_word' id='word_1_27' title='bbox 1155 424 1303 468; x_wconf 82' lang='lat' dir='ltr'><strong>plenam</strong></span> <span class='ocrx_word' id='word_1_28' title='bbox 1328 429 1366 457; x_wconf 93' lang='lat' dir='ltr'><strong>et</strong></span> <span class='ocrx_word' id='word_1_29' title='bbox 1393 427 1607 459; x_wconf 86' lang='lat' dir='ltr'><strong>continuam</strong></span> <span class='ocrx_word' id='word_1_30' title='bbox 1629 427 1742 459; x_wconf 87' lang='lat' dir='ltr'><strong>bisto-</strong></span> 
     </span>
     <span class='ocr_line' id='line_1_5' title="bbox 279 480 1739 530; baseline -0.004 -8"><span class='ocrx_word' id='word_1_31' title='bbox 279 489 395 528; x_wconf 81' lang='lat' dir='ltr'><strong>ria=n‚</strong></span> <span class='ocrx_word' id='word_1_32' title='bbox 426 484 596 530; x_wconf 84' lang='lat' dir='ltr'><strong>quamvis</strong></span> <span class='ocrx_word' id='word_1_33' title='bbox 619 493 663 516; x_wconf 88' lang='lat' dir='ltr'><strong>ex</strong></span> <span class='ocrx_word' id='word_1_34' title='bbox 683 483 857 515; x_wconf 90' lang='lat' dir='ltr'><strong>instituto</strong></span> <span class='ocrx_word' id='word_1_35' title='bbox 881 481 991 514; x_wconf 90' lang='lat' dir='ltr'><strong>annis</strong></span> <span class='ocrx_word' id='word_1_36' title='bbox 1008 482 1246 522; x_wconf 83' lang='lat' dir='ltr'><strong>intercisam,</strong></span> <span class='ocrx_word' id='word_1_37' title='bbox 1283 480 1501 525; x_wconf 82' lang='lat' dir='ltr'><strong>exhiberet,</strong></span> <span class='ocrx_word' id='word_1_38' title='bbox 1537 493 1739 527; x_wconf 87' lang='lat' dir='ltr'><strong>rerumque</strong></span> 
     </span>
     <span class='ocr_line' id='line_1_6' title="bbox 279 539 1742 584; baseline -0.005 -5"><span class='ocrx_word' id='word_1_39' title='bbox 279 554 414 580; x_wconf 83' lang='lat' dir='ltr'><strong>causas</strong></span> <span class='ocrx_word' id='word_1_40' title='bbox 432 541 700 584; x_wconf 77' lang='lat' dir='ltr'><strong>investigaret,</strong></span> <span class='ocrx_word' id='word_1_41' title='bbox 731 543 845 583; x_wconf 89' lang='lat' dir='ltr'><strong>atque</strong></span> <span class='ocrx_word' id='word_1_42' title='bbox 871 548 936 571; x_wconf 84' lang='lat' dir='ltr'><strong>eas</strong></span> <span class='ocrx_word' id='word_1_43' title='bbox 953 539 1122 582; x_wconf 83' lang='lat' dir='ltr'><strong>inprimis</strong></span> <span class='ocrx_word' id='word_1_44' title='bbox 1141 542 1352 581; x_wconf 87' lang='lat' dir='ltr'><strong>temporum</strong></span> <span class='ocrx_word' id='word_1_45' title='bbox 1377 540 1545 572; x_wconf 75' lang='lat' dir='ltr'><strong>rationes</strong></span> <span class='ocrx_word' id='word_1_46' title='bbox 1566 539 1742 572; x_wconf 82' lang='lat' dir='ltr'><strong>observa-</strong></span> 
     </span>
     <span class='ocr_line' id='line_1_7' title="bbox 277 594 1742 644; baseline -0.004 -9"><span class='ocrx_word' id='word_1_47' title='bbox 277 606 341 637; x_wconf 84' lang='lat' dir='ltr'><strong>ret</strong></span> <span class='ocrx_word' id='word_1_48' title='bbox 373 605 412 634; x_wconf 82' lang='lat' dir='ltr'><strong>et</strong></span> <span class='ocrx_word' id='word_1_49' title='bbox 438 599 638 644; x_wconf 80' lang='lat' dir='ltr'><strong>proderet,</strong></span> <span class='ocrx_word' id='word_1_50' title='bbox 675 594 775 629; x_wconf 89' lang='lat' dir='ltr'><strong>unde</strong></span> <span class='ocrx_word' id='word_1_51' title='bbox 796 600 1014 639; x_wconf 84' lang='lat' dir='ltr'><strong>coeptorum</strong></span> <span class='ocrx_word' id='word_1_52' title='bbox 1034 600 1192 629; x_wconf 90' lang='lat' dir='ltr'><strong>eventus</strong></span> <span class='ocrx_word' id='word_1_53' title='bbox 1210 596 1371 640; x_wconf 87' lang='lat' dir='ltr'><strong>intelligi</strong></span> <span class='ocrx_word' id='word_1_54' title='bbox 1390 601 1558 641; x_wconf 84' lang='lat' dir='ltr'><strong>possent.</strong></span> <span class='ocrx_word' id='word_1_55' title='bbox 1605 596 1647 630; x_wconf 87' lang='lat' dir='ltr'><strong>ld</strong></span> <span class='ocrx_word' id='word_1_56' title='bbox 1664 597 1742 641; x_wconf 87' lang='lat' dir='ltr'><strong>qui-</strong></span> 
     </span>
     <span class='ocr_line' id='line_1_8' title="bbox 279 652 1760 698; baseline -0.004 -5"><span class='ocrx_word' id='word_1_57' title='bbox 279 660 366 693; x_wconf 90' lang='lat' dir='ltr'><strong>dem</strong></span> <span class='ocrx_word' id='word_1_58' title='bbox 396 657 536 691; x_wconf 85' lang='lat' dir='ltr'><strong>factum</strong></span> <span class='ocrx_word' id='word_1_59' title='bbox 564 654 601 685; x_wconf 91' lang='lat' dir='ltr'><strong>in</strong></span> <span class='ocrx_word' id='word_1_60' title='bbox 630 652 757 695; x_wconf 87' lang='lat' dir='ltr'><strong>regnis</strong></span> <span class='ocrx_word' id='word_1_61' title='bbox 787 656 827 685; x_wconf 90' lang='lat' dir='ltr'><strong>et</strong></span> <span class='ocrx_word' id='word_1_62' title='bbox 853 652 966 686; x_wconf 88' lang='lat' dir='ltr'><strong>rebus</strong></span> <span class='ocrx_word' id='word_1_63' title='bbox 995 653 1174 696; x_wconf 84' lang='lat' dir='ltr'><strong>publicis,</strong></span> <span class='ocrx_word' id='word_1_64' title='bbox 1209 663 1367 698; x_wconf 89' lang='lat' dir='ltr'><strong>quarum</strong></span> <span class='ocrx_word' id='word_1_65' title='bbox 1384 655 1420 687; x_wconf 90' lang='lat' dir='ltr'><strong>in</strong></span> <span class='ocrx_word' id='word_1_66' title='bbox 1440 655 1515 687; x_wconf 87' lang='lat' dir='ltr'><strong>alia</strong></span> <span class='ocrx_word' id='word_1_67' title='bbox 1535 664 1673 698; x_wconf 85' lang='lat' dir='ltr'><strong>regna,</strong></span> <span class='ocrx_word' id='word_1_68' title='bbox 1702 654 1760 687; x_wconf 88' lang='lat' dir='ltr'><strong>in¹</strong></span> 
     </span>
     <span class='ocr_line' id='line_1_9' title="bbox 278 700 1740 757; baseline -0.004 -7"><span class='ocrx_word' id='word_1_69' title='bbox 278 717 376 750; x_wconf 85' lang='lat' dir='ltr'><strong>alias</strong></span> <span class='ocrx_word' id='word_1_70' title='bbox 403 715 597 751; x_wconf 80' lang='lat' dir='ltr'><strong>civitateS,</strong></span> <span class='ocrx_word' id='word_1_71' title='bbox 633 709 783 752; x_wconf 83' lang='lat' dir='ltr'><strong>insigne</strong></span> <span class='ocrx_word' id='word_1_72' title='bbox 802 714 884 742; x_wconf 84' lang='lat' dir='ltr'><strong>erat</strong></span> <span class='ocrx_word' id='word_1_73' title='bbox 900 715 1151 752; x_wconf 85' lang='lat' dir='ltr'><strong>momentum,</strong></span> <span class='ocrx_word' id='word_1_74' title='bbox 1181 712 1294 744; x_wconf 89' lang='lat' dir='ltr'><strong>rebus</strong></span> <span class='ocrx_word' id='word_1_75' title='bbox 1311 713 1439 757; x_wconf 79' lang='lat' dir='ltr'><strong>itaque</strong></span> <span class='ocrx_word' id='word_1_76' title='bbox 1456 700 1575 756; x_wconf 86' lang='lat' dir='ltr'><strong>gestis</strong></span> <span class='ocrx_word' id='word_1_77' title='bbox 1593 712 1740 755; x_wconf 83' lang='lat' dir='ltr'><strong>gravio-</strong></span> 
     </span>
     <span class='ocr_line' id='line_1_10' title="bbox 278 758 1739 815; baseline -0.004 -7"><span class='ocrx_word' id='word_1_78' title='bbox 278 775 405 815; x_wconf 83' lang='lat' dir='ltr'><strong>ribus,</strong></span> <span class='ocrx_word' id='word_1_79' title='bbox 433 771 548 805; x_wconf 80' lang='lat' dir='ltr'><strong>latius</strong></span> <span class='ocrx_word' id='word_1_80' title='bbox 568 766 784 811; x_wconf 85' lang='lat' dir='ltr'><strong>patentibus</strong></span> <span class='ocrx_word' id='word_1_81' title='bbox 813 770 853 800; x_wconf 92' lang='lat' dir='ltr'><strong>et</strong></span> <span class='ocrx_word' id='word_1_82' title='bbox 876 767 978 800; x_wconf 90' lang='lat' dir='ltr'><strong>inter</strong></span> <span class='ocrx_word' id='word_1_83' title='bbox 1003 767 1112 810; x_wconf 82' lang='lat' dir='ltr'><strong>plura</strong></span> <span class='ocrx_word' id='word_1_84' title='bbox 1137 778 1257 812; x_wconf 83' lang='lat' dir='ltr'><strong>regna</strong></span> <span class='ocrx_word' id='word_1_85' title='bbox 1283 758 1563 811; x_wconf 79' lang='lat' dir='ltr'><strong>communibus3</strong></span> <span class='ocrx_word' id='word_1_86' title='bbox 1609 768 1739 809; x_wconf 80' lang='lat' dir='ltr'><strong>verbo,</strong></span> 
     </span>
     <span class='ocr_line' id='line_1_11' title="bbox 279 822 1738 876; baseline -0.005 -11"><span class='ocrx_word' id='word_1_87' title='bbox 279 841 376 876; x_wconf 85' lang='lat' dir='ltr'><strong>quae</strong></span> <span class='ocrx_word' id='word_1_88' title='bbox 405 827 588 862; x_wconf 86' lang='lat' dir='ltr'><strong>historiae</strong></span> <span class='ocrx_word' id='word_1_89' title='bbox 615 823 825 857; x_wconf 86' lang='lat' dir='ltr'><strong>catholicae</strong></span> <span class='ocrx_word' id='word_1_90' title='bbox 852 825 1120 866; x_wconf 84' lang='lat' dir='ltr'><strong>convenirent,</strong></span> <span class='ocrx_word' id='word_1_91' title='bbox 1158 827 1315 870; x_wconf 89' lang='lat' dir='ltr'><strong>eiusque</strong></span> <span class='ocrx_word' id='word_1_92' title='bbox 1343 822 1638 870; x_wconf 79' lang='lat' dir='ltr'><strong>essent‘partes.</strong></span> <span class='ocrx_word' id='word_1_93' title='bbox 1695 825 1738 857; x_wconf 89' lang='lat' dir='ltr'><strong>In</strong></span> 
     </span>
     <span class='ocr_line' id='line_1_12' title="bbox 278 880 1740 928; baseline -0.005 -7"><span class='ocrx_word' id='word_1_94' title='bbox 278 886 351 922; x_wconf 87' lang='lat' dir='ltr'><strong>hoc</strong></span> <span class='ocrx_word' id='word_1_95' title='bbox 377 894 533 919; x_wconf 90' lang='lat' dir='ltr'><strong>numero</strong></span> <span class='ocrx_word' id='word_1_96' title='bbox 563 886 672 915; x_wconf 89' lang='lat' dir='ltr'><strong>erant</strong></span> <span class='ocrx_word' id='word_1_97' title='bbox 696 881 859 923; x_wconf 82' lang='lat' dir='ltr'><strong>Persae,</strong></span> <span class='ocrx_word' id='word_1_98' title='bbox 901 880 1056 922; x_wconf 85' lang='lat' dir='ltr'><strong>Graeci,</strong></span> <span class='ocrx_word' id='word_1_99' title='bbox 1102 882 1356 926; x_wconf 86' lang='lat' dir='ltr'><strong>Macedones,</strong></span> <span class='ocrx_word' id='word_1_100' title='bbox 1394 883 1740 928; x_wconf 84' lang='lat' dir='ltr'><strong>Carthaginienses,</strong></span> 
     </span>
     <span class='ocr_line' id='line_1_13' title="bbox 276 939 1737 983; baseline -0.005 -4"><span class='ocrx_word' id='word_1_101' title='bbox 276 942 481 980; x_wconf 81' lang='lat' dir='ltr'><strong>Alexandri</strong></span> <span class='ocrx_word' id='word_1_102' title='bbox 508 939 563 979; x_wconf 77' lang='lat' dir='ltr'><strong>M,</strong></span> <span class='ocrx_word' id='word_1_103' title='bbox 588 949 850 972; x_wconf 88' lang='lat' dir='ltr'><strong>successorum</strong></span> <span class='ocrx_word' id='word_1_104' title='bbox 878 939 1163 982; x_wconf 90' lang='lat' dir='ltr'><strong>contentiones,</strong></span> <span class='ocrx_word' id='word_1_105' title='bbox 1195 951 1257 975; x_wconf 88' lang='lat' dir='ltr'><strong>res</strong></span> <span class='ocrx_word' id='word_1_106' title='bbox 1272 940 1442 983; x_wconf 81' lang='lat' dir='ltr'><strong>Siculae,</strong></span> <span class='ocrx_word' id='word_1_107' title='bbox 1474 940 1648 977; x_wconf 78' lang='lat' dir='ltr'><strong>Romani,</strong></span> <span class='ocrx_word' id='word_1_108' title='bbox 1694 939 1737 971; x_wconf 86' lang='lat' dir='ltr'><strong>ln</strong></span> 
     </span>
     <span class='ocr_line' id='line_1_14' title="bbox 276 997 1741 1045; baseline -0.004 -10"><span class='ocrx_word' id='word_1_109' title='bbox 276 1003 361 1045; x_wconf 84' lang='lat' dir='ltr'><strong>ipso</strong></span> <span class='ocrx_word' id='word_1_110' title='bbox 391 999 545 1037; x_wconf 87' lang='lat' dir='ltr'><strong>ordine,</strong></span> <span class='ocrx_word' id='word_1_111' title='bbox 587 1006 660 1041; x_wconf 86' lang='lat' dir='ltr'><strong>quo</strong></span> <span class='ocrx_word' id='word_1_112' title='bbox 689 1005 808 1039; x_wconf 86' lang='lat' dir='ltr'><strong>regna</strong></span> <span class='ocrx_word' id='word_1_113' title='bbox 833 1005 874 1028; x_wconf 91' lang='lat' dir='ltr'><strong>se</strong></span> <span class='ocrx_word' id='word_1_114' title='bbox 901 997 1113 1039; x_wconf 87' lang='lat' dir='ltr'><strong>excipiunt,</strong></span> <span class='ocrx_word' id='word_1_115' title='bbox 1154 1008 1389 1042; x_wconf 80' lang='lat' dir='ltr'><strong>regnumque</strong></span> <span class='ocrx_word' id='word_1_116' title='bbox 1415 1009 1533 1043; x_wconf 88' lang='lat' dir='ltr'><strong>regno</strong></span> <span class='ocrx_word' id='word_1_117' title='bbox 1561 997 1741 1037; x_wconf 80' lang='lat' dir='ltr'><strong>succedit,</strong></span> 
     </span>
     <span class='ocr_line' id='line_1_15' title="bbox 276 1051 1742 1099; baseline -0.005 -7"><span class='ocrx_word' id='word_1_118' title='bbox 276 1057 471 1092; x_wconf 87' lang='lat' dir='ltr'><strong>Diodorus</strong></span> <span class='ocrx_word' id='word_1_119' title='bbox 490 1053 673 1087; x_wconf 88' lang='lat' dir='ltr'><strong>historiae</strong></span> <span class='ocrx_word' id='word_1_120' title='bbox 701 1051 910 1086; x_wconf 87' lang='lat' dir='ltr'><strong>catholicae</strong></span> <span class='ocrx_word' id='word_1_121' title='bbox 938 1054 1129 1088; x_wconf 89' lang='lat' dir='ltr'><strong>notionem</strong></span> <span class='ocrx_word' id='word_1_122' title='bbox 1156 1060 1270 1098; x_wconf 88' lang='lat' dir='ltr'><strong>atque</strong></span> <span class='ocrx_word' id='word_1_123' title='bbox 1296 1056 1467 1099; x_wconf 83' lang='lat' dir='ltr'><strong>regulam</strong></span> <span class='ocrx_word' id='word_1_124' title='bbox 1492 1059 1644 1088; x_wconf 86' lang='lat' dir='ltr'><strong>secutus</strong></span> <span class='ocrx_word' id='word_1_125' title='bbox 1670 1058 1742 1093; x_wconf 78' lang='lat' dir='ltr'><strong>est,</strong></span> 
     </span>
     <span class='ocr_line' id='line_1_16' title="bbox 277 1110 1738 1158; baseline -0.003 -11"><span class='ocrx_word' id='word_1_126' title='bbox 277 1115 452 1158; x_wconf 87' lang='lat' dir='ltr'><strong>Namque</strong></span> <span class='ocrx_word' id='word_1_127' title='bbox 472 1120 675 1155; x_wconf 83' lang='lat' dir='ltr'><strong>regnorum</strong></span> <span class='ocrx_word' id='word_1_128' title='bbox 694 1119 739 1143; x_wconf 88' lang='lat' dir='ltr'><strong>ac</strong></span> <span class='ocrx_word' id='word_1_129' title='bbox 755 1110 976 1154; x_wconf 87' lang='lat' dir='ltr'><strong>populorum</strong></span> <span class='ocrx_word' id='word_1_130' title='bbox 996 1121 1058 1144; x_wconf 86' lang='lat' dir='ltr'><strong>res</strong></span> <span class='ocrx_word' id='word_1_131' title='bbox 1076 1115 1153 1144; x_wconf 90' lang='lat' dir='ltr'><strong>tum</strong></span> <span class='ocrx_word' id='word_1_132' title='bbox 1174 1111 1323 1145; x_wconf 88' lang='lat' dir='ltr'><strong>demum</strong></span> <span class='ocrx_word' id='word_1_133' title='bbox 1346 1113 1383 1144; x_wconf 90' lang='lat' dir='ltr'><strong>in</strong></span> <span class='ocrx_word' id='word_1_134' title='bbox 1403 1123 1537 1156; x_wconf 90' lang='lat' dir='ltr'><strong>corpus</strong></span> <span class='ocrx_word' id='word_1_135' title='bbox 1556 1111 1738 1144; x_wconf 86' lang='lat' dir='ltr'><strong>historiae</strong></span> 
     </span>
     <span class='ocr_line' id='line_1_17' title="bbox 279 1168 1738 1213; baseline -0.003 -8"><span class='ocrx_word' id='word_1_136' title='bbox 279 1171 490 1206; x_wconf 86' lang='lat' dir='ltr'><strong>catholicae</strong></span> <span class='ocrx_word' id='word_1_137' title='bbox 520 1169 685 1212; x_wconf 85' lang='lat' dir='ltr'><strong>recepit,</strong></span> <span class='ocrx_word' id='word_1_138' title='bbox 720 1178 802 1200; x_wconf 86' lang='lat' dir='ltr'><strong>cum</strong></span> <span class='ocrx_word' id='word_1_139' title='bbox 832 1171 1065 1202; x_wconf 83' lang='lat' dir='ltr'><strong>momentum</strong></span> <span class='ocrx_word' id='word_1_140' title='bbox 1090 1168 1138 1201; x_wconf 91' lang='lat' dir='ltr'><strong>ad</strong></span> <span class='ocrx_word' id='word_1_141' title='bbox 1165 1178 1284 1211; x_wconf 80' lang='lat' dir='ltr'><strong>regna</strong></span> <span class='ocrx_word' id='word_1_142' title='bbox 1305 1179 1441 1213; x_wconf 89' lang='lat' dir='ltr'><strong>resque</strong></span> <span class='ocrx_word' id='word_1_143' title='bbox 1460 1169 1629 1213; x_wconf 85' lang='lat' dir='ltr'><strong>publicas</strong></span> <span class='ocrx_word' id='word_1_144' title='bbox 1643 1169 1738 1201; x_wconf 85' lang='lat' dir='ltr'><strong>alias</strong></span> 
     </span>
     <span class='ocr_line' id='line_1_18' title="bbox 277 1222 1736 1270; baseline -0.005 -7"><span class='ocrx_word' id='word_1_145' title='bbox 277 1229 420 1264; x_wconf 85' lang='lat' dir='ltr'><strong>habere</strong></span> <span class='ocrx_word' id='word_1_146' title='bbox 445 1226 672 1270; x_wconf 86' lang='lat' dir='ltr'><strong>coepissent.</strong></span> <span class='ocrx_word' id='word_1_147' title='bbox 719 1222 778 1259; x_wconf 73' lang='lat' dir='ltr'><strong>Ita</strong></span> <span class='ocrx_word' id='word_1_148' title='bbox 802 1225 1054 1260; x_wconf 86' lang='lat' dir='ltr'><strong>Macedonum</strong></span> <span class='ocrx_word' id='word_1_149' title='bbox 1081 1229 1170 1258; x_wconf 86' lang='lat' dir='ltr'><strong>ante</strong></span> <span class='ocrx_word' id='word_1_150' title='bbox 1196 1224 1428 1270; x_wconf 79' lang='lat' dir='ltr'><strong>Philippum,</strong></span> <span class='ocrx_word' id='word_1_151' title='bbox 1462 1226 1665 1260; x_wconf 85' lang='lat' dir='ltr'><strong>Alexandri</strong></span> <span class='ocrx_word' id='word_1_152' title='bbox 1682 1225 1736 1257; x_wconf 86' lang='lat' dir='ltr'><strong>M.</strong></span> 
     </span>
     <span class='ocr_line' id='line_1_19' title="bbox 277 1282 1739 1333; baseline -0.003 -13"><span class='ocrx_word' id='word_1_153' title='bbox 277 1293 425 1333; x_wconf 84' lang='lat' dir='ltr'><strong>patrem</strong></span> <span class='ocrx_word' id='word_1_154' title='bbox 438 1309 448 1327; x_wconf 95' lang='lat'><strong>,</strong></span> <span class='ocrx_word' id='word_1_155' title='bbox 473 1285 536 1318; x_wconf 89' lang='lat' dir='ltr'><strong>vel</strong></span> <span class='ocrx_word' id='word_1_156' title='bbox 553 1284 658 1316; x_wconf 84' lang='lat' dir='ltr'><strong>nulla</strong></span> <span class='ocrx_word' id='word_1_157' title='bbox 674 1283 737 1317; x_wconf 86' lang='lat' dir='ltr'><strong>vel</strong></span> <span class='ocrx_word' id='word_1_158' title='bbox 753 1283 850 1316; x_wconf 85' lang='lat' dir='ltr'><strong>levis</strong></span> <span class='ocrx_word' id='word_1_159' title='bbox 869 1284 1008 1316; x_wconf 91' lang='lat' dir='ltr'><strong>mentio</strong></span> <span class='ocrx_word' id='word_1_160' title='bbox 1028 1282 1128 1316; x_wconf 82' lang='lat' dir='ltr'><strong>facta</strong></span> <span class='ocrx_word' id='word_1_161' title='bbox 1148 1286 1241 1318; x_wconf 87' lang='lat' dir='ltr'><strong>erat.</strong></span> <span class='ocrx_word' id='word_1_162' title='bbox 1291 1282 1370 1316; x_wconf 88' lang='lat' dir='ltr'><strong>Iam</strong></span> <span class='ocrx_word' id='word_1_163' title='bbox 1389 1288 1526 1325; x_wconf 86' lang='lat' dir='ltr'><strong>autem,</strong></span> <span class='ocrx_word' id='word_1_164' title='bbox 1551 1295 1633 1317; x_wconf 89' lang='lat' dir='ltr'><strong>cum</strong></span> <span class='ocrx_word' id='word_1_165' title='bbox 1653 1282 1739 1317; x_wconf 90' lang='lat' dir='ltr'><strong>Phi-</strong></span> 
     </span>
     <span class='ocr_line' id='line_1_20' title="bbox 274 1339 1738 1390; baseline -0.004 -11"><span class='ocrx_word' id='word_1_166' title='bbox 274 1345 368 1390; x_wconf 85' lang='lat' dir='ltr'><strong>lippi</strong></span> <span class='ocrx_word' id='word_1_167' title='bbox 386 1343 530 1386; x_wconf 86' lang='lat' dir='ltr'><strong>coeptis</strong></span> <span class='ocrx_word' id='word_1_168' title='bbox 549 1346 588 1376; x_wconf 93' lang='lat' dir='ltr'><strong>et</strong></span> <span class='ocrx_word' id='word_1_169' title='bbox 605 1341 759 1375; x_wconf 77' lang='lat' dir='ltr'><strong>fortiter</strong></span> <span class='ocrx_word' id='word_1_170' title='bbox 774 1340 906 1382; x_wconf 87' lang='lat' dir='ltr'><strong>factis,</strong></span> <span class='ocrx_word' id='word_1_171' title='bbox 941 1342 1139 1384; x_wconf 89' lang='lat' dir='ltr'><strong>imperium</strong></span> <span class='ocrx_word' id='word_1_172' title='bbox 1161 1339 1448 1373; x_wconf 87' lang='lat' dir='ltr'><strong>Macedonicum</strong></span> <span class='ocrx_word' id='word_1_173' title='bbox 1472 1342 1676 1382; x_wconf 88' lang='lat' dir='ltr'><strong>emineret,</strong></span> <span class='ocrx_word' id='word_1_174' title='bbox 1698 1343 1738 1373; x_wconf 86' lang='lat' dir='ltr'><strong>et</strong></span> 
     </span>
     <span class='ocr_line' id='line_1_21' title="bbox 275 1397 1738 1446; baseline -0.004 -9"><span class='ocrx_word' id='word_1_175' title='bbox 275 1403 316 1437; x_wconf 86' lang='lat' dir='ltr'><strong>in</strong></span> <span class='ocrx_word' id='word_1_176' title='bbox 342 1402 534 1446; x_wconf 88' lang='lat' dir='ltr'><strong>proximos</strong></span> <span class='ocrx_word' id='word_1_177' title='bbox 561 1399 719 1443; x_wconf 88' lang='lat' dir='ltr'><strong>populos</strong></span> <span class='ocrx_word' id='word_1_178' title='bbox 745 1398 820 1430; x_wconf 81' lang='lat' dir='ltr'><strong>vim</strong></span> <span class='ocrx_word' id='word_1_179' title='bbox 841 1402 1057 1439; x_wconf 86' lang='lat' dir='ltr'><strong>exsereret,</strong></span> <span class='ocrx_word' id='word_1_180' title='bbox 1090 1397 1316 1430; x_wconf 87' lang='lat' dir='ltr'><strong>Macedonia</strong></span> <span class='ocrx_word' id='word_1_181' title='bbox 1339 1398 1352 1416; x_wconf 80' lang='lat'><strong>¹</strong></span> <span class='ocrx_word' id='word_1_182' title='bbox 1379 1398 1502 1431; x_wconf 86' lang='lat' dir='ltr'><strong>locum</strong></span> <span class='ocrx_word' id='word_1_183' title='bbox 1521 1399 1558 1431; x_wconf 88' lang='lat' dir='ltr'><strong>in</strong></span> <span class='ocrx_word' id='word_1_184' title='bbox 1579 1408 1738 1442; x_wconf 88' lang='lat' dir='ltr'><strong>corpore</strong></span> 
     </span>
     <span class='ocr_line' id='line_1_22' title="bbox 273 1454 1740 1495; baseline -0.003 -1"><span class='ocrx_word' id='word_1_185' title='bbox 273 1459 458 1494; x_wconf 87' lang='lat' dir='ltr'><strong>historiae</strong></span> <span class='ocrx_word' id='word_1_186' title='bbox 481 1455 689 1489; x_wconf 87' lang='lat' dir='ltr'><strong>catholicae</strong></span> <span class='ocrx_word' id='word_1_187' title='bbox 708 1454 880 1490; x_wconf 89' lang='lat' dir='ltr'><strong>obtinuit.</strong></span> <span class='ocrx_word' id='word_1_188' title='bbox 939 1454 1097 1495; x_wconf 76' lang='lat' dir='ltr'><strong>Quando</strong></span> <span class='ocrx_word' id='word_1_189' title='bbox 1114 1464 1204 1487; x_wconf 88' lang='lat' dir='ltr'><strong>vero</strong></span> <span class='ocrx_word' id='word_1_190' title='bbox 1225 1464 1350 1487; x_wconf 86' lang='lat' dir='ltr'><strong>rerum</strong></span> <span class='ocrx_word' id='word_1_191' title='bbox 1372 1456 1620 1489; x_wconf 88' lang='lat' dir='ltr'><strong>communiter</strong></span> <span class='ocrx_word' id='word_1_192' title='bbox 1639 1457 1740 1489; x_wconf 87' lang='lat' dir='ltr'><strong>inter</strong></span> 
     </span>
     <span class='ocr_line' id='line_1_23' title="bbox 275 1511 1740 1562; baseline -0.003 -12"><span class='ocrx_word' id='word_1_193' title='bbox 275 1517 407 1562; x_wconf 84' lang='lat' dir='ltr'><strong>plures</strong></span> <span class='ocrx_word' id='word_1_194' title='bbox 435 1514 610 1547; x_wconf 78' lang='lat' dir='ltr'><strong>civitates</strong></span> <span class='ocrx_word' id='word_1_195' title='bbox 632 1516 825 1557; x_wconf 86' lang='lat' dir='ltr'><strong>gestarum</strong></span> <span class='ocrx_word' id='word_1_196' title='bbox 851 1511 984 1546; x_wconf 89' lang='lat' dir='ltr'><strong>eodem</strong></span> <span class='ocrx_word' id='word_1_197' title='bbox 1011 1516 1183 1556; x_wconf 87' lang='lat' dir='ltr'><strong>tempore</strong></span> <span class='ocrx_word' id='word_1_198' title='bbox 1209 1512 1348 1556; x_wconf 88' lang='lat' dir='ltr'><strong>stirpes</strong></span> <span class='ocrx_word' id='word_1_199' title='bbox 1370 1512 1497 1556; x_wconf 87' lang='lat' dir='ltr'><strong>plures</strong></span> <span class='ocrx_word' id='word_1_200' title='bbox 1531 1523 1617 1547; x_wconf 89' lang='lat' dir='ltr'><strong>esse</strong></span> <span class='ocrx_word' id='word_1_201' title='bbox 1652 1522 1740 1556; x_wconf 88' lang='lat' dir='ltr'><strong>pos-</strong></span> 
     </span>
     <span class='ocr_line' id='line_1_24' title="bbox 277 1568 1737 1616; baseline -0.003 -8"><span class='ocrx_word' id='word_1_202' title='bbox 277 1578 387 1615; x_wconf 86' lang='lat' dir='ltr'><strong>sunt3</strong></span> <span class='ocrx_word' id='word_1_203' title='bbox 426 1573 552 1616; x_wconf 84' lang='lat' dir='ltr'><strong>ipsae,</strong></span> <span class='ocrx_word' id='word_1_204' title='bbox 584 1570 788 1604; x_wconf 85' lang='lat' dir='ltr'><strong>nonnullae</strong></span> <span class='ocrx_word' id='word_1_205' title='bbox 806 1574 931 1611; x_wconf 88' lang='lat' dir='ltr'><strong>certe,</strong></span> <span class='ocrx_word' id='word_1_206' title='bbox 963 1569 1066 1603; x_wconf 90' lang='lat' dir='ltr'><strong>nullo</strong></span> <span class='ocrx_word' id='word_1_207' title='bbox 1087 1579 1187 1602; x_wconf 86' lang='lat' dir='ltr'><strong>nexu</strong></span> <span class='ocrx_word' id='word_1_208' title='bbox 1206 1568 1268 1602; x_wconf 81' lang='lat' dir='ltr'><strong>vel</strong></span> <span class='ocrx_word' id='word_1_209' title='bbox 1283 1568 1440 1603; x_wconf 87' lang='lat' dir='ltr'><strong>foedere</strong></span> <span class='ocrx_word' id='word_1_210' title='bbox 1467 1570 1552 1603; x_wconf 85' lang='lat' dir='ltr'><strong>aliis</strong></span> <span class='ocrx_word' id='word_1_211' title='bbox 1568 1572 1737 1604; x_wconf 85' lang='lat' dir='ltr'><strong>iunctae:</strong></span> 
     </span>
     <span class='ocr_line' id='line_1_25' title="bbox 276 1626 1738 1672; baseline -0.003 -7"><span class='ocrx_word' id='word_1_212' title='bbox 276 1630 471 1665; x_wconf 83' lang='lat' dir='ltr'><strong>Diodorus</strong></span> <span class='ocrx_word' id='word_1_213' title='bbox 488 1631 666 1671; x_wconf 87' lang='lat' dir='ltr'><strong>separata</strong></span> <span class='ocrx_word' id='word_1_214' title='bbox 683 1631 856 1671; x_wconf 85' lang='lat' dir='ltr'><strong>separat,</strong></span> <span class='ocrx_word' id='word_1_215' title='bbox 883 1637 1022 1672; x_wconf 79' lang='lat' dir='ltr'><strong>greges</strong></span> <span class='ocrx_word' id='word_1_216' title='bbox 1040 1627 1146 1671; x_wconf 81' lang='lat' dir='ltr'><strong>quasi</strong></span> <span class='ocrx_word' id='word_1_217' title='bbox 1165 1626 1291 1670; x_wconf 87' lang='lat' dir='ltr'><strong>plures</strong></span> <span class='ocrx_word' id='word_1_218' title='bbox 1311 1627 1422 1669; x_wconf 85' lang='lat' dir='ltr'><strong>facit,</strong></span> <span class='ocrx_word' id='word_1_219' title='bbox 1455 1638 1656 1672; x_wconf 85' lang='lat' dir='ltr'><strong>rerumque</strong></span> <span class='ocrx_word' id='word_1_220' title='bbox 1674 1637 1738 1671; x_wconf 85' lang='lat' dir='ltr'><strong>ge-</strong></span> 
     </span>
     <span class='ocr_line' id='line_1_26' title="bbox 276 1683 1736 1730; baseline -0.003 -9"><span class='ocrx_word' id='word_1_221' title='bbox 276 1693 419 1722; x_wconf 80' lang='lat' dir='ltr'><strong>starum</strong></span> <span class='ocrx_word' id='word_1_222' title='bbox 443 1690 653 1730; x_wconf 80' lang='lat' dir='ltr'><strong>systemata</strong></span> <span class='ocrx_word' id='word_1_223' title='bbox 669 1685 777 1728; x_wconf 92' lang='lat' dir='ltr'><strong>plura</strong></span> <span class='ocrx_word' id='word_1_224' title='bbox 793 1686 977 1728; x_wconf 85' lang='lat' dir='ltr'><strong>seiungit,</strong></span> <span class='ocrx_word' id='word_1_225' title='bbox 1002 1683 1292 1728; x_wconf 83' lang='lat' dir='ltr'><strong>unumquodque</strong></span> <span class='ocrx_word' id='word_1_226' title='bbox 1309 1689 1436 1717; x_wconf 86' lang='lat' dir='ltr'><strong>autem</strong></span> <span class='ocrx_word' id='word_1_227' title='bbox 1452 1685 1611 1729; x_wconf 84' lang='lat' dir='ltr'><strong>singulis</strong></span> <span class='ocrx_word' id='word_1_228' title='bbox 1627 1686 1736 1717; x_wconf 84' lang='lat' dir='ltr'><strong>annis</strong></span> 
     </span>
     <span class='ocr_line' id='line_1_27' title="bbox 275 1730 1738 1786; baseline -0.003 -9"><span class='ocrx_word' id='word_1_229' title='bbox 275 1743 466 1777; x_wconf 74' lang='lat' dir='ltr'><strong>narrando</strong></span> <span class='ocrx_word' id='word_1_230' title='bbox 493 1743 746 1786; x_wconf 84' lang='lat' dir='ltr'><strong>persequitur.</strong></span> <span class='ocrx_word' id='word_1_231' title='bbox 791 1742 985 1775; x_wconf 85' lang='lat' dir='ltr'><strong>Eiusmodi</strong></span> <span class='ocrx_word' id='word_1_232' title='bbox 1010 1752 1133 1774; x_wconf 87' lang='lat' dir='ltr'><strong>rerum</strong></span> <span class='ocrx_word' id='word_1_233' title='bbox 1152 1750 1345 1784; x_wconf 79' lang='lat' dir='ltr'><strong>gestarum</strong></span> <span class='ocrx_word' id='word_1_234' title='bbox 1362 1730 1573 1785; x_wconf 79' lang='lat' dir='ltr'><strong>systemata</strong></span> <span class='ocrx_word' id='word_1_235' title='bbox 1598 1741 1738 1774; x_wconf 84' lang='lat' dir='ltr'><strong>disiun-</strong></span> 
     </span>
     <span class='ocr_line' id='line_1_28' title="bbox 277 1798 1737 1844; baseline -0.003 -9"><span class='ocrx_word' id='word_1_236' title='bbox 277 1807 338 1835; x_wconf 84' lang='lat' dir='ltr'><strong>cta</strong></span> <span class='ocrx_word' id='word_1_237' title='bbox 353 1812 397 1834; x_wconf 85' lang='lat' dir='ltr'><strong>ac</strong></span> <span class='ocrx_word' id='word_1_238' title='bbox 418 1801 588 1840; x_wconf 84' lang='lat' dir='ltr'><strong>diversa,</strong></span> <span class='ocrx_word' id='word_1_239' title='bbox 611 1800 813 1844; x_wconf 66' lang='grc' dir='ltr'><strong>ἑτερογενεῖς</strong></span> <span class='ocrx_word' id='word_1_240' title='bbox 833 1799 847 1818; x_wconf 83' lang='lat'><em>²</em></span> <span class='ocrx_word' id='word_1_241' title='bbox 876 1798 1010 1844; x_wconf 60' lang='grc' dir='ltr'><em>πράξας</em></span> <span class='ocrx_word' id='word_1_242' title='bbox 1028 1799 1207 1842; x_wconf 80' lang='lat' dir='ltr'><strong>appellat.</strong></span> <span class='ocrx_word' id='word_1_243' title='bbox 1257 1798 1414 1843; x_wconf 81' lang='lat' dir='ltr'><strong>Singula</strong></span> <span class='ocrx_word' id='word_1_244' title='bbox 1434 1803 1578 1839; x_wconf 80' lang='lat' dir='ltr'><strong>autem,</strong></span> <span class='ocrx_word' id='word_1_245' title='bbox 1604 1799 1737 1841; x_wconf 74' lang='lat' dir='ltr'><strong>quovis</strong></span> 
     </span>
     <span class='ocr_line' id='line_1_29' title="bbox 275 1856 1736 1902; baseline -0.001 -11"><span class='ocrx_word' id='word_1_246' title='bbox 275 1869 397 1899; x_wconf 85' lang='lat' dir='ltr'><strong>anno,</strong></span> <span class='ocrx_word' id='word_1_247' title='bbox 422 1856 599 1902; x_wconf 84' lang='lat' dir='ltr'><strong>quamdiu</strong></span> <span class='ocrx_word' id='word_1_248' title='bbox 616 1857 876 1898; x_wconf 84' lang='lat' dir='ltr'><strong>constiterint,</strong></span> <span class='ocrx_word' id='word_1_249' title='bbox 911 1867 979 1900; x_wconf 84' lang='lat' dir='ltr'><strong>per</strong></span> <span class='ocrx_word' id='word_1_250' title='bbox 996 1857 1124 1889; x_wconf 88' lang='lat' dir='ltr'><strong>orbem</strong></span> <span class='ocrx_word' id='word_1_251' title='bbox 1145 1857 1242 1899; x_wconf 88' lang='lat' dir='ltr'><strong>obit,</strong></span> <span class='ocrx_word' id='word_1_252' title='bbox 1277 1856 1590 1901; x_wconf 85' lang='lat' dir='ltr'><strong>quemadmodum</strong></span> <span class='ocrx_word' id='word_1_253' title='bbox 1622 1856 1736 1889; x_wconf 88' lang='lat' dir='ltr'><strong>etiam</strong></span> 
     </span>
     <span class='ocr_line' id='line_1_30' title="bbox 272 1914 1738 1961; baseline -0.001 -12"><span class='ocrx_word' id='word_1_254' title='bbox 272 1917 312 1950; x_wconf 86' lang='lat' dir='ltr'><strong>in</strong></span> <span class='ocrx_word' id='word_1_255' title='bbox 338 1915 509 1961; x_wconf 84' lang='lat' dir='ltr'><strong>quolibet</strong></span> <span class='ocrx_word' id='word_1_256' title='bbox 535 1924 662 1947; x_wconf 86' lang='lat' dir='ltr'><strong>rerum</strong></span> <span class='ocrx_word' id='word_1_257' title='bbox 686 1918 880 1957; x_wconf 83' lang='lat' dir='ltr'><strong>gestarum</strong></span> <span class='ocrx_word' id='word_1_258' title='bbox 907 1924 1072 1958; x_wconf 83' lang='lat' dir='ltr'><strong>genere,</strong></span> <span class='ocrx_word' id='word_1_259' title='bbox 1122 1915 1154 1947; x_wconf 89' lang='lat' dir='ltr'><strong>si</strong></span> <span class='ocrx_word' id='word_1_260' title='bbox 1189 1925 1252 1948; x_wconf 89' lang='lat' dir='ltr'><strong>res</strong></span> <span class='ocrx_word' id='word_1_261' title='bbox 1283 1914 1444 1947; x_wconf 80' lang='lat' dir='ltr'><strong>diversis</strong></span> <span class='ocrx_word' id='word_1_262' title='bbox 1471 1914 1565 1947; x_wconf 88' lang='lat' dir='ltr'><strong>locis</strong></span> <span class='ocrx_word' id='word_1_263' title='bbox 1596 1914 1738 1948; x_wconf 79' lang='lat' dir='ltr'><strong>fuerint</strong></span> 
     </span>
     <span class='ocr_line' id='line_1_31' title="bbox 275 1959 1743 2017; baseline 0 -10"><span class='ocrx_word' id='word_1_264' title='bbox 275 1978 406 2015; x_wconf 83' lang='lat' dir='ltr'><strong>actae,</strong></span> <span class='ocrx_word' id='word_1_265' title='bbox 449 1972 562 2017; x_wconf 86' lang='lat' dir='ltr'><strong>plane</strong></span> <span class='ocrx_word' id='word_1_266' title='bbox 586 1970 637 2005; x_wconf 87' lang='lat' dir='ltr'><strong>ad</strong></span> <span class='ocrx_word' id='word_1_267' title='bbox 659 1971 873 2015; x_wconf 79' lang='lat' dir='ltr'><strong>exemplum</strong></span> <span class='ocrx_word' id='word_1_268' title='bbox 895 1973 910 1992; x_wconf 78' lang='lat'>³</span> <span class='ocrx_word' id='word_1_269' title='bbox 946 1970 1066 2014; x_wconf 87' lang='lat' dir='ltr'><strong>Livii,</strong></span> <span class='ocrx_word' id='word_1_270' title='bbox 1111 1972 1263 2017; x_wconf 86' lang='lat' dir='ltr'><strong>singula</strong></span> <span class='ocrx_word' id='word_1_271' title='bbox 1291 1959 1377 2006; x_wconf 77' lang='lat' dir='ltr'><strong>loca</strong></span> <span class='ocrx_word' id='word_1_272' title='bbox 1404 1971 1536 2006; x_wconf 86' lang='lat' dir='ltr'><strong>ordine</strong></span> <span class='ocrx_word' id='word_1_273' title='bbox 1560 1971 1655 2015; x_wconf 87' lang='lat' dir='ltr'><strong>adit,</strong></span> <span class='ocrx_word' id='word_1_274' title='bbox 1698 1975 1743 2008; x_wconf 83' lang='lat' dir='ltr'><strong>et.</strong></span> 
     </span>
    </p>
   </div>
   <div class='ocr_carea' id='block_1_3' title="bbox 277 2081 559 2094">
    <p class='ocr_par' dir='ltr' id='par_1_3' title="bbox 277 2081 559 2094">
     <span class='ocr_line' id='line_1_32' title="bbox 277 2081 559 2094; baseline 0 1232"><span class='ocrx_word' id='word_1_275' title='bbox 277 2081 559 2094; x_wconf 95' lang='lat' dir='ltr'><strong> </strong></span> 
     </span>
    </p>
   </div>
   <div class='ocr_carea' id='block_1_4' title="bbox 273 2148 1736 2243">
    <p class='ocr_par' dir='ltr' id='par_1_4' title="bbox 273 2148 1736 2243">
     <span class='ocr_line' id='line_1_33' title="bbox 367 2148 1736 2206; baseline -0.002 -20"><span class='ocrx_word' id='word_1_276' title='bbox 367 2155 388 2190; x_wconf 92' lang='lat'>1</span> <span class='ocrx_word' id='word_1_277' title='bbox 426 2150 540 2190; x_wconf 87' lang='grc' dir='ltr'><em>Οὖτσς</em></span> <span class='ocrx_word' id='word_1_278' title='bbox 554 2150 634 2206; x_wconf 72' lang='grc' dir='ltr'><strong>γὰρ</strong></span> <span class='ocrx_word' id='word_1_279' title='bbox 659 2169 706 2177; x_wconf 93' lang='lat'><strong>·-</strong></span> <span class='ocrx_word' id='word_1_280' title='bbox 726 2151 922 2192; x_wconf 68' lang='grc' dir='ltr'>ἐλαχίσταις</span> <span class='ocrx_word' id='word_1_281' title='bbox 948 2150 985 2183; x_wconf 76' lang='grc' dir='ltr'><strong>δὲ</strong></span> <span class='ocrx_word' id='word_1_282' title='bbox 1012 2148 1190 2195; x_wconf 79' lang='grc' dir='ltr'><em>αφορμαῖς</em></span> <span class='ocrx_word' id='word_1_283' title='bbox 1205 2149 1441 2195; x_wconf 75' lang='grc' dir='ltr'><em>χρησάμενος,</em></span> <span class='ocrx_word' id='word_1_284' title='bbox 1478 2149 1640 2195; x_wconf 72' lang='grc' dir='ltr'><strong>μεγίστνν</strong></span> <span class='ocrx_word' id='word_1_285' title='bbox 1667 2149 1736 2183; x_wconf 79' lang='grc' dir='ltr'><strong>τῶν</strong></span> 
     </span>
     <span class='ocr_line' id='line_1_34' title="bbox 273 2197 1734 2243; baseline -0.003 -9"><span class='ocrx_word' id='word_1_286' title='bbox 273 2198 363 2234; x_wconf 75' lang='grc' dir='ltr'><strong><em>κατὰ</em></strong></span> <span class='ocrx_word' id='word_1_287' title='bbox 381 2199 421 2239; x_wconf 68' lang='grc' dir='ltr'><strong><em>τί</em></strong></span> <span class='ocrx_word' id='word_1_288' title='bbox 426 2212 441 2232; x_wconf 90' lang='grc' dir='ltr'><em>ν</em></span> <span class='ocrx_word' id='word_1_289' title='bbox 457 2198 511 2232; x_wconf 70' lang='grc' dir='ltr'><strong>Εὖ</strong></span> <span class='ocrx_word' id='word_1_290' title='bbox 506 2197 632 2243; x_wconf 78' lang='grc' dir='ltr'><em>ρώπην</em></span> <span class='ocrx_word' id='word_1_291' title='bbox 648 2197 853 2229; x_wconf 66' lang='grc' dir='ltr'><strong>δυναστειῶν</strong></span> <span class='ocrx_word' id='word_1_292' title='bbox 866 2208 1088 2229; x_wconf 62' lang='lat' dir='ltr'><strong>mammeae-s</strong></span> <span class='ocrx_word' id='word_1_293' title='bbox 1105 2209 1166 2238; x_wconf 69' lang='grc' dir='ltr'><strong>την</strong></span> <span class='ocrx_word' id='word_1_294' title='bbox 1181 2198 1272 2229; x_wconf 61' lang='lat' dir='ltr'><strong>donau</strong></span> <span class='ocrx_word' id='word_1_295' title='bbox 1286 2197 1473 2239; x_wconf 37' lang='grc' dir='ltr'>βασᾝιλειαν</span> <span class='ocrx_word' id='word_1_296' title='bbox 1497 2199 1538 2230; x_wconf 88' lang='lat' dir='ltr'><strong>L.</strong></span> <span class='ocrx_word' id='word_1_297' title='bbox 1550 2198 1608 2229; x_wconf 62' lang='lat' dir='ltr'><strong>&gt;ss</strong></span> <span class='ocrx_word' id='word_1_298' title='bbox 1614 2199 1640 2231; x_wconf 87' lang='lat' dir='ltr'>L</span> <span class='ocrx_word' id='word_1_299' title='bbox 1659 2210 1688 2230; x_wconf 92' lang='lat' dir='ltr'><strong>c.</strong></span> <span class='ocrx_word' id='word_1_300' title='bbox 1703 2199 1734 2232; x_wconf 86' lang='lat'><strong>1.</strong></span> 
     </span>
    </p>
   </div>
   <div class='ocr_carea' id='block_1_5' title="bbox 270 2253 1735 2622">
    <p class='ocr_par' dir='ltr' id='par_1_5' title="bbox 270 2253 1735 2622">
     <span class='ocr_line' id='line_1_35' title="bbox 363 2253 1735 2297; baseline -0.002 -8"><span class='ocrx_word' id='word_1_301' title='bbox 363 2260 387 2292; x_wconf 76' lang='grc'><strong>2</strong></span> <span class='ocrx_word' id='word_1_302' title='bbox 412 2256 544 2289; x_wconf 83' lang='lat' dir='ltr'><strong>Sufficit</strong></span> <span class='ocrx_word' id='word_1_303' title='bbox 568 2267 638 2287; x_wconf 85' lang='lat' dir='ltr'><strong>uno</strong></span> <span class='ocrx_word' id='word_1_304' title='bbox 657 2256 818 2296; x_wconf 79' lang='lat' dir='ltr'><strong>exemplo</strong></span> <span class='ocrx_word' id='word_1_305' title='bbox 834 2266 910 2285; x_wconf 78' lang='lat' dir='ltr'><strong>lem</strong></span> <span class='ocrx_word' id='word_1_306' title='bbox 927 2254 1110 2288; x_wconf 83' lang='lat' dir='ltr'><strong>illustrare.</strong></span> <span class='ocrx_word' id='word_1_307' title='bbox 1144 2254 1223 2285; x_wconf 80' lang='lat' dir='ltr'><strong>Lib.</strong></span> <span class='ocrx_word' id='word_1_308' title='bbox 1238 2253 1329 2287; x_wconf 78' lang='lat' dir='ltr'>XVI.</span> <span class='ocrx_word' id='word_1_309' title='bbox 1348 2265 1383 2284; x_wconf 88' lang='lat' dir='ltr'><strong>se</strong></span> <span class='ocrx_word' id='word_1_310' title='bbox 1399 2255 1643 2297; x_wconf 79' lang='lat' dir='ltr'><strong>excipiuntres</strong></span> <span class='ocrx_word' id='word_1_311' title='bbox 1659 2255 1735 2286; x_wconf 84' lang='lat' dir='ltr'><strong>Ma-</strong></span> 
     </span>
     <span class='ocr_line' id='line_1_36' title="bbox 274 2299 1735 2343; baseline -0.003 -8"><span class='ocrx_word' id='word_1_312' title='bbox 274 2303 482 2343; x_wconf 80' lang='lat' dir='ltr'><strong>eedouicae,</strong></span> <span class='ocrx_word' id='word_1_313' title='bbox 508 2303 668 2341; x_wconf 80' lang='lat' dir='ltr'><strong>Siculae,</strong></span> <span class='ocrx_word' id='word_1_314' title='bbox 694 2300 865 2339; x_wconf 84' lang='lat' dir='ltr'><strong>Graecae,</strong></span> <span class='ocrx_word' id='word_1_315' title='bbox 891 2299 1138 2334; x_wconf 77' lang='lat' dir='ltr'><strong>1&gt;e1sicae,A</strong></span> <span class='ocrx_word' id='word_1_316' title='bbox 1164 2300 1267 2330; x_wconf 68' lang='lat' dir='ltr'><strong>iebus</strong></span> <span class='ocrx_word' id='word_1_317' title='bbox 1290 2300 1527 2331; x_wconf 79' lang='lat' dir='ltr'><strong>Macedonicis</strong></span> <span class='ocrx_word' id='word_1_318' title='bbox 1551 2301 1735 2331; x_wconf 80' lang='lat' dir='ltr'><strong>transitum</strong></span> 
     </span>
     <span class='ocr_line' id='line_1_37' title="bbox 272 2340 1733 2401; baseline -0.003 -21"><span class='ocrx_word' id='word_1_319' title='bbox 272 2360 417 2401; x_wconf 79' lang='lat' dir='ltr'><strong>paians</strong></span> <span class='ocrx_word' id='word_1_320' title='bbox 415 2349 530 2380; x_wconf 80' lang='lat' dir='ltr'><strong>adres</strong></span> <span class='ocrx_word' id='word_1_321' title='bbox 548 2347 704 2385; x_wconf 83' lang='lat' dir='ltr'><strong>Siculas,</strong></span> <span class='ocrx_word' id='word_1_322' title='bbox 732 2357 813 2397; x_wconf 85' lang='lat' dir='ltr'><strong>cap.</strong></span> <span class='ocrx_word' id='word_1_323' title='bbox 830 2346 861 2379; x_wconf 88' lang='lat'><strong>5.</strong></span> <span class='ocrx_word' id='word_1_324' title='bbox 886 2346 996 2397; x_wconf 85' lang='lat' dir='ltr'><strong>princ.</strong></span> <span class='ocrx_word' id='word_1_325' title='bbox 1015 2346 1077 2376; x_wconf 82' lang='lat' dir='ltr'><strong>hae</strong></span> <span class='ocrx_word' id='word_1_326' title='bbox 1091 2355 1173 2376; x_wconf 87' lang='lat' dir='ltr'><strong>usus</strong></span> <span class='ocrx_word' id='word_1_327' title='bbox 1194 2354 1244 2377; x_wconf 85' lang='lat' dir='ltr'><strong>est</strong></span> <span class='ocrx_word' id='word_1_328' title='bbox 1260 2346 1430 2380; x_wconf 77' lang='lat' dir='ltr'><strong>f01·:mula</strong></span> <span class='ocrx_word' id='word_1_329' title='bbox 1459 2344 1580 2399; x_wconf 53' lang='grc' dir='ltr'><strong>(ΙΙμεῖς</strong></span> <span class='ocrx_word' id='word_1_330' title='bbox 1606 2340 1637 2377; x_wconf 81' lang='grc' dir='ltr'><strong>ὸ“</strong></span> <span class='ocrx_word' id='word_1_331' title='bbox 1663 2345 1733 2377; x_wconf 64' lang='grc' dir='ltr'><strong>ἐπεὶ</strong></span> 
     </span>
     <span class='ocr_line' id='line_1_38' title="bbox 272 2386 1735 2438; baseline -0.003 -12"><span class='ocrx_word' id='word_1_332' title='bbox 272 2393 318 2426; x_wconf 79' lang='grc' dir='ltr'><strong>’τὰ</strong></span> <span class='ocrx_word' id='word_1_333' title='bbox 335 2391 421 2427; x_wconf 67' lang='grc' dir='ltr'><strong><em>κατὰ</em></strong></span> <span class='ocrx_word' id='word_1_334' title='bbox 433 2394 501 2438; x_wconf 76' lang='grc' dir='ltr'><strong>τὴν</strong></span> <span class='ocrx_word' id='word_1_335' title='bbox 519 2387 763 2432; x_wconf 72' lang='grc' dir='ltr'><em>,ΠΙακεὸονικὴν</em></span> <span class='ocrx_word' id='word_1_336' title='bbox 779 2391 837 2422; x_wconf 78' lang='grc' dir='ltr'><strong>καὶ</strong></span> <span class='ocrx_word' id='word_1_337' title='bbox 852 2389 914 2432; x_wconf 73' lang='grc' dir='ltr'><strong>τὴν</strong></span> <span class='ocrx_word' id='word_1_338' title='bbox 928 2386 1099 2435; x_wconf 47' lang='lat' dir='ltr'><strong>&#39;lunanum</strong></span> <span class='ocrx_word' id='word_1_339' title='bbox 1115 2389 1188 2432; x_wconf 71' lang='grc' dir='ltr'>διη)</span> <span class='ocrx_word' id='word_1_340' title='bbox 1195 2394 1326 2433; x_wconf 71' lang='grc' dir='ltr'>θοιιεν,</span> <span class='ocrx_word' id='word_1_341' title='bbox 1355 2389 1633 2435; x_wconf 68' lang='grc' dir='ltr'><strong>μεταβησόμεθα</strong></span> <span class='ocrx_word' id='word_1_342' title='bbox 1649 2402 1735 2435; x_wconf 76' lang='grc' dir='ltr'><em>πωυς</em></span> 
     </span>
     <span class='ocr_line' id='line_1_39' title="bbox 272 2435 1733 2488; baseline -0.003 -16"><span class='ocrx_word' id='word_1_343' title='bbox 272 2442 338 2478; x_wconf 81' lang='grc' dir='ltr'><strong>τὰς</strong></span> <span class='ocrx_word' id='word_1_344' title='bbox 362 2442 634 2482; x_wconf 70' lang='grc' dir='ltr'><strong>ἑτερογενεῖς</strong></span> <span class='ocrx_word' id='word_1_345' title='bbox 659 2438 765 2482; x_wconf 56' lang='lat' dir='ltr'><strong>noui:</strong></span> <span class='ocrx_word' id='word_1_346' title='bbox 777 2447 850 2471; x_wconf 72' lang='grc' dir='ltr'>εις.</span> <span class='ocrx_word' id='word_1_347' title='bbox 872 2435 1040 2481; x_wconf 47' lang='lat' dir='ltr'><strong>’antipae</strong></span> <span class='ocrx_word' id='word_1_348' title='bbox 1056 2436 1286 2477; x_wconf 55' lang='grc' dir='ltr'>τ·ι]ν,-.,ἰκελιιιν</span> <span class='ocrx_word' id='word_1_349' title='bbox 1302 2435 1536 2488; x_wconf 40' lang='grc' dir='ltr'>Διοινύσιοςκ.</span> <span class='ocrx_word' id='word_1_350' title='bbox 1555 2450 1588 2469; x_wconf 89' lang='grc' dir='ltr'><strong>τ</strong></span> <span class='ocrx_word' id='word_1_351' title='bbox 1608 2438 1639 2469; x_wconf 80' lang='grc' dir='ltr'><strong>λ.</strong></span> <span class='ocrx_word' id='word_1_352' title='bbox 1675 2438 1733 2467; x_wconf 70' lang='lat' dir='ltr'><strong>Si-</strong></span> 
     </span>
     <span class='ocr_line' id='line_1_40' title="bbox 273 2479 1735 2540; baseline -0.003 -22"><span class='ocrx_word' id='word_1_353' title='bbox 273 2489 360 2518; x_wconf 72' lang='lat' dir='ltr'><strong>mile</strong></span> <span class='ocrx_word' id='word_1_354' title='bbox 386 2487 586 2540; x_wconf 79' lang='lat' dir='ltr'><strong>exemplum</strong></span> <span class='ocrx_word' id='word_1_355' title='bbox 614 2492 664 2515; x_wconf 86' lang='lat' dir='ltr'><strong>est</strong></span> <span class='ocrx_word' id='word_1_356' title='bbox 697 2483 759 2516; x_wconf 87' lang='lat' dir='ltr'><strong>lib</strong></span> <span class='ocrx_word' id='word_1_357' title='bbox 781 2482 842 2521; x_wconf 79' lang='lat' dir='ltr'><strong>XI,</strong></span> <span class='ocrx_word' id='word_1_358' title='bbox 869 2494 941 2524; x_wconf 83' lang='lat' dir='ltr'><strong>cap.</strong></span> <span class='ocrx_word' id='word_1_359' title='bbox 961 2486 1021 2515; x_wconf 67' lang='lat'><strong>20:</strong></span> <span class='ocrx_word' id='word_1_360' title='bbox 1052 2479 1172 2525; x_wconf 70' lang='grc' dir='ltr'>ΙῙιιεῖς</span> <span class='ocrx_word' id='word_1_361' title='bbox 1197 2484 1234 2514; x_wconf 73' lang='grc' dir='ltr'><strong>ὑὲ</strong></span> <span class='ocrx_word' id='word_1_362' title='bbox 1264 2481 1460 2525; x_wconf 77' lang='grc' dir='ltr'><em>ἀρκούντως</em></span> <span class='ocrx_word' id='word_1_363' title='bbox 1485 2480 1735 2523; x_wconf 49' lang='lat' dir='ltr'><strong>diffinite-‹3159-</strong></span> 
     </span>
     <span class='ocr_line' id='line_1_41' title="bbox 271 2527 1734 2576; baseline -0.003 -12"><span class='ocrx_word' id='word_1_364' title='bbox 271 2532 430 2576; x_wconf 74' lang='grc' dir='ltr'><em>περὶτῶν</em></span> <span class='ocrx_word' id='word_1_365' title='bbox 448 2528 536 2563; x_wconf 60' lang='lat' dir='ltr'><strong>mat&amp;</strong></span> <span class='ocrx_word' id='word_1_366' title='bbox 555 2543 617 2572; x_wconf 79' lang='grc' dir='ltr'><strong>την</strong></span> <span class='ocrx_word' id='word_1_367' title='bbox 633 2527 804 2573; x_wconf 71' lang='grc' dir='ltr'><strong>,Εὑρώπιν</strong></span> <span class='ocrx_word' id='word_1_368' title='bbox 830 2529 1077 2570; x_wconf 76' lang='grc' dir='ltr'>ποαχθειιων,</span> <span class='ocrx_word' id='word_1_369' title='bbox 1114 2527 1390 2573; x_wconf 67' lang='grc' dir='ltr'>μεταβιράοομεν</span> <span class='ocrx_word' id='word_1_370' title='bbox 1414 2527 1476 2571; x_wconf 67' lang='grc' dir='ltr'><strong>τὴν</strong></span> <span class='ocrx_word' id='word_1_371' title='bbox 1499 2529 1653 2571; x_wconf 62' lang='grc' dir='ltr'>ὸιηγῃοίν</span> <span class='ocrx_word' id='word_1_372' title='bbox 1679 2529 1734 2560; x_wconf 72' lang='grc' dir='ltr'><strong>ἐπι</strong></span> 
     </span>
     <span class='ocr_line' id='line_1_42' title="bbox 270 2573 1273 2622; baseline -0.007 -12"><span class='ocrx_word' id='word_1_373' title='bbox 270 2578 336 2616; x_wconf 78' lang='grc' dir='ltr'>ἰὰς</span> <span class='ocrx_word' id='word_1_374' title='bbox 352 2579 520 2622; x_wconf 53' lang='lat' dir='ltr'><strong>ingny-we</strong></span> <span class='ocrx_word' id='word_1_375' title='bbox 508 2580 579 2613; x_wconf 84' lang='grc' dir='ltr'><strong>ῖς</strong></span> <span class='ocrx_word' id='word_1_376' title='bbox 571 2574 717 2619; x_wconf 74' lang='grc' dir='ltr'>πράξεις.</span> <span class='ocrx_word' id='word_1_377' title='bbox 742 2593 788 2598; x_wconf 92' lang='lat'><strong>——-</strong></span> <span class='ocrx_word' id='word_1_378' title='bbox 820 2575 916 2609; x_wconf 71' lang='lat' dir='ltr'><strong>Adu</strong></span> <span class='ocrx_word' id='word_1_379' title='bbox 935 2574 998 2605; x_wconf 84' lang='lat' dir='ltr'><strong>lib.</strong></span> <span class='ocrx_word' id='word_1_380' title='bbox 1009 2573 1098 2605; x_wconf 69' lang='lat' dir='ltr'><strong>XVL</strong></span> <span class='ocrx_word' id='word_1_381' title='bbox 1123 2586 1199 2616; x_wconf 83' lang='lat' dir='ltr'><strong>cap</strong></span> <span class='ocrx_word' id='word_1_382' title='bbox 1217 2577 1273 2610; x_wconf 75' lang='lat'><strong>64.</strong></span> 
     </span>
    </p>
   </div>
   <div class='ocr_carea' id='block_1_6' title="bbox 271 2629 1770 2815">
    <p class='ocr_par' dir='ltr' id='par_1_6' title="bbox 271 2629 1770 2815">
     <span class='ocr_line' id='line_1_43' title="bbox 362 2629 1731 2674; baseline -0.004 -8"><span class='ocrx_word' id='word_1_383' title='bbox 362 2637 385 2671; x_wconf 82' lang='grc'><strong>3</strong></span> <span class='ocrx_word' id='word_1_384' title='bbox 419 2635 462 2666; x_wconf 88' lang='lat' dir='ltr'><strong>Ut</strong></span> <span class='ocrx_word' id='word_1_385' title='bbox 481 2633 540 2664; x_wconf 88' lang='lat' dir='ltr'><strong>lib.</strong></span> <span class='ocrx_word' id='word_1_386' title='bbox 553 2633 678 2668; x_wconf 79' lang='lat' dir='ltr'>XXIII.</span> <span class='ocrx_word' id='word_1_387' title='bbox 697 2650 741 2655; x_wconf 90' lang='lat'><strong>—-</strong></span> <span class='ocrx_word' id='word_1_388' title='bbox 766 2629 882 2674; x_wconf 84' lang='lat' dir='ltr'><strong>(Alias</strong></span> <span class='ocrx_word' id='word_1_389' title='bbox 901 2631 981 2662; x_wconf 88' lang='lat' dir='ltr'><strong>novi</strong></span> <span class='ocrx_word' id='word_1_390' title='bbox 996 2631 1233 2671; x_wconf 76' lang='lat' dir='ltr'><strong>magistratus,</strong></span> <span class='ocrx_word' id='word_1_391' title='bbox 1259 2631 1378 2663; x_wconf 85' lang='lat' dir='ltr'><strong>omina</strong></span> <span class='ocrx_word' id='word_1_392' title='bbox 1395 2639 1456 2665; x_wconf 79' lang='lat' dir='ltr'><strong>etc.</strong></span> <span class='ocrx_word' id='word_1_393' title='bbox 1485 2629 1671 2673; x_wconf 81' lang='lat' dir='ltr'><strong>incipiunt)</strong></span> <span class='ocrx_word' id='word_1_394' title='bbox 1688 2647 1731 2654; x_wconf 79' lang='lat'>—</span> 
     </span>
     <span class='ocr_line' id='line_1_44' title="bbox 273 2676 1730 2720; baseline -0.003 -10"><span class='ocrx_word' id='word_1_395' title='bbox 273 2678 381 2711; x_wconf 83' lang='lat' dir='ltr'><strong>Gesta</strong></span> <span class='ocrx_word' id='word_1_396' title='bbox 406 2679 611 2711; x_wconf 80' lang='lat' dir='ltr'><strong>Hannibalis</strong></span> <span class='ocrx_word' id='word_1_397' title='bbox 637 2679 674 2709; x_wconf 84' lang='lat' dir='ltr'><strong>iu</strong></span> <span class='ocrx_word' id='word_1_398' title='bbox 698 2677 810 2711; x_wconf 78' lang='lat' dir='ltr'><strong>Italia.</strong></span> <span class='ocrx_word' id='word_1_399' title='bbox 831 2695 875 2701; x_wconf 91' lang='lat'><strong>——</strong></span> <span class='ocrx_word' id='word_1_400' title='bbox 913 2677 978 2709; x_wconf 81' lang='lat' dir='ltr'><strong>Per</strong></span> <span class='ocrx_word' id='word_1_401' title='bbox 1000 2677 1096 2708; x_wconf 79' lang='lat' dir='ltr'><strong>idem</strong></span> <span class='ocrx_word' id='word_1_402' title='bbox 1123 2678 1193 2708; x_wconf 74' lang='lat' dir='ltr'><strong>lere</strong></span> <span class='ocrx_word' id='word_1_403' title='bbox 1218 2685 1374 2720; x_wconf 84' lang='lat' dir='ltr'><strong>tempus,</strong></span> <span class='ocrx_word' id='word_1_404' title='bbox 1408 2678 1528 2708; x_wconf 84' lang='lat' dir='ltr'><strong>literae</strong></span> <span class='ocrx_word' id='word_1_405' title='bbox 1550 2686 1591 2707; x_wconf 85' lang='lat' dir='ltr'><strong>ex</strong></span> <span class='ocrx_word' id='word_1_406' title='bbox 1608 2676 1730 2707; x_wconf 75' lang='lat' dir='ltr'><strong>Sicilia</strong></span> 
     </span>
     <span class='ocr_line' id='line_1_45' title="bbox 273 2723 1731 2767; baseline -0.003 -11"><span class='ocrx_word' id='word_1_407' title='bbox 273 2725 505 2767; x_wconf 82' lang='lat' dir='ltr'><strong>Sardiniaque</strong></span> <span class='ocrx_word' id='word_1_408' title='bbox 525 2726 673 2756; x_wconf 82' lang='lat' dir='ltr'><strong>Romam</strong></span> <span class='ocrx_word' id='word_1_409' title='bbox 689 2724 832 2763; x_wconf 80' lang='lat' dir='ltr'><strong>allatae,</strong></span> <span class='ocrx_word' id='word_1_410' title='bbox 859 2725 955 2758; x_wconf 73' lang='lat' dir='ltr'><strong>c.21.</strong></span> <span class='ocrx_word' id='word_1_411' title='bbox 978 2740 1024 2746; x_wconf 91' lang='lat'><strong>--</strong></span> <span class='ocrx_word' id='word_1_412' title='bbox 1053 2723 1147 2754; x_wconf 81' lang='lat' dir='ltr'><strong>Dum</strong></span> <span class='ocrx_word' id='word_1_413' title='bbox 1168 2723 1252 2754; x_wconf 82' lang='lat' dir='ltr'><strong>haec</strong></span> <span class='ocrx_word' id='word_1_414' title='bbox 1271 2724 1308 2754; x_wconf 85' lang='lat' dir='ltr'><strong>in</strong></span> <span class='ocrx_word' id='word_1_415' title='bbox 1329 2723 1427 2755; x_wconf 77' lang='lat' dir='ltr'><strong>ltalia</strong></span> <span class='ocrx_word' id='word_1_416' title='bbox 1443 2729 1608 2763; x_wconf 80' lang='lat' dir='ltr'><strong>geruntur</strong></span> <span class='ocrx_word' id='word_1_417' title='bbox 1624 2733 1731 2764; x_wconf 75' lang='lat' dir='ltr'><strong>appa-</strong></span> 
     </span>
     <span class='ocr_line' id='line_1_46' title="bbox 271 2767 1770 2815; baseline -0.004 -11"><span class='ocrx_word' id='word_1_418' title='bbox 271 2779 479 2815; x_wconf 67' lang='lat' dir='ltr'><strong>mutuique,</strong></span> <span class='ocrx_word' id='word_1_419' title='bbox 499 2770 613 2804; x_wconf 81' lang='lat' dir='ltr'><strong>nihilo</strong></span> <span class='ocrx_word' id='word_1_420' title='bbox 632 2769 773 2814; x_wconf 79' lang='lat' dir='ltr'><strong>segnius</strong></span> <span class='ocrx_word' id='word_1_421' title='bbox 790 2769 827 2801; x_wconf 83' lang='lat' dir='ltr'><strong>in</strong></span> <span class='ocrx_word' id='word_1_422' title='bbox 842 2768 1010 2813; x_wconf 81' lang='lat' dir='ltr'><strong>Hispania</strong></span> <span class='ocrx_word' id='word_1_423' title='bbox 1023 2768 1159 2801; x_wconf 84' lang='lat' dir='ltr'><strong>bellum</strong></span> <span class='ocrx_word' id='word_1_424' title='bbox 1176 2777 1314 2812; x_wconf 80' lang='lat' dir='ltr'><strong>gestum</strong></span> <span class='ocrx_word' id='word_1_425' title='bbox 1330 2777 1417 2807; x_wconf 83' lang='lat' dir='ltr'><strong>crat,</strong></span> <span class='ocrx_word' id='word_1_426' title='bbox 1446 2779 1474 2803; x_wconf 84' lang='lat' dir='ltr'><strong>c.</strong></span> <span class='ocrx_word' id='word_1_427' title='bbox 1486 2770 1543 2804; x_wconf 82' lang='grc'><strong>26.</strong></span> <span class='ocrx_word' id='word_1_428' title='bbox 1567 2785 1614 2791; x_wconf 87' lang='grc'>-</span> <span class='ocrx_word' id='word_1_429' title='bbox 1633 2767 1730 2799; x_wconf 85' lang='lat' dir='ltr'><strong>Dum</strong></span> <span class='ocrx_word' id='word_1_430' title='bbox 1760 2785 1770 2791; x_wconf 48' lang='grc' dir='ltr'><em>ν</em></span> 
     </span>
    </p>
   </div>
  </div>
 </body>
</html>
