1891 3310
287 165 599 198 EXCERPTA
623 165 696 197 EX
723 164 1361 201 IORDANIAPP.CHRON.
1443 169 1559 205 XLIX

116 272 184 306 que
208 263 257 295 ad
278 253 472 296 extremum
497 260 578 295 belli
600 272 623 294 a
646 260 823 295 Romanis
848 261 1017 296 adversus
1043 261 1161 298 Celtas
1187 264 1354 309 excitati,
1390 279 1457 311 quo
1492 268 1562 303 Im-

111 326 260 363 perator
289 319 329 354 C.
354 319 470 354 Iulias
496 318 652 361 Caesar,
685 319 746 353 cai
768 331 825 354 res
849 326 975 365 gestae
997 319 1088 354 Divi
1110 332 1237 357 nomen
1261 323 1453 367 adscivere,
1482 328 1562 371 pla-

113 376 215 411 rimis
240 384 275 411 et
294 376 577 423 pugnacissimis
603 376 747 411 Celticis
776 377 942 423 gentibus
975 378 1172 422 debellatis,
1210 379 1408 425 Imperium
1431 382 1561 418 Roma-

113 446 198 468 nam
233 436 282 468 ad
310 434 545 468 Britannicas
579 445 688 478 usqne
721 434 858 468 insulas
886 436 1097 480 prolatavit.
1152 436 1273 471 Huius
1303 438 1427 482 prima
1457 448 1562 486 gesta

112 491 276 526 incidant
303 493 342 526 in
373 491 531 536 primum
565 491 787 538 Olympiadis
820 494 1030 528 centesimae
1068 501 1102 529 et
1138 495 1377 540 octogesimae
1415 509 1562 542 annam,

111 548 293 583 Archonte
318 556 391 583 tam
415 548 563 583 Athenis
589 549 732 584 Herode
758 556 821 585 ete.
874 551 909 585 A
939 552 1026 586 bello
1058 559 1176 586 antem
1204 552 1384 597 Troiano,
1417 556 1563 600 Apollo-

111 607 238 640 dorum
263 607 511 642 Atheniensem
535 608 664 650 secuti,
697 606 881 654 octoginta
905 621 1018 643 annos
1039 611 1088 643 ad
1109 610 1260 646 reditum
1281 610 1564 649 Heracliam-um

110 664 311 699 statuimus.
358 665 413 700 Ab
439 665 506 700 hoc
531 667 580 699 ad
602 665 849 712 Olympiadem
873 666 1050 710 primam,
1076 674 1248 702 trecentos
1273 675 1306 703 et
1330 669 1463 716 viginti
1486 679 1562 707 octo

112 733 135 755 a
158 722 317 767 Regibus
346 721 716 758 Lacedaemoniorum
743 729 902 768 tempora
928 726 1173 768 computando.
1221 727 1254 760 Ar
1280 729 1402 772 prima
1436 736 1563 766 autem

112 781 337 826 Olympiade
362 782 411 814 acl
440 787 635 815 extremam
662 780 743 815 belli
769 780 912 824 Celtici,
952 782 1014 826 qni
1046 783 1144 817 nobis
1179 782 1350 819 historiae
1374 786 1466 832 finis
1502 795 1566 834 est,

109 838 349 883 septingentos
383 845 417 872 et
448 839 613 884 triginta.
666 838 724 872 Ita
758 845 798 873 ut
828 850 917 883 opus
950 840 1155 874 universam
1184 842 1432 889 qnadraginta
1464 846 1564 881 libris

111 895 309 929 absolutam
335 908 447 930 annos
473 897 568 930 mille
594 902 733 931 ventam
763 896 919 942 triginta
953 903 1028 931 octo
1064 899 1361 944 comprehendat,
1402 904 1565 948 tempori-

110 953 194 995 lms,
221 965 313 997 quae
337 953 462 987 bellam
492 953 691 987 Troianam
716 960 952 996 antevertant,
981 956 1145 999 exceptis.
1193 956 1295 992 Haeo
1316 959 1437 1004 itaqae
1460 973 1565 996 aceu-

108 1018 187 1046 rate
203 1011 541 1056 praedefinivimas‚
583 1012 666 1046 dam
690 1013 856 1047 'lectorem
879 1012 918 1046 in
947 1013 1055 1046 totins
1079 1013 1235 1047 instituti
1257 1017 1434 1052 rationem
1460 1020 1563 1054 dedn-

109 1081 208 1112 cere,
250 1081 397 1114 eosque,
435 1069 498 1113 qni
520 1069 628 1103 libros
653 1069 873 1114 interpolare
895 1072 1026 1114 solent,
1068 1081 1113 1104 ne
1146 1071 1283 1107 alienos
1315 1074 1452 1111 labores
1486 1090 1564 1113 cor-

108 1133 298 1173 rumpant,
331 1126 514 1162 dehortari
538 1127 702 1173 capimus
728 1134 792 1163 ete.

698 1231 732 1268 N
760 1232 790 1266 Ο
817 1232 850 1265 Τ
874 1233 902 1266 A
927 1232 972 1265 E.

192 1297 365 1334 'CXXXL
389 1297 580 1332 Diodorus
604 1299 738 1343 igitur,
780 1302 824 1333 ut
846 1299 996 1332 modum
1023 1299 1274 1334 distribuendi
1305 1305 1477 1345 tempora
1508 1303 1560 1336 hi-

108 1360 250 1393 storiae
279 1368 369 1391 suae
395 1357 663 1400 praedoceret,
708 1358 919 1400 praemittit
949 1358 986 1390 in
1020 1358 1257 1401 praefatione
1292 1361 1448 1403 regulas
1474 1366 1564 1402 tres,

108 1427 261 1461 nempe:
298 1415 443 1460 Regula
473 1413 616 1458 prima:
649 1423 672 1446 a
695 1414 813 1447 'I'roia
837 1419 946 1458 capta
968 1425 1087 1460 nsque
1114 1416 1160 1448 ad
1189 1416 1346 1459 primam
1373 1419 1564 1462 Olympia-

107 1474 193 1507 dem
219 1478 307 1506 sunt
331 1473 418 1506 anni
444 1471 656 1516 respective
680 1469 835 1504 LXXX.
869 1477 908 1506 et
936 1472 1194 1508 CCCXXVIII.
1227 1483 1318 1518 ergo
1350 1477 1385 1507 in
1419 1487 1564 1510 summa

108 1532 325 1567 CCCCVIII.
347 1530 447 1576 quod
471 1529 782 1573 intelligendum,
811 1534 854 1563 ut
878 1529 977 1563 infra
1002 1530 1049 1564 de
1077 1532 1185 1564 annis
1211 1533 1380 1566 CCCVll.
1402 1535 1562 1578 comple-

106 1592 168 1631 tis,
199 1594 238 1624 et
264 1593 397 1623 octavo
423 1588 664 1631 incompleto.
709 1585 856 1633 Regula
880 1588 1057 1621 secanda:
1089 1588 1209 1622 Gesta
1231 1591 1351 1633 prima
1369 1589 1452 1624 lulii
1475 1594 1564 1626 Cae-

106 1650 204 1683 saris
230 1646 400 1681 incidunt
424 1647 462 1679 in
489 1655 626 1679 annum
653 1647 814 1690 primum
846 1646 1083 1690 Olympiadis
1116 1647 1346 1681 centesimae
1378 1652 1562 1694 octogesi-

105 1718 214 1748 mae,
252 1716 324 1750 quo
349 1703 495 1738 Archon
520 1702 676 1737 Athenis
703 1704 774 1737 fuit
799 1704 996 1746 Herodes3
1037 1703 1136 1748 quod
1167 1704 1480 1750 intelligendum,
1523 1714 1565 1743 ut

105 1765 224 1805 infra,
258 1768 368 1807 gesta
394 1772 478 1795 eum
504 1771 641 1794 annum
668 1762 886 1795 immediate
910 1762 1153 1806 praecedere.
1202 1760 1348 1807 Regula
1373 1766 1498 1799 tertia.-
1541 1778 1564 1801 a

105 1825 226 1869 prima
254 1820 479 1865 Olympiade
506 1830 624 1862 usque
652 1819 699 1852 ad
725 1823 934 1852 extremum
965 1830 1030 1852 seu
1058 1818 1171 1852 finem
1190 1819 1281 1854 belli
1302 1822 1458 1855 Romani
1478 1834 1561 1856 con-

106 1887 165 1915 tra
188 1881 332 1920 Celtas,
364 1878 401 1910 id
427 1881 485 1910 est
508 1876 657 1915 Galum,
693 1881 781 1909 sunt
805 1878 892 1909 anni
916 1876 1129 1910 DCCXXX.
1175 1874 1321 1923 Regula
1350 1879 1474 1922 prima
1508 1891 1563 1914 re-

105 1939 266 1984 spondet
293 1934 435 1970 calcnlo
461 1933 636 1977 Dionysii
656 1932 985 1967 Halicarnassaei:
1012 1940 1204 1978 computat
1222 1938 1254 1969 is
1271 1947 1293 1970 a
1312 1938 1429 1970 Troia
1454 1944 1563 1982 rapta

103 2009 222 2043 usqne
248 1996 294 2029 ad
321 1993 507 2028 conditam
534 1991 664 2024 urbem
688 1991 842 2025 Romam
871 1992 1133 2026 CCCCXXXII
1151 2003 1283 2035 annos,
1311 1999 1350 2028 et
1374 1999 1464 2028 tunc
1489 1997 1563 2029 ela-

103 2068 191 2102 psas
232 2055 322 2087 dicit
363 2061 429 2084 sex
471 2051 611 2094 primas
650 2050 909 2093 Olympiades.
963 2049 1037 2083 Sex
1080 2050 1326 2094 Olympiades
1369 2054 1563 2086 continent

102 2114 226 2148 XXlV
260 2122 399 2152 annoS,
449 2107 506 2141 his
546 2108 727 2141 detractis
762 2118 784 2140 a
819 2107 1092 2143 CCCCXXXlI.
1125 2116 1325 2142 remanent
1357 2110 1563 2145 CCCCVIII

102 2173 190 2206 anni
217 2179 334 2214 usqne
363 2167 409 2200 ad
436 2169 592 2210 primam
620 2165 898 2209 Olympiadem.

196 2228 380 2262 CXXXH.
412 2225 466 2258 Ad
492 2223 672 2268 Regulam
703 2222 895 2256 secandam
927 2228 961 2255 et
992 2220 1132 2256 tertiam
1165 2232 1451 2267 praesuppono,
1493 2235 1562 2258 nec

103 2287 310 2322 Diodorum
338 2295 407 2317 nec
429 2283 638 2316 Varronem
664 2282 740 2315 ullo
767 2282 878 2315 modo
904 2282 1023 2315 latere
1052 2282 1241 2325 potuisse,
1270 2292 1342 2325 quo
1369 2292 1467 2315 anno
1493 2283 1563 2317 sto-

103 2356 214 2379 mano
250 2348 287 2377 et
319 2341 487 2376 eiusdem
525 2341 689 2374 solstitio
731 2341 902 2380 aestivo,
952 2341 988 2372 in
1023 2343 1172 2379 aetate,
1223 2349 1332 2382 quam
1370 2339 1561 2382 vivebant,

104 2402 250 2445 (coaevi
277 2401 375 2433 enim
403 2399 522 2431 ferme
547 2401 669 2442 erant)
696 2408 815 2431 annus
835 2397 1118 2445 Olympiadicus
1137 2395 1306 2429 Graecus
1325 2398 1463 2430 inierit.
1491 2399 1560 2430 lta-

105 2471 176 2506 que
201 2458 346 2502 applico
371 2458 456 2489 anni
478 2456 728 2499 Olympiadici
752 2457 899 2488 initium
928 2457 962 2488 in
990 2466 1034 2488 ea
1059 2453 1337 2495 conformitate,
1366 2459 1408 2487 ut
1428 2456 1559 2493 Varro,

103 2519 165 2551 vel
192 2527 273 2550 cum
298 2516 378 2548 eius
405 2515 544 2556 scripta.
569 2515 802 2553 interierint,
846 2519 887 2546 ut
913 2514 1140 2546 Censorinus
1166 2521 1211 2544 ex
1236 2511 1406 2545 Varrone
1438 2513 1559 2554 docet,

106 2581 144 2610 et
168 2575 303 2615 credo,
348 2572 555 2605 Diodorum
587 2571 709 2603 eidem
737 2582 834 2604 anno
861 2571 1028 2603 Romano
1064 2568 1223 2603 eundem
1259 2578 1395 2601 annum
1434 2570 1560 2613 Olym-

103 2633 289 2678 piadieum
317 2630 558 2670 attribuisse,
592 2639 636 2662 ac
662 2629 827 2662 calculus
851 2629 1108 2663 Varronianus
1145 2636 1189 2660 cx
1221 2627 1428 2661 Censorino
1463 2637 1559 2658 com-

104 2695 301 2724 monstrat.
349 2691 389 2723 ln
417 2686 486 2720 hoc
510 2689 704 2731 supposito
729 2697 848 2719 annus
873 2687 1013 2730 primns
1035 2684 1270 2728 Olympiadis
1293 2682 1471 2715 CLXXX.
1497 2684 1559 2727 qui

104 2751 141 2782 in
178 2749 309 2792 regula
343 2746 508 2780 secunda
542 2746 729 2786 refertur,
774 2745 858 2776 iniit
891 2745 927 2775 in
964 2744 1002 2776 Α.
1028 2743 1069 2776 V,
1098 2745 1136 2776 C.
1164 2740 1402 2774 Varroniano
1428 2741 1558 2773 stricte

106 2811 319 2849 computato
343 2803 534 2839 DCXCIV.
558 2803 772 2845 inchoante,
803 2806 842 2835 et
865 2805 975 2845 gesta
995 2801 1079 2835 lulii
1104 2799 1277 2833 Caesaris
1303 2797 1434 2841 prima,
1462 2807 1558 2843 quae

152 2862 302 2898 V011.ll.
321 2862 488 2895 Avvzxn.
1223 2855 1246 2888 d
