1859 3326
298 190 388 233 158
755 185 1276 228 ANNOTATIONES

411 301 515 344 180.
541 299 612 342 14
639 298 713 347 Εις
735 297 781 340 δέ
799 297 877 353 τὴν
898 295 1123 368 ἀκρόπολιν
1145 307 1204 338 eto
1208 301 1235 353 .]
1266 299 1484 339 Dissentlre
1503 299 1660 339 videtur
1676 300 1748 337 Ar-

291 359 426 397 rianus
446 358 487 396 Ι..
511 357 541 397 Ι.
564 357 638 397 24-
670 354 809 396 αὐτῶν
828 355 873 396 δὲ
893 354 932 396 οἳ
950 355 1048 408 μὲν,
1074 357 1277 406 inquiens,
1305 356 1345 404 ἐς
1365 355 1442 409 τὴν
1464 354 1595 422 ἄκραν
1614 353 1689 408 τὴν
1709 355 1750 395 ἔν

292 430 345 468 τῃ
366 410 479 483 νήσῳ
501 408 799 465 ἀπεχώρησαν,
828 427 868 452 οι
890 410 972 451 δ”ὲ
954 427 995 458 ες
1015 409 1092 464 τὴν
1123 411 1408 464 ,Σαλμακίδα
1392 411 1524 465 άκραν
1547 409 1656 455 ουτω
1678 427 1750 451 κα-

291 468 511 522 λουμένην.
540 469 672 506 Insula
693 471 816 516 enim,
840 470 882 506 in
904 470 1013 506 cuius
1041 481 1168 506 arcem
1187 477 1477 517 concesserunt,
1509 476 1664 519 propter
1692 472 1751 518 ip·

294 540 378 566 sam
396 527 528 563 urbem
558 531 664 571 erat,
693 531 758 572 ut,
784 537 879 573 quae
899 524 1000 574 apud
1030 537 1117 563 eum
1140 528 1326 563 continuo
1356 526 1587 573 succedunt,
1623 525 1750 562 decla-

290 589 401 621 rant:
436 595 480 619 ea
507 594 601 620 vero
630 581 872 628 Acronesus‚
896 587 940 618 ut
962 582 1093 630 pulcre
1118 581 1220 620 vidit
1250 583 1325 620 lac.
1346 582 1534 629 Gronov.,
1557 595 1636 619 non
1663 579 1749 618 Cos.

294 639 376 678 Sed
395 638 496 675 nihil
515 651 560 675 ea
579 639 620 674 in
643 650 684 674 re
704 637 889 674 insolens.
920 636 1105 688 Neglexit
1128 636 1315 676 Arrianus
1349 638 1441 687 quid
1474 640 1622 687 reliqua
1652 638 1752 674 mul-

290 695 460 734 titudine
481 701 520 731 et
536 693 699 743 pecunia
725 694 872 731 factum
902 694 954 730 sit
982 692 1134 730 addere.
1187 692 1347 732 Rectum
1369 701 1493 733 autem
1513 702 1572 731 est
1600 692 1656 739 εἷς
1676 690 1751 744 τὴν

291 753 421 801 Imm,
452 757 496 787 ut
518 752 560 787 in
588 749 691 789 l'lut.
722 748 770 786 Τ.
799 749 847 787 ΙΙ.
877 761 913 798 p.
934 750 1039 790 304.
1060 748 1101 787 C.
1131 756 1171 786 et
1202 749 1244 789 S.
1265 750 1457 790 LucaeA.
1481 751 1526 788 A.
1556 749 1671 788 XXI.
1704 751 1752 795 1.,

292 811 369 846 etsi
388 814 425 844 et
452 807 508 843 ibi
529 804 584 851 εἷς
593 802 681 871 τὴν
700 806 778 846 Κῶ
797 807 932 854 scripti
950 806 1105 856 quidam
1128 805 1245 843 Codd.
1238 834 1262 856 .,
1281 807 1470 856 quomodo
1490 807 1681 844 Aristides
1701 804 1749 842 '1

292 864 368 915 I.p
373 864 476 903 .77.
504 856 755 907 πλευσαντες
776 876 832 908 εις
853 859 929 914 τὴν
948 863 1039 901 Κῶ.
1065 862 1200 900 Wssss.

412 919 515 959 180.
544 918 619 957 24
658 916 899 972 Διέτρεψαν
918 932 1017 966 τους
1048 914 1336 973 στρατιώτας]
1376 918 1482 971 Lego
1503 916 1749 972 διέθρεψαν.

294 973 407 1013 δτΓΕι
411 985 452 1011 11
475 982 512 1011 et
527 973 666 1011 Ruon.

412 1032 516 1072 180.
548 1031 623 1070 32.
666 1031 755 1081 Τῆς
781 1026 860 1083 γὰρ
883 1028 1054 1077 Λυκίας
1064 1029 1172 1099 περὶ
1201 1027 1277 1078 τὰς
1301 1028 1518 1081 ἐσχατιὰς]
1547 1030 1636 1069 Vid.
1663 1028 1752 1067 'lib.

289 1087 628 1125 Hemstcrhusium
663 1086 882 1123 Atticorum
912 1084 1103 1138 ἐσχατιὰς
1133 1089 1276 1136 optime
1304 1088 1569 1138 designantem
1601 1086 1649 1123 ad
1676 1085 1753 1122 Lu-

292 1147 399 1181 ciani
420 1143 574 1182 Timon.
603 1156 635 1179 c.
659 1143 732 1182 30.
761 1141 933 1180 Diodoro
953 1145 1083 1181 ultimi
1101 1146 1272 1195 regionis
1289 1117 1422 1181 fineso'
1404 1157 1603 1194 εσχατιαι,
1626 1144 1756 1178 cuius-

289 1201 399 1238 modi
420 1215 463 1238 αι
480 1213 634 1251 ταυτης
652 1196 924 1250 (Ayaffiagf
906 1198 1090 1250 ἐσχατιαὶ
1111 1200 1153 1236 L.
1176 1200 1223 1237 11.
1246 1200 1321 1239 49.
1348 1205 1390 1236 et
1408 1213 1489 1248 cap.
1515 1199 1586 1238 53.
1612 1214 1653 1237 αι
1679 1199 1754 1249 τῆς

292 1255 452 1310 ...ὐριας
479 1254 678 1306 ἐσχατιαί.
710 1262 791 1293 tum
820 1252 1006 1305 ἐσχατιαὶ
1036 1270 1111 1308 της
1138 1251 1344 1323 v‘ynmpec'ag
1364 1256 1406 1293 L.
1428 1255 1496 1292 Ill.
1517 1256 1589 1294 39.
1620 1255 1670 1292 W
1674 1264 1756 1291 Ess,

412 1315 516 1353 180.
544 1312 617 1351 33
663 1308 716 1350 Οι
740 1311 997 1379 Πῖζαριιαρεῖζ
1029 1307 1354 1379 ὀνομαζόμενοι]
1393 1311 1476 1348 Hos
1503 1313 1630 1362 legere
1659 1308 1754 1348 alibi

291 1380 375 1406 non
399 1370 568 1406 memini.
604 1366 754 1404 Forsan
780 1364 930 1420 ὀχυρὸς
958 1368 1057 1405 illud
1087 1364 1287 1421 φρούριον
1319 1365 1675 1419 ἐπιτετειχισμένον
1703 1367 1754 1419 τῇ

290 1427 378 1464 πῶν
402 1425 652 1476 Φασηλιτῶν
675 1437 797 1478 χωριιι
823 1421 927 1476 πρὸς
947 1424 1159 1472 Πισιδῶν,
1187 1425 1232 1461 de
1261 1437 1336 1474 quo
1365 1425 1518 1462 Arrian.
1549 1424 1593 1462 L.
1613 1423 1641 1461 Ι.
1663 1424 1738 1464 25.
1730 1449 1755 1471 -,

290 1481 540 1519 insederant:
572 1480 639 1517 sed
663 1493 742 1517 non
762 1480 857 1517 bene
880 1481 1010 1518 omnia
1031 1487 1262 1532 congruunt.
1295 1481 1430 1520 Wssss.

411 1538 515 1578 180.
547 1537 619 1576 52.
645 1533 732 1575 Δια
748 1534 888 1587 μέσων
906 1538 989 1575 τῶν
1011 1536 1217 1588 πολεμίων
1236 1532 1484 1591 ὃιεκφυγεΐν]
1513 1534 1754 1576 Διεκπεσεΐν

293 1607 314 1631 e
335 1591 431 1645 Reg.
463 1592 613 1630 schedis
646 1595 680 1629 si
707 1594 840 1638 malis,
871 1599 1007 1630 auctor
1029 1606 1108 1630 non
1138 1594 1316 1630 obstabit.
1355 1593 1440 1630 Vid.
1471 1605 1561 1629 mox
1581 1598 1619 1628 et
1639 1592 1686 1629 ad
1706 1591 1752 1630 L.

292 1649 390 1689 Xn.
416 1651 487 1690 56.
514 1649 698 1698 Polyaen.
719 1647 762 1685 L.
784 1648 846 1686 IV.
869 1650 912 1688 2.
942 1650 1013 1689 14.
1058 1649 1262 1696 Φίλιππος
1281 1645 1551 1701 ὑποστρέψας
1582 1645 1649 1686 διὰ
1677 1649 1752 1687 τοῦ

292 1704 417 1758 ὄρους
434 1703 712 1751 διεξεπέσατο.
731 1705 800 1743 ubi
818 1711 946 1743 tamen
964 1704 1246 1753 διεξεπαίσατο
1269 1719 1318 1743 ex
1333 1707 1488 1757 linguae
1508 1707 1624 1756 genio
1642 1717 1754 1755 prae-

291 1764 451 1801 stiterit.
480 1761 615 1799 Wssss.

415 1821 518 1859 18].
550 1818 622 1858 58.
657 1813 743 1864 Τὰς
774 1814 815 1857 δ’
847 1814 978 1864 οἴκιάς
1012 1815 1219 1871 ἐμπρῆσαι
1240 1816 1342 1868 etc.]
1382 1815 1441 1854 De
1464 1814 1650 1854 Xanthiis
1674 1828 1754 1853 non

292 1877 415 1913 multo
443 1875 597 1912 diversa
617 1876 800 1912 memoria
819 1874 1101 1911 mandaverunt
1122 1874 1234 1911 Philo
1258 1874 1340 1912 lud.
1380 1873 1492 1918 Quod
1520 1885 1620 1910 omn.
1645 1873 1753 1920 prob.

292 1933 394 1970 liber
413 1934 464 1969 sit
483 1944 519 1980 p.
542 1931 648 1971 883.
680 1937 719 1967 et
738 1930 898 1980 Appian.
920 1929 1016 1967 Bell.
1037 1929 1151 1968 Civil.
1173 1930 1214 1967 L.
1236 1930 1301 1969 1V.
1326 1943 1362 1978 p.
1391 1931 1526 1970 1017.
1555 1928 1695 1966 Wssss.

411 1991 430 2028 1
443 1989 514 2028 81.
544 1988 618 2026 66.
649 1982 948 2036 Νικοκράτους]
982 1986 1204 2023 Secundum
1223 1986 1429 2023 Arrianum
1448 1985 1491 2022 L.
1512 1984 1559 2022 11.
1578 1987 1648 2025 ll.
1671 1997 1750 2022 non

292 2038 601 2096 Νικοκράτους,
636 2042 703 2079 sed
730 2037 1032 2094 Νικοστράτου.
1059 2041 1214 2079 STEPH.
1265 2041 1439 2079 Diodoro
1469 2044 1510 2078 in
1541 2041 1751 2078 Archontis

293 2101 451 2137 nomine
471 2099 729 2147 adstipulatur
745 2097 958 2148 Dionysius
979 2100 1019 2134 in
1039 2097 1234 2135 Dinarcho
1252 2112 1287 2148 p.
1306 2100 1408 2139 116.
1435 2096 1525 2136 Vid.
1547 2097 1600 2134 10.
1620 2096 1750 2134 Meur-

294 2158 393 2192 sium
414 2156 460 2192 de
480 2154 707 2191 Archontib.
730 2153 771 2190 L.
797 2154 861 2193 [V.
888 2156 957 2194 12.
985 2154 1124 2191 WVESS.
1161 2154 1285 2191 Extra
1315 2155 1596 2191 dubitationem
1627 2153 1750 2190 Nico-

294 2219 446 2249 cratem
468 2211 790 2259 ponitinscriptio
812 2210 911 2259 apud
934 2209 1172 2247 Boeckhium
1195 2210 1222 2247 Ι.
1243 2223 1280 2258 p.
1302 2211 1410 2250 250.

413 2269 514 2309 181.
542 2268 616 2307 67.
657 2265 832 2305 Καίσων
864 2263 1115 2318 Οὐαλέριος]
1152 2265 1330 2303 Restitue
1358 2265 1568 2311 Λουΐλιος.
1610 2262 1746 2301 RHOD.

292 2324 339 2361 ln
365 2321 593 2374 Οὐαλερίου
613 2324 767 2359 nomine
787 2323 920 2371 procul
943 2322 1057 2359 dubio
1077 2323 1256 2360 mendum
1279 2329 1348 2361 est.
1376 2322 1651 2372 Adpellabatur
1672 2321 1749 2358 Pa-

292 2381 386 2428 pirii
410 2382 558 2429 collega
578 2376 713 2416 Kaeso
734 2377 907 2415 Duilius.
926 2377 1094 2415 Proinde
1108 2380 1206 2415 iusta
1216 2378 1488 2416 Rhodomanni
1508 2378 1656 2414 medela
1677 2383 1748 2414 est.

295 2438 379 2480 Quo
399 2449 491 2474 vero
510 2435 623 2471 modo
644 2448 693 2472 ex
711 2435 910 2479 Δου’ί·λιος
927 2435 1034 2470 nasci
1050 2435 1244 2472 scribendi
1261 2437 1500 2485 negligentia
1524 2431 1749 2486 Οὐαλέριος

291 2495 482 2543 potuerit,
512 2491 680 2528 nondum
702 2492 905 2539 perspicio.
935 2489 1050 2526 Forte
1070 2504 1155 2527 cum
1175 2491 1375 2530 Δουϊλιόυ
1399 2491 1627 2528 vocabulum
1649 2491 1748 2527 vitio

292 2556 393 2585 esset
416 2549 677 2597 depravatum,
699 2549 863 2584 alterum
882 2557 931 2582 ex
948 2549 1124 2594 sequenti
1141 2560 1244 2584 anno
1264 2548 1455 2584 adscitum
1478 2553 1547 2583 est.
1574 2544 1633 2582 De
1654 2558 1748 2582 con-

293 2606 440 2642 sulibus
462 2604 521 2641 his
540 2603 674 2641 Livius
693 2602 737 2642 L.
760 2602 861 2639 Vffl.
884 2604 952 2642 16.
981 2602 1116 2640 WVESS.

411 2662 514 2701 181.
544 2660 616 2699 75·
658 2658 745 2699 Καὶ
770 2655 975 2709 Λέσβον]
1012 2657 1113 2695 Sunt
1137 2657 1228 2696 haec
1253 2660 1453 2707 plusquam
1475 2659 1616 2707 inepta.
1655 2655 1746 2693 Non

292 2730 510 2767 negavero,
541 2716 634 2753 olim
656 2717 697 2752 in
725 2716 852 2753 insula
873 2727 916 2750 eo
946 2717 1100 2752 nomine
1123 2716 1255 2752 urbem
1271 2716 1411 2762 fuisse,
1441 2715 1620 2762 illamque
1646 2715 1746 2749 titu-

292 2775 372 2810 lum
395 2786 506 2810 suum
525 2785 612 2809 cum
640 2785 685 2808 ea
705 2772 1006 2808 conmunicasse.
1042 2770 1128 2808 Hoc
1149 2773 1309 2818 volunt,
1345 2782 1440 2818 quae
1454 2768 1684 2806 Eustathius
1702 2770 1745 2805 in

293 2828 448 2868 Homer.
466 2842 504 2880 p.
530 2829 635 2869 741.
670 2834 711 2866 et
734 2825 955 2878 Hesychius
986 2838 1072 2866 voc.
1101 2825 1277 2878 Λέσβος
1305 2826 1483 2865 afferunt.
1522 2825 1574 2863 At
1603 2826 1744 2871 omnia,
