1891 3310
421 216 485 255 IN
518 215 630 254 ΜΒ.
659 213 793 257 xlx,
823 214 952 255 CAP.
977 214 1214 256 41.—44.
1471 219 1560 259 291

209 329 316 372 351.
349 330 422 371 89.
463 327 548 369 Καὶ
579 330 663 370 τῶν
691 325 783 380 περὶ
807 323 881 368 τὸν
908 323 1154 378 Πευκέστην
1182 322 1442 380 κατηγόρουν
1462 329 1561 381 etc.}

91 387 182 428 Non
211 389 355 425 iniuria
396 385 550 435 quidem
581 387 658 423 illi:
694 391 936 436 pugnaverat
973 387 1078 422 enim
1116 382 1322 420 Peucestes
1352 383 1558 424 admodum

93 446 287 496 segniter,
314 446 420 490 sive,
448 448 494 479 ut
521 441 753 479 Plutarchus
785 443 864 489 ait,
891 437 1157 481 παντάπασιν
1184 437 1460 492 ἐκλελυμένως
1487 442 1557 482 καὶ

89 498 273 555 ἀγεννῶς
300 502 342 537 in
362 499 474 536 Eum.
494 511 531 546 p.
557 497 728 538 593.D.
755 498 891 536 WVESS.

207 558 314 597 351.
348 557 418 597 14.
467 552 772 606 Καταθέμενος
808 553 865 601 εἷς
894 549 1054 605 σειρὸν]
1102 551 1206 603 Lege
1237 547 1375 603 σορόν.
1417 551 1556 593 Rflon.

88 612 208 652 Haud
225 612 393 651 absurda
414 610 686 648 Rhodomanni
706 612 928 649 coniectura
952 617 1028 657 est,
1061 611 1216 646 illorum
1239 608 1359 647 Codd.
1385 613 1449 658 qui
1471 625 1556 650 σω-

91 667 167 722 ρὸν
189 670 433 720 praeferunt,
460 670 688 705 auctoritate
711 680 831 716 paene
850 669 1014 705 munita.
1056 665 1184 703 Habet
1208 673 1246 702 et
1267 667 1449 717 vulgata,
1479 680 1555 717 quo

92 739 133 764 se
154 733 322 764 tueatur.
364 719 537 778 Σειρους
559 731 596 761 et
619 721 760 775 σιροὺς
779 731 922 761 vocant
943 718 1162 776 ὀρύγματα
1194 723 1280 759 sive
1308 723 1447 770 fossas,
1472 735 1554 760 ser-

88 783 230 821 vandis
257 782 434 847 frugibus
453 787 572 831 aptas.
620 780 858 818 Scholiastes
887 779 1136 816 Demosthen.
1165 778 1275 817 Orat.
1302 779 1348 815 de
1369 778 1555 817 Cherson.

86 851 126 889 Ρ.
150 841 224 880 60.
262 835 387 890 Σιρὸς
416 832 436 876 ὃ
468 833 632 884 λάκκος
662 851 760 883 τους
787 832 1037 888 θησαυρους
1066 834 1134 874 καὶ
1163 832 1213 874 τὰ
1245 830 1485 887 ὀρυγματα,
1513 835 1569 876 ἐν’

87 898 152 942 οἱς
173 894 438 934 κατετίθεντο
459 890 512 933 τὰ
535 891 775 945 σπέρματα,
809 891 1020 932 ΣΙΡΟΥΣ
1038 886 1212 930 ἐκάλουν
1235 907 1273 930 οι
1299 890 1461 947 Θρᾶικες
1488 892 1556 932 καὶ

88 966 128 992 οι
152 951 329 1001 Λίβυες.
369 950 484 988 Philo
505 949 552 987 de
570 948 700 988 Telor.
720 948 938 987 Construct
972 961 1010 997 p.
1036 949 1108 988 86.
1143 944 1228 997 τὰς
1247 947 1291 987 δὲ
1318 947 1470 999 κριθὰς
1494 949 1562 1015 ὀξεῖ

86 1006 155 1047 καὶ
175 1005 273 1054 τοὺς
301 1003 459 1072 πυροὺς
492 1001 549 1053 ὡς
571 1005 769 1075 βέλτιστα
795 1000 1091 1057 καθάραντας,
1127 1003 1195 1042 καὶ
1225 1003 1480 1044 ΣΕΙΡΟΥΣ
1500 1001 1558 1052 ὥς

83 1059 358 1116 βαθυτάτους
385 1058 640 1116 ὑπαιθρίους
668 1059 901 1114 ὀρυξαντας
917 1067 989 1098 etc.
1034 1059 1148 1098 Mitto
1168 1059 1407 1106 Varronem,
1436 1060 1556 1099 Colu-

84 1122 261 1167 mellam,
291 1127 328 1157 et
364 1127 534 1165 eeteros,
564 1133 660 1170 quos
682 1120 945 1157 testimonium
974 1117 1133 1155 reddere
1155 1119 1353 1154 iusserunt
1380 1116 1554 1156 Raderus

86 1185 125 1214 et
143 1175 381 1215 Freinshem.
409 1177 457 1214 ad
488 1175 613 1214 Curtii
642 1175 684 1214 L.
707 1175 791 1214 VII.
817 1177 860 1216 4.
880 1176 955 1216 24.
988 1179 1261 1225 praetereaque
1282 1173 1330 1210 H.
1353 1174 1480 1213 Vales.
1510 1177 1553 1213 in

83 1233 313 1284 Harpocrat.
334 1247 369 1284 p.
396 1234 468 1274 51.
499 1231 678 1270 Transiit
695 1231 784 1270 hinc
804 1233 987 1271 vocabuli
1010 1236 1182 1281 potestas
1209 1230 1258 1267 ad
1277 1231 1374 1267 alias
1397 1233 1554 1280 spelun-

83 1304 172 1338 cas,
205 1293 321 1328 etiam
346 1304 430 1338 eas,
459 1291 596 1338 quibus
621 1292 758 1327 rustici
789 1291 891 1338 lupis
917 1296 1032 1337 atque
1053 1287 1093 1325 id
1115 1299 1239 1338 genus
1268 1287 1365 1324 feris
1391 1288 1554 1324 insidias

82 1348 366 1394 moliebantur,
397 1348 457 1383 uti
475 1346 575 1396 apud
598 1345 775 1397 Longum
793 1347 943 1384 Pastor.
964 1346 1006 1382 L.
1029 1344 1058 1383 1.
1079 1356 1115 1392 p.
1115 1317 1205 1383 13.
1229 1349 1316 1392 etp.
1334 1344 1404 1383 15.
1429 1343 1552 1394 Finge

80 1407 157 1443 iam
195 1403 429 1455 Antigenem
456 1403 645 1454 Antigoni
678 1404 841 1451 imperio
864 1403 906 1439 in
934 1404 1079 1440 fossam
1100 1401 1221 1437 fuisse
1252 1400 1463 1447 deiectum,
1491 1404 1553 1438 vi-

81 1472 251 1509 vumque
269 1461 424 1497 iniectis
443 1462 560 1510 lignis
574 1461 801 1506 ustulatum,
823 1459 961 1507 ecquid
980 1459 1129 1496 insoliti
1142 1454 1242 1494 erit‘.l
1265 1456 1401 1493 Simile
1421 1470 1553 1494 exem-

83 1519 189 1566 plum
210 1520 242 1554 si
263 1519 334 1554 tibi
353 1518 545 1567 postuleS,
576 1518 722 1566 inspice
743 1516 840 1554 Acta
857 1514 1076 1565 Martyrum
1109 1512 1261 1550 Sincer.
1281 1525 1316 1562 p.
1339 1515 1446 1554 418.
1476 1513 1550 1550 '.I'h

82 1572 276 1611 Ruinarti.
320 1574 425 1618 Quae
456 1573 611 1622 quidem
640 1574 802 1624 vulgato
834 1579 878 1610 ut
899 1573 1217 1623 patrocinantur,
1261 1570 1394 1607 cedam
1423 1578 1551 1608 tamen

82 1630 150 1669 ubi
170 1629 415 1668 membranae
434 1630 641 1667 edixerint.
670 1630 806 1669 W'ESS.

197 1688 304 1727 351
338 1687 409 1726 15.
438 1684 637 1737 Εἴδημοι
658 1684 702 1726 δὲ
722 1683 795 1725 τὸν
815 1683 857 1732 ἒξ
873 1681 1016 1724 Ἰνδῶν
1035 1689 1107 1721 etc.
1117 1679 1135 1732 ]
1169 1682 1329 1733 Semper
1351 1683 1445 1720 alias
1465 1679 1551 1720 Fia'-

86 1742 223 1795 δαμον
254 1743 434 1791 adpellat.
471 1743 558 1780 Vid.
581 1743 636 1779 ad
652 1742 766 1780 huius
787 1742 879 1779 libri
898 1755 929 1778 c.
961 1742 1027 1781 14.
1069 1739 1164 1777 Mox
1191 1740 1336 1789 Κέβαλ
1341 1754 1387 1778 ον
1418 1740 1552 1789 legiti-

82 1813 187 1838 mum
216 1801 382 1838 videtur.
426 1798 658 1836 Macedones
691 1801 794 1836 enim
823 1811 891 1848 pro
918 1791 1101 1852 Κεφάλῳ
1132 1796 1314 1832 dicebant
1343 1794 1434 1844 Κὲβ
1436 1798 1561 1843 namt,-

84 1858 193 1894 soliti
217 1857 287 1895 (D
278 1869 319 1893 m
340 1856 379 1894 Β
405 1863 647 1902 convertere,
671 1855 878 1894 Βίλιππον
900 1870 969 1893 και
991 1849 1216 1904 Βαλακρὸν
1236 1867 1303 1890 και
1324 1851 1551 1904 Βερονίκην

81 1911 290 1966 λέγοντες,
319 1925 413 1962 quae
435 1911 638 1950 Plutarchi
659 1912 779 1950 verba
808 1912 962 1956 Quaest.
981 1910 1121 1949 Graec.
1144 1920 1179 1958 p.
1205 1910 1315 1948 292.
1338 1907 1386 1945 D.
1417 1908 1552 1946 WEss.

199 1970 305 2009 351.
329 1970 405 2008 23.
433 1968 541 2021 Περὶ
561 1969 697 2022 Νῶρα
717 1971 794 2022 τῆς
818 1965 1036 2022 Φρυγίας]
1067 1965 1127 2003 De
1146 1966 1299 2003 castelli
1319 1967 1395 2002 situ
1415 1966 1551 2002 confer

82 2025 127 2064 L.
145 2025 290 2064 XVIII
308 2026 385 2065 41.
416 2025 553 2063 Wnss.

198 2083 305 2123 351.
336 2083 411 2122 26·
435 2077 602 2122 Ἀνεῖλε
621 2078 696 2121 τὸν
715 2075 875 2134 ἄνδρα]
915 2078 959 2117 In
979 2080 1127 2130 egregii
1144 2078 1222 2116 viri
1250 2084 1372 2115 morte
1405 2076 1550 2114 descri-

83 2138 211 2177 benda
230 2139 455 2190 diligentius
475 2146 514 2176 et
542 2141 742 2188 operosius
759 2139 906 2176 versati
934 2144 1025 2173 sunt
1053 2136 1156 2174 Plut.
1177 2135 1290 2173 Eum.
1317 2148 1353 2185 p.
1378 2135 1481 2174 594.
1511 2140 1550 2171 et

85 2195 202 2235 Corn.
221 2195 352 2245 Nepos
373 2197 416 2232 in
441 2195 610 2232 eiusdem
634 2197 716 2233 vita
739 2207 770 2231 c.
796 2196 866 2235 12.
896 2193 1033 2231 WEss.

201 2253 307 2293 351.
336 2252 409 2291 33.
436 2247 528 2290 ‘’Yn
558 2246 808 2303 Ἀντιγόνου
830 2245 1023 2303 ἐτύγχανε
1047 2244 1397 2303 φιλανθρωπίας]
1431 2244 1550 2283 Fece-

83 2315 179 2347 runt
195 2307 290 2346 haec
318 2309 610 2349 benevolentiae
639 2308 831 2358 Antigoni
858 2310 899 2344 in
918 2306 1201 2356 Hieronymum
1230 2310 1478 2355 argumenta,
1508 2309 1551 2340 ut

85 2368 170 2403 eius
189 2368 230 2403 in
255 2365 454 2412 laudibus,
494 2365 639 2414 alioqui
665 2377 797 2414 aspere
828 2363 1040 2401 Alexandri
1074 2373 1319 2400 successores
1348 2360 1549 2396 traducere

85 2424 245 2469 solitus,
274 2422 460 2472 plurimus
483 2428 594 2458 esset.
635 2419 760 2458 Docet
778 2421 990 2458 Pausanias
1012 2419 1054 2457 L.
1076 2418 1104 2456 1.
1126 2420 1167 2458 9.
1198 2428 1233 2466 Ρ
1254 2417 1330 2458 23
1357 2416 1493 2453 WEss.

201 2479 307 2519 352.
338 2479 412 2517 39.
444 2478 518 2524 Εἷς
536 2474 612 2529 τὴν
634 2476 833 2529 ἐπαρχίαν
857 2499 905 2505 -
920 2471 1018 2528 ζΡοὶ)
1021 2489 1092 2522 ας,
1122 2472 1150 2526 ἢ
1173 2488 1329 2525 ταυτην
1343 2481 1414 2510 etc..
1427 2473 1441 2521 ]
1473 2471 1549 2508 Ea-

85 2535 172 2573 dem
203 2533 322 2572 Duris
353 2534 536 2571 Samius
527 2547 567 2571 in
599 2533 780 2571 Strabon.
811 2533 854 2572 L.
880 2532 909 2572 1.
945 2544 979 2581 p
1006 2533 1109 2572 103
1134 2529 1178 2571 C.
1217 2530 1377 2594 Δοῦρις
1408 2527 1451 2567 ὸὲ
1477 2525 1551 2573 τὰς

84 2590 384 2633 ΡΛΓΑΔΛΣ
393 2621 402 2638 ,
435 2587 510 2636 τὰς
540 2587 646 2629 κατὰ
676 2589 876 2642 Μηδίαν,
917 2584 1168 2655 ὠνομάσθαι
1198 2600 1347 2652 (pyum
1357 2581 1438 2624 ἐπὸ
1471 2598 1551 2622 σει-

87 2650 205 2699 σμῶν
223 2646 530 2688 ΡΑΓΕΙΣΗΣ
548 2648 622 2698 τῆς
644 2645 734 2700 περὶ
756 2643 831 2692 τὰς
851 2644 1049 2691 Κασπίας
1070 2639 1204 2690 πύλας
1227 2639 1430 2711 γῆς,ὡ’στε
1452 2637 1552 2678 ἀνα-

86 2707 295 2757 τραπῆναι
324 2699 462 2749 πόλεις
495 2700 672 2754 συχνὰς,
704 2717 774 2741 και
807 2715 970 2752 κωι,ιας
1017 2699 1086 2740 καὶ
1116 2696 1332 2750 ποταιιους
1365 2695 1552 2741 ποικίλας

86 2758 295 2813 μεταβολ
275 2775 324 2808 ας
343 2758 561 2807 aegusam.
592 2759 656 2796 ubi
676 2756 751 2805 τὰς
774 2757 979 2798 ΡΑΓΑΣ
995 2759 1188 2794 mavelim.
1221 2755 1288 2792 Sic
1310 2754 1412 2791 enim
1434 2753 1553 2788 ceteri

89 2820 278 2857 vocitant.
319 2816 615 2855 Audieumdem
642 2815 827 2854 Strabon.
859 2827 908 2852 ex
930 2814 1141 2852 Posidonio
1171 2812 1213 2849 Ι.
1232 2810 1305 2848 XI.
1326 2824 1361 2859 p.
1385 2809 1489 2849 783.
1510 2807 1553 2844 Β.

85 2872 273 2925 τούνοιια
292 2872 336 2913 δὲ
352 2878 446 2921 ταῖς
461 2872 691 2913 ΡΑΓΑΙΣ
708 2869 789 2912 ἀπὸ
812 2886 896 2911 των
914 2867 1143 2924 γενομένων
1161 2868 1372 2917 σεισμῶν)
1375 2880 1442 2904 ’.εν
1432 2863 1553 2903 ’σθαι

1159 2925 1216 2965 19
1245 2925 1264 2945 ³⁶
