1891 3310
385 178 452 219 IN
481 177 595 219 LIB.
625 176 761 219 XIX.
789 177 918 218 CAP.
946 180 1020 222 80.
1045 200 1094 209 -
1117 180 1191 223 83.
1416 185 1509 226 315

53 293 300 344 eumdemque
332 293 542 344 principem
572 292 736 343 Ioppen,
765 291 979 330 Samariam
1004 298 1042 330 et
1068 293 1246 341 Gazam,
1277 291 1510 333 adventante

51 354 228 390 maximis
260 363 344 387 cum
374 352 496 398 copiis
529 350 749 401 Antigono,
783 349 1042 398 destruxisse,
1073 349 1178 387 infra
1205 363 1237 388 c.
1264 351 1338 389 93.
1389 350 1510 400 Haec,

50 410 128 445 alia
148 415 192 444 ut
211 409 384 453 mittam,
409 405 613 443 Strabonis
635 407 709 443 ista
732 405 800 445 καὶ
820 403 1004 457 μένουσα
1033 402 1191 458 ἕρημος-
1206 407 1420 444 sollicitant
1440 421 1510 445 ve·-

51 463 261 509 hementer,
287 473 480 513 paeneque
499 462 683 509 efficiunt,
707 469 751 499 ut
772 475 858 500 cum
878 461 1070 499 Palmerio
1089 461 1285 499 adscititia
1303 469 1510 511 autumem,

51 522 277 569 praesertim
298 520 479 566 quoniam
499 517 707 567 Xylander
727 518 915 556 vertendo
948 518 1079 554 eadem
1110 520 1319 567 praeteriit.
1356 518 1509 557 Utcun-

50 589 124 628 que
148 576 187 613 id
215 575 418 621 ceciderit,
448 586 653 621 persevero
685 587 729 611 ea
756 574 797 611 in
823 575 1030 622 opinione,
1057 573 1247 624 duplicem
1275 575 1396 612 fuisse
1429 574 1511 613 Ga-

52 646 160 679 zam,
191 631 386 680 proboque
419 632 487 666 illa
506 629 739 679 Hieronymi
771 631 817 668 de
845 630 934 667 Loc.
967 628 1077 669 Saer.
1109 630 1381 679 vehementer,
1402 633 1512 669 anti-

52 703 155 741 quae
175 689 354 726 civitatis
374 683 544 737 (Gazae)
567 686 693 724 locum
711 688 781 724 vix
798 686 1159 733 fundamentorum
1169 687 1373 738 praebere
1387 691 1512 726 vesli-

49 748 147 796 gia:
189 744 292 782 hanc
323 750 476 789 (cutem,
506 755 608 793 quae
635 756 738 780 nunc
767 745 950 781 cernitur
987 745 1028 781 in
1063 744 1144 781 alio
1173 745 1283 791 loco,
1307 757 1389 796 pro
1421 745 1509 793 illa,

51 814 154 854 quae
176 802 343 846 corruit,
376 798 647 847 aedfficzctmn.
668 799 742 835 Adi
761 812 863 836 nunc
883 799 931 836 ad
952 797 993 835 S.
1014 798 1140 838 Lucae
1161 799 1205 836 A.
1226 801 1270 839 A.
1299 814 1380 850 cap.
1404 800 1510 839 V111.

51 859 141 905 26.‚
169 857 235 893 ubi
258 856 304 892 de
328 854 434 892 Gaza
459 852 564 906 αὕτη
586 853 697 893 ἐστὶν
726 851 890 906 ἕρημος,
923 861 962 892 et
981 853 1080 892 hanc
1101 855 1397 906 Palaegazam,
1417 860 1512 895 mis·-

51 915 105 951 sis
134 912 371 949 eruditorum
400 909 716 949 fluctuationibus
745 912 943 959 omnibus,
982 913 1170 964 intellige.
1217 912 1344 951 Habet
1366 913 1412 950 de
1439 914 1511 951 du-

49 970 142 1020 plici
170 967 277 1005 Gaza
304 966 517 1005 Palmerius
546 969 661 1004 etiam
687 966 862 1006 Exercit.
894 979 928 1015 p.
958 968 1032 1008 85.
1063 970 1274 1016 nonnulla,
1317 981 1437 1019 quae,
1466 976 1512 1007 ut

49 1027 146 1062 alias
169 1026 333 1061 fortasse
361 1023 582 1070 ostendam,
610 1024 824 1062 consistere
846 1036 926 1061 non
955 1032 1131 1075 possunt.
1172 1025 1259 1063 vid.
1289 1033 1328 1063 et
1359 1033 1442 1064 not.
1470 1028 1513 1064 in

51 1080 245 1119 Antonini
263 1079 397 1118 Itiner.
430 1092 467 1129 p.
494 1080 596 1121 151.
625 1079 762 1117 Wssss.

165 1150 271 1189 381.
294 1149 368 1188 36.
395 1145 557 1196 Καίπερ
578 1144 668 1196 νέος
689 1143 746 1188 ὢν
765 1146 992 1199 παντελῶς]
1021 1145 1147 1185 Annis
1166 1157 1259 1185 xxu
1278 1161 1359 1187 non
1376 1150 1512 1189 maior.

50 1203 196 1243 Confer
219 1216 324 1253 supr.
344 1217 376 1240 c.
399 1204 473 1244 69.
508 1202 649 1241 W‘ESS.

167 1263 272 1302 382.
311 1260 382 1299 50.
429 1261 518 1298 Τοῦ
545 1274 588 1298 τε
608 1255 766 1311 πατρὸς
784 1255 866 1311 ἤδη
896 1253 1192 1312 γεγηρακότος]
1224 1260 1384 1300 suidam
1406 1260 1514 1312 haec,

52 1324 91 1355 et
113 1329 208 1367 quae
227 1322 536 1364 consequuntur,
563 1318 814 1367 exscripsisse
834 1318 877 1354 in
893 1313 1153 1370 Δημήτριος,
1178 1316 1222 1356 L.
1242 1316 1413 1357 Kustero
1441 1320 1516 1356 mi-

53 1375 160 1412 nime
187 1376 314 1411 latuit.
343 1372 480 1409 IVESS.

168 1443 275 1482 382.
307 1441 379 1481 53.
409 1436 498 1478 ’Έτι
532 1436 577 1479 δὲ
605 1436 910 1492 κεκοσμημένος
937 1435 1081 1486 ὅπλοις
1108 1439 1368 1496 βασιλικοῖς]
1408 1441 1518 1481 Mera

54 1492 398 1549 παραόιόρθωσις
427 1503 485 1531 est
517 1494 612 1546 Reg.
646 1497 684 1535 l.
714 1499 926 1546 scriptura:
966 1498 1166 1548 vulgatam
1195 1497 1337 1536 Suidas
1367 1510 1517 1549 quoquc

55 1561 196 1592 tuetur.
223 1553 318 1590 Erat
339 1551 559 1590 Demetrius
578 1549 666 1607 ἰδέᾳ
685 1551 752 1589 καὶ
773 1548 911 1591 κάλλει
927 1549 1158 1605 προσώπου.
1173 1553 1428 1605 θαυμαστὸς
1449 1554 1518 1594 καὶ

53 1606 255 1662 περιττὸς,
276 1621 500 1658 omnemque
521 1607 698 1645 fictorum
719 1614 756 1644 et
775 1610 964 1656 pictorum
984 1616 1104 1646 artem
1123 1611 1397 1659 frustrabatur,
1413 1611 1519 1649 Plut.

54 1665 202 1704 Demet.
225 1678 259 1714 p.
282 1666 386 1706 889.
411 1664 461 1704 D.
491 1671 602 1704 teste.
653 1663 780 1701 Astris
798 1671 999 1714 propterea
1026 1672 1066 1702 et
1089 1668 1184 1714 soli,
1213 1674 1404 1704 astrorum
1432 1669 1520 1717 pul-

56 1726 244 1770 cerrimo‚
283 1728 515 1772 conparatur
544 1723 585 1758 in
614 1719 870 1770 Ithyphallico
905 1722 1076 1759 carmine
1102 1723 1203 1773 apud
1222 1722 1362 1760 Athen.
1382 1722 1427 1763 L.
1453 1723 1520 1761 VI.

60 1780 148 1826 15„
182 1780 295 1816 sicuti
326 1779 444 1826 probe
464 1778 615 1815 monuit
641 1789 804 1830 magnus
835 1775 1151 1818 Animadversor.
1197 1778 1310 1819 conf.
1341 1780 1446 1819 infra
1475 1780 1520 1818 L.

59 1834 155 1873 XX.
175 1836 248 1874 93.
272 1834 414 1872 Wrzss.

175 1892 280 1931 382.
307 1892 379 1931 77.
424 1887 509 1929 Καὶ
532 1883 873 1942 πλαγιοφύλακας
894 1885 971 1936 τὰς
993 1886 1112 1942 ἴσας]
1148 1890 1241 1929 Scio
1269 1885 1462 1944 φύλακας
1481 1898 1523 1929 et

58 1943 272 2002 φυλάκους
294 1954 444 1985 veteres
464 1945 625 1982 subinde
643 1945 844 1995 probasse,
870 1944 1143 1996 decretumque
1159 1947 1359 1986 Eustathii
1377 1950 1418 1985 in
1438 1947 1522 1985 Ho-

59 2017 153 2042 mer.
174 2017 210 2052 p.
235 2004 370 2044 1365.
395 2004 463 2040 illa
483 2002 528 2038 de
546 2014 601 2049 re,
628 2014 700 2039 nec
716 2000 780 2038 hic
800 2007 928 2040 tamen
945 2005 1102 2054 recipio.
1133 2003 1321 2053 Superius
1341 2017 1423 2053 cap.
1446 2007 1522 2045 28.

59 2059 238 2114 πλαγίας
266 2054 560 2112 φυλαττούσας
581 2055 658 2107 ἔξω
677 2059 753 2098 τοῦ
788 2055 960 2111 κέρατος
982 2057 1074 2108 ἰλας
1097 2063 1349 2110 nuncupavit.
1379 2060 1521 2098 VVEss.

176 2127 282 2168 383.
316 2128 387 2167 10.
409 2122 592 2172 ’Έταξαν
613 2123 657 2165 δὲ
677 2123 741 2166 ἐπὶ
762 2127 837 2166 τοῦ
866 2123 1039 2179 κέρατος
1055 2130 1128 2167 τοῦ
1148 2130 1232 2168 τῶν
1253 2129 1352 2179 etc.]
1386 2128 1522 2166 Scribe

62 2181 128 2223 ἐπὶ,
148 2185 222 2223 τοῦ
252 2180 424 2235 κέρατος
454 2177 605 2222 τούτου
628 2184 714 2222 τῶν
744 2179 850 2229 inm,
876 2189 921 2220 ut
942 2190 1031 2234 post
1051 2198 1172 2237 pauca
1191 2183 1423 2239 προέταξαν
1446 2185 1523 2225 τοῦ

64 2238 236 2295 κέρατος
254 2234 403 2279 τούτου
425 2237 494 2278 καὶ
516 2235 569 2277 τὰ
587 2233 745 2291 ψιλικά.
774 2238 914 2277 Wssss.

182 2308 290 2348 383.
327 2308 398 2347 13.
439 2304 701 2357 Κομίζοντας
725 2302 894 2359 χάρακα
923 2305 1281 2361 σεσιδηρωμένον]
1327 2307 1526 2346 Sollemne

67 2364 116 2402 ad
136 2364 334 2401 beluarum
358 2365 603 2413 equitumque
628 2365 908 2412 inpressionem
932 2365 1203 2412 inpediendam
1218 2368 1422 2403 inventum
1443 2371 1527 2402 erat

69 2424 340 2470 κατασπεῖραι
358 2415 577 2471 τριβόλους
595 2418 790 2471 σιδηροῦς
809 2417 834 2471 ἢ
856 2418 1031 2466 σανίδας
1048 2417 1265 2473 ἐκβάλλειν
1284 2419 1528 2475 κεντρωτάς,

70 2480 130 2515 uti
153 2477 254 2513 Plut.
278 2478 316 2512 in
337 2474 613 2525 Apophthegm.
633 2488 668 2524 p.
690 2477 797 2515 200.
814 2475 857 2513 Β.
883 2478 1066 2526 loquitur.
1110 2476 1254 2530 Relege
1291 2490 1386 2527 quae
1422 2478 1528 2515 dicta

70 2534 121 2572 ad
141 2533 183 2570 L.
202 2531 344 2569 XVIII.
368 2534 439 2573 71.
467 2532 636 2569 fuerunt.
662 2531 799 2570 VVESS.

188 2601 293 2641 383.
317 2599 390 2639 34.
423 2597 544 2638 Κατὰ
566 2597 610 2637 δὲ
628 2597 703 2650 τὴν
722 2596 916 2651 δευτέραν
937 2597 1212 2653 ἐπιστροφὴν]
1244 2601 1354 2638 Nihil
1371 2612 1529 2637 moveor

72 2657 230 2694 illorum
251 2655 370 2695 Codd.
393 2657 568 2704 imperio,
594 2655 688 2692 haec
708 2658 774 2704 qui
791 2662 954 2693 mutant.
983 2655 1137 2695 Tritum
1158 2665 1216 2695 est
1234 2661 1273 2695 in
1295 2658 1529 2695 Graecorum

74 2713 215 2750 militia
243 2710 434 2765 ἐπιστροᾳ
447 2715 495 2763 ῆς
524 2712 754 2749 vocabulum
783 2712 883 2762 apud
915 2713 1117 2751 Aelianum
1141 2713 1256 2753 Tact.
1281 2728 1313 2752 c.
1337 2715 1436 2759 31..
1473 2712 1532 2749 ‹li-

77 2775 290 2817 cunturque
311 2765 564 2822 ἒπιστροφὴν
584 2769 818 2817 ποιεῖσθαι,
845 2770 912 2819 qui
939 2771 982 2808 in
1001 2768 1150 2809 hostem
1169 2772 1308 2809 iterum
1339 2783 1422 2807 sese
1440 2782 1533 2806 con-

80 2831 250 2862 vertunt.
274 2824 408 2862 WVESS.
