1891 3310
416 159 482 200 IN
511 158 624 209 LIB,
650 157 806 215 XVII,-
838 156 966 211 QAP.
1002 158 1106 213 103.
1138 161 1242 201 104.
1466 164 1559 204 213

284 273 395 313 Unus
421 272 582 313 Pellaeo
608 273 744 313 &aveni
765 284 843 319 non
871 269 1024 320 sufficie
1047 271 1166 323 orbis,

278 331 452 369 Aestuat
473 330 621 377 infelix
646 335 817 380 angusto
838 327 962 368 limite
992 329 1127 368 mundi

283 387 341 428 Lft
371 388 536 437 Gyarae
565 387 724 425 clausus
751 385 923 436 scopulis
944 397 1158 436 parvaque
1185 382 1370 437 Seripho«

110 445 227 482 sicuti
251 443 296 481 de
315 457 360 482 eo
380 445 486 481 canit
508 442 702 480 luvenalis
727 440 809 480 Sat.
826 440 880 479 X.
905 443 1007 483 178.
1035 440 1170 480 VVESS.

224 501 328 540 2⁴11.
352 500 423 540 73.
457 498 530 544 Εἷς
546 494 778 551 τοὶ“Ύαλα]
817 495 918 536 Utra
937 499 1080 536 certior
1109 500 1160 535 sit
1185 498 1376 547 scriptura
1405 494 1554 537 Tama

109 568 160 594 an
181 552 319 594 “Yam
347 567 427 594 non
450 555 573 592 audeo
601 553 818 594 decernere.
855 552 1006 594 Nomen
1023 555 1130 593 urbis
1151 555 1323 605 plerique
1345 566 1478 593 onmes
1502 556 1555 592 si-

107 612 228 649 lentio
249 617 506 660 praetereunt.
533 610 666 648 Wrss.

219 669 327 710 241.
356 670 429 709 76.
472 669 569 707 Τῶν
589 663 694 706 κατὰ
720 661 899 717 πόλεμον
926 661 979 719 ἦ)
981 661 1158 718 οὗμενοι.
1183 662 1479 719 πραττομένων
1511 663 1556 705 δὲ

107 730 184 764 etc.
197 725 214 772 ]
252 724 354 762 Sunt
370 723 463 762 haee
482 725 760 773 exscriptorum
780 724 891 772 culpa
910 723 1081 761 confusa.
1113 722 1283 759 Dederat
1309 729 1443 760 auctor
1469 724 1554 762 τῶν

108 777 216 820 κατὰ
235 776 314 820 πό)
305 794 416 832 εμον
430 777 725 833 πραττομένων
743 774 974 831 ἡγούμενοι·
997 781 1080 818 τῶν
1103 777 1148 818 δὲ
1165 772 1381 832 γερόντιον,
1403 777 1554 815 utbene

107 835 347 874 Rhodon1.in
360 834 894 882 Add.valebatinhis1ndis,
914 835 1018 883 quod
1027 834 1187 884 bpartae
1199 836 1347 885 legibus
1359 841 1555 885 receptum

107 898 212 941 erat,
238 898 283 930 ut
311 893 425 930 binos
454 892 640 930 baberent
659 904 770 942 reges
783 921 796 941 ,
825 902 987 940 quorum
1007 904 1051 928 ea
1068 893 1110 928 in
1128 891 1223 928 urbe
1239 894 1338 928 alter
1357 905 1406 929 ex
1423 891 1554 942 Eury-

107 948 370 990 sthenidarum
390 961 538 998 semper
557 954 641 986 erat
659 948 819 997 familia,
842 961 863 984 e
882 946 1071 985 Proclidis
1095 949 1206 988 alter
1245 945 1418 999 Regibus
1435 948 1554 996 adpo-

107 1007 172 1043 siti
203 1011 314 1043 erant
345 1011 562 1053 senatores,
588 1002 798 1058 γέροντες,
830 1005 967 1042 summi
984 1005 1215 1052 reipublicae
1234 1005 1494 1042 moderatores
1514 1010 1554 1041 et

108 1061 264 1110 quidam
283 1063 392 1110 quasi
414 1060 572 1099 domini.
614 1060 728 1100 Unde
749 1059 1061 1107 ἕπιστατοῦντες
1081 1056 1210 1099 ἅπασι
1233 1064 1320 1106 τοῖς
1339 1074 1448 1113 πρα)
1449 1073 1553 1111 μασι

107 1117 269 1155 Isocrati
287 1117 430 1169 Paneg.
449 1132 484 1168 p.
502 1118 607 1158 389.
599 1145 622 1166 .‚
641 1120 782 1166 quique
802 1129 889 1154 eum
909 1119 950 1154 in
968 1123 1142 1154 senatum
1161 1117 1325 1154 allectus
1346 1119 1429 1157 τῶν
1450 1117 1554 1156 πολ-

107 1175 192 1213 λῶν
221 1170 423 1226 δεσπότης
442 1173 693 1211 Demostheni
713 1174 814 1210 Or.'
803 1186 845 1210 m
867 1172 1016 1221 Leptin.
1044 1187 1080 1223 p.
1105 1173 1212 1212 300.
1245 1173 1363 1210 Plura
1384 1173 1461 1210 alia
1482 1171 1553 1209 hoc

107 1230 154 1267 de
175 1237 394 1268 senatorum
416 1243 599 1268 consessu
615 1229 664 1267 N.
679 1228 840 1280 Cragius
859 1229 904 1266 de
925 1230 1061 1268 Laced.
1078 1226 1240 1278 Republ.
1254 1227 1297 1265 L.
1321 1228 1384 1267 lV.
1408 1230 1465 1277 3.,
1487 1242 1555 1265 cu·-

106 1289 168 1324 ius
197 1287 411 1325 observatis
436 1287 597 1338 adiungi
626 1289 782 1337 elegans
812 1293 937 1336 potest
965 1286 1074 1325 locus
1094 1298 1144 1324 ex
1166 1285 1340 1338 Archyta
1371 1285 1472 1334 apud
1497 1284 1551 1322 Io.

107 1341 318 1382 Stobaeuni
339 1341 420 1381 Tit.
440 1342 546 1383 XLI.
570 1356 604 1392 p
626 1342 902 1385 269.W1;ss.

222 1400 328 1439 241.
345 1413 360 1439 ι
343 1401 416 1440 9.
444 1397 530 1439 Τὸν
547 1399 591 1438 δὲ
601 1396 744 1439 λοιπὸν
760 1394 908 1439 στόλον
922 1393 1428 1467 παραδουςΝεάρχρ.)εῒο]
1452 1396 1553 1435 Con-

106 1455 202 1495 ferri
224 1456 335 1492 debet
348 1455 502 1494 Curtius
523 1454 597 1494 IX
623 1458 696 1498 10.
719 1457 762 1496 3
784 1463 822 1494 et
840 1455 999 1494 Arrian.
1010 1453 1152 1506 Λν.αβ
1177 1454 1221 1492 L.
1242 1454 1307 1492 VI.
1321 1457 1397 1496 21.
1416 1454 1554 1492 Wssss.

220 1513 330 1553 241·
361 1513 435 1555 87.
479 1509 593 1559 Τους
610 1510 686 1565 μὲν
704 1509 782 1566 γὰρ
797 1506 1019 1564 Ἀρβιτας]
1059 1510 1149 1550 Una
1168 1511 1355 1548 duntaxat
1374 1519 1552 1560 tianspo-

107 1570 183 1609 sita
206 1569 319 1606 litera
339 1570 450 1620 genti
469 1582 578 1605 suum
596 1581 737 1607 nomen
759 1568 932 1616 reddidi,
968 1567 1068 1606 nihil
1086 1568 1137 1609 Is.
1157 1569 1296 1607 Vossio
1316 1568 1363 1605 ad
1384 1568 1474 1605 libri
1493 1572 1554 1605 sui

107 1626 324 1675 marginem
351 1626 612 1663 dissentiente.
654 1624 711 1662 Ab
731 1624 864 1663 Indiae
893 1624 1013 1664 fluvio
1034 1625 1127 1662 Arbi
1146 1622 1327 1662 accolae
1329 1622 1498 1676 Ἀρβιες
1526 1621 1552 1675 Ξ]

103 1679 115 1692 '
118 1681 328 1732 ..49c351m7
361 1680 557 1730 Stephano
578 1687 677 1719 teste
693 1683 735 1719 in
757 1679 940 1734 ”Λρβις,
972 1680 1217 1719 dicebantur:
1257 1681 1417 1718 subinde
1437 1684 1555 1718 etiam

108 1737 236 1785 Armi,
262 1739 321 1775 Α)-
323 1738 471 1785 abitae,
496 1733 696 1790 ’Λράβιες
715 1737 857 1784 Plinio,
886 1736 1018 1774 Curtio
1037 1744 1076 1774 et
1101 1738 1277 1784 Arriano,
1304 1737 1476 1787 quemad·
1467 1751 1555 1774 ,no-

108 1794 199 1830 dum
219 1807 376 1843 operose
396 1794 565 1831 ostendit
593 1792 649 1831 Cl.
672 1793 916 1831 Salmasius·
905 1805 947 1830 ln
967 1791 1091 1831 Solin.
1122 1807 1158 1844 p.
1184 1795 1289 1835 829,
1303 1821 1314 1842 ⁷
1343 1797 1406 1830 cui
1425 1796 1554 1832 omnia

108 1849 222 1887 debet
241 1850 290 1887 ad
309 1850 462 1887 Arrian.
483 1863 592 1887 suum
614 1849 657 1889 Ι.
675 1849 740 1887 Vl.
770 1850 935 1902 p..418
958 1848 1007 1888 N.
1027 1848 1275 1888 Blaneardus
1307 1850 1383 1887 Wi:
1388 1860 1442 1888 ss.

220 1907 327 1947 241
350 1906 426 1947 90.
451 1903 540 1945 ’Ena
559 1903 610 1946 τὰ
631 1904 900 1960 Νεωτερίὸος
909 1902 1022 1958 ὅρια]
1053 1906 1154 1956 Lege
1173 1905 1397 1960 N'empc'dog.
1415 1905 1551 1942 Rnon.

104 1958 192 2001 En}
215 1977 267 2001 τα
285 1960 488 2015 Ὡριτίὸος
508 1959 621 2016 ὅρια]
651 1962 718 2000 Sic
739 1964 904 2009 correxi,
924 1964 1035 2000 cuius
1050 1964 1219 1999 instituti
1238 1976 1409 2000 caussam
1422 1964 1555 2011 aequis

105 2019 266 2056 arbitris
281 2032 341 2056 me
363 2020 610 2068 probaturum
629 2019 793 2057 confido.
838 2019 969 2058 Primo
989 2021 1086 2057 citra
1104 2026 1265 2057 conum
1267 2032 1326 2056 ei
1311 2021 1405 2057 iam
1424 2019 1556 2056 mendi

105 2077 256 2112 macula
283 2075 505 2124 adspersum
530 2082 589 2114 est
613 2078 828 2126 vulgatum.
868 2074 1018 2114 Deinde
1039 2082 1193 2126 gentem
1221 2077 1392 2124 plerique
1422 2088 1554 2113 omnes

107 2133 337 2180 scriptorum
364 2130 550 2185 Ὠρείτας
577 2134 660 2170 sive
687 2130 855 2179 Ὠρίτας
883 2138 1128 2182 nuncupant,
1167 2132 1243 2171 nisi
1271 2133 1305 2168 si
1333 2144 1407 2181 qua
1437 2133 1555 2168 simili

107 2189 207 2224 vitio
236 2187 316 2224 sint
343 2190 463 2237 pravi.
501 2187 588 2226 Hoc
616 2191 806 2237 amp-lius,
841 2187 981 2228 Oridis
997 2194 1036 2226 et
1056 2189 1145 2225 dein
1170 2187 1380 2226 oritarum
1401 2200 1554 2234 nomen,

107 2243 210 2291 quod
240 2241 385 2292 Cospus
415 2257 464 2281 ex
492 2247 572 2282 suis
600 2244 749 2283 schedis
777 2247 990 2296 expressit,
1019 2258 1042 2282 a
1061 2247 1299 2283 correctione
1319 2258 1401 2282 mea
1422 2258 1556 2294 parum

108 2307 175 2337 aut
201 2298 299 2336 nihil
326 2300 508 2338 deflectit.
528 2317 532 2321 ¹
550 2302 654 2345 Quin
681 2303 841 2351 ipsemet
873 2307 1010 2340 auctor
1035 2308 1211 2338 extremo
1245 2313 1326 2349 cap.
1360 2302 1464 2342 105.
1488 2314 1554 2337 eos

113 2356 255 2395 Oritas
273 2357 485 2393 clarissime
505 2355 694 2407 adpellat,
719 2364 764 2396 ut
795 2357 952 2396 dubium
982 2370 1065 2394 esse
1098 2366 1283 2405 nequeat,
1314 2360 1407 2406 quin
1437 2358 1555 2394 simili

107 2413 224 2449 modo
239 2414 410 2463 regionis
431 2426 571 2451 nomen
595 2420 634 2451 et
654 2413 716 2452 hie
737 2416 947 2464 scripserit.
988 2413 1118 2450 Habes
1135 2415 1329 2451 rationum
1350 2414 1553 2459 momenta,

107 2469 245 2517 quibus
267 2468 522 2520 Νεωτερίδος
543 2476 581 2506 et
608 2471 712 2507 infra
732 2471 956 2522 Νεωριτῶν
977 2471 1132 2507 titulum
1160 2473 1443 2507 inmutaverim.
1478 2469 1553 2505 Ac-

107 2527 189 2575 cipe
223 2537 326 2562 nunc
348 2527 437 2563 vitii
458 2528 672 2577 originem,
708 2538 822 2576 quam
839 2525 1077 2564 Freinshem.
1102 2526 1150 2564 atl
1172 2525 1549 2566 Curtiil,.1X.10.

110 2584 153 2622 6.
176 2581 275 2618 hanc
295 2585 446 2631 reperit.
477 2581 674 2632 Scriptum
696 2584 816 2621 fuisse
834 2583 902 2622 H
890 2581 1030 2624 QPIT
1025 2581 1132 2629 AB,
1160 2589 1204 2620 ut
1224 2582 1276 2622 H
1289 2589 1389 2619 osset
1408 2581 1552 2632 ἐπιση-

107 2652 188 2687 μον
219 2644 257 2674 et
287 2638 495 2687 adspiratio
523 2638 735 2687 duntaxat,
766 2652 845 2677 non
867 2640 997 2676 litera.
1027 2639 1206 2676 librarios
1228 2652 1337 2676 usum
1362 2639 1553 2676 eiusmodi

107 2694 379 2741 adspirationis
411 2707 491 2731 non
521 2696 738 2743 capientes,
769 2708 852 2734 eam
873 2697 914 2732 in
941 2696 1138 2745 proximae
1170 2695 1316 2745 figurae
1348 2697 1495 2732 literam
1515 2694 1549 2731 N

109 2756 373 2797 conmutasse,
411 2752 468 2788 sic
499 2762 547 2788 ex
575 2750 878 2791 ΗΩΡΙΤΑἹΣ
905 2754 1128 2803 progenitos
1156 2763 1239 2788 esse
1268 2750 1551 2797 NfflPITAE,

109 2813 147 2841 et
176 2805 330 2854 tandein
356 2804 679 2847 NEQPITAE.
715 2806 838 2845 Acuta
854 2808 922 2846 ine
941 2807 1118 2858 quidem,
1141 2809 1256 2848 sicuti
1278 2814 1317 2844 et
1333 2805 1550 2854 lsserkelius,
