1891 3310
361 162 429 203 ΙΝ
459 161 573 202 LlB.
602 161 890 204 xv1.cAP.
926 166 1157 207 18.-·22.
1440 168 1500 211 89

51 275 223 319 Timoth.
253 289 289 319 c.
311 276 354 319 3.
394 274 468 316 Fit
484 274 735 317 Menestheus
752 283 945 331 praetor,
962 277 1080 326 filius
1106 276 1350 330 Iphicratis,
1378 290 1505 329 gener

55 335 275 384 Timothei,
302 340 365 381 et,
390 339 436 371 ut
464 333 520 371 ad
547 332 685 371 bellum
711 334 1024 385 proficiscatur,
1053 335 1295 373 decernitur.
1333 333 1443 374 Huic
1463 338 1503 374 in

51 392 256 435 consilium
271 392 422 429 dantur
443 391 518 428 duo
541 401 615 427 usa
634 392 912 441 sapientiaque
925 396 1210 443 praestantes,
1233 397 1362 442 pater
1381 398 1422 429 et
1442 404 1506 429 so-

51 448 334 499 cer-,quadiu
365 446 428 483 lzis
459 451 575 483 tanta
605 453 699 484 erat
727 448 975 494 auctoritas,
1012 453 1060 484 at
1084 460 1234 496 magna
1270 458 1361 499 spes
1390 454 1508 497 esset,

50 507 200 545 amissa
219 515 341 556 posse
369 503 620 554 recuperari.
659 502 764 540 Idem
794 502 976 541 docuerat
1004 501 1221 554 Dionysius
1249 503 1292 540 in
1320 501 1506 542 Dinarch.

50 575 87 614 p.
103 563 124 602 l
139 562 224 608 l9-‚
251 559 331 597 nisi
350 560 564 596 orationem
580 560 729 596 incuria
747 559 930 608 quaedam
943 561 1190 609 corrupisset.
1221 557 1508 598 subveniamus

50 617 235 668 scriptori
254 616 421 664 optimo,
453 628 642 667 suumque
657 616 718 652 illi
738 615 956 656 reddamus
989 615 1057 653 Sic
1075 615 1221 653 editur.
1252 613 1408 683 εἴρηται
1426 612 1507 669 γὰρ

51 672 116 713 ἐπὶ
135 674 209 713 τοῦ
230 685 412 724 στρατιῃ
415 672 464 710 οὗ
497 668 757 721 Τιμοθέου
734 674 909 721 ςῶντος,
934 669 1041 712 κατὰ
1060 669 1134 712 τὸν
1146 667 1307 741 χρόνον
1331 668 1405 712 τὸν
1416 673 1510 738 τῆς

50 727 157 783 μετὰ
177 725 625 769 ΝΕΜΕΣΘΕΣΕΩΣ
651 727 923 780 στρατηγίας,
969 725 1032 782 ἔφ’
1054 727 1081 782 ᾗ
1108 725 1185 775 τὰς
1205 723 1429 774 εὐθυνας”
1407 743 1510 768 vno-

53 784 166 838 σχὼν
184 780 304 826 ἑάλω.
341 782 406 821 Tu
427 796 575 821 mecum
603 784 778 824 MENE
777 782 978 824 ΣΘΕΩΣ
1001 785 1155 836 refinge
1175 791 1214 822 et
1242 785 1395 822 felicem
1415 783 1510 836 Syl-

52 844 180 895 burgii
200 840 432 878 industriam
451 839 497 877 ab
517 853 621 879 vero
634 841 857 891 longissime
878 840 1102 890 deflexisse,
1127 843 1280 879 mirare.
1308 840 1452 880 lVEss.
1518 870 1521 874 .

162 899 242 940 ·.98
279 897 355 937 49.
398 892 813 948 Ἐπιμαρτυρόμενος
843 900 931 944 τοῖς
964 893 1266 949 στρατιώταις]
1314 896 1402 936 Etsi
1425 908 1511 936 non

53 955 195 994 oblitus
223 956 296 991 sim
328 953 500 991 Paullini
531 964 579 990 ex
607 951 677 1002 Ep.
710 953 759 990 ad
787 953 915 993 Galat.
946 952 992 992 V.
1011 954 1055 993 3.
1085 949 1355 1006 μαρτύρομαι
1387 951 1512 992 ’παντὶ

52 1006 295 1068 ἀνθρώπῳ,
331 1010 485 1046 mallem
513 1005 612 1056 τοὺς
642 1023 910 1062 στρατιιυτας.
950 1009 1051 1047 Illud
1078 1012 1182 1048 enim
1213 1010 1409 1048 diversum
1441 1015 1513 1049 est.

54 1067 114 1107 De
138 1080 181 1106 re
204 1068 288 1117 ipsa
310 1063 427 1103 Corn.
447 1064 576 1134 Nepos
601 1063 772 1104 Timoth.
801 1080 835 1106 c.
859 1067 901 1106 3.
925 1065 1061 1104 WEss.
1173 1068 1176 1071 '

169 1125 245 1165 98.
279 1122 351 1162 52.
397 1117 449 1161 O:
479 1119 522 1162 δ’
551 1118 785 1174 Ἀθηναῖοι
819 1120 1175 1174 παροξυνθέντες]
1216 1120 1358 1160 Iterum
1382 1119 1513 1172 Nepos

57 1194 91 1219 c.
103 1181 145 1221 3.
180 1179 238 1219 Ob
259 1192 345 1217 eam
364 1191 448 1216 rem
468 1179 508 1216 in
527 1180 675 1217 crimen
689 1178 939 1217 vocabantur
957 1177 1187 1232 (Iphicrates
1199 1185 1238 1216 et
1251 1174 1514 1232 Timotheus.)

58 1237 233 1288 Populus
257 1248 368 1282 acer,
393 1236 604 1287 suspicax,
632 1237 799 1283 mobilis,
819 1237 1094 1284 adversarias,
1123 1236 1280 1274 invidas
1299 1236 1420 1273 etiam
1431 1247 1513 1287 po-

57 1296 221 1341 tentiae,
246 1294 398 1330 domum
427 1298 608 1339 revocat,
637 1299 857 1331 accusatur
879 1294 1135 1344 proditionis.
1161 1291 1254 1330 Hoc
1273 1293 1419 1330 iudicio
1441 1292 1516 1331 da-

54 1357 218 1390 mnatur
241 1348 488 1396 Timotheus,
518 1350 644 1399 lisque
667 1352 752 1388 eias
779 1351 1020 1387 aestimatur
1039 1355 1194 1387 centum
1225 1349 1400 1386 talentis.
1442 1345 1516 1385 Cui

58 1408 104 1446 de
132 1413 286 1444 centum
316 1405 471 1442 talentis
491 1405 709 1443 adsentitur
731 1405 951 1444 Dinarchus
979 1405 1047 1443 Or.
1075 1406 1119 1443 in
1136 1404 1336 1443 Demosth.
1367 1418 1404 1455 p.
1425 1405 1516 1452 92.,

56 1463 122 1501 sed
145 1463 225 1501 levi
242 1463 341 1500 vitio
373 1461 617 1511 deturpatus:
646 1459 733 1501 ἀλλ’
760 1457 907 1502 ἑκατόν
934 1458 1154 1509 ταλάντοις
1180 1457 1422 1513 ἐτιμήσατε,
1451 1457 1515 1500 ὅτι

49 1515 229 1572 χρήματ’
254 1514 381 1564 αὐτὸς
399 1513 477 1570 ἔφη
498 1515 611 1568 παρὰ
620 1517 741 1558 Χίων
761 1516 971 1572 εἰληφέναι
990 1517 1059 1558 καὶ
1073 1514 1257 1558 Ῥοδίων.
1287 1515 1413 1562 Quid?
1435 1517 1517 1566 ipse

56 1589 98 1614 se
127 1573 355 1613 'limotheus
378 1573 517 1611 detulit
543 1580 581 1613 et
607 1574 908 1626 repetundarum
933 1572 1156 1614 accusavit2
1202 1583 1350 1625 nugae,
1390 1585 1515 1622 neque

57 1632 161 1670 enim
180 1631 275 1669 adeo
305 1631 428 1668 famae
450 1636 489 1667 et
517 1632 654 1679 capitis
679 1634 739 1669 sui
757 1631 943 1683 prodigus
962 1632 1059 1669 fuit.
1101 1629 1272 1668 Dederat
1291 1635 1423 1668 orator
1452 1626 1517 1669 ὅτι

53 1684 233 1741 χρήματ’
267 1683 395 1727 αὐτὸν
412 1682 687 1740 Λριστοφῶν
716 1685 811 1740 ἔφη.
849 1686 1087 1736 Aristophon
1115 1693 1226 1724 actor
1253 1692 1359 1733 erat,
1386 1686 1519 1723 crimi-

56 1752 245 1794 natusque
264 1749 344 1790 est,
372 1741 619 1780 Timotheum
639 1752 678 1780 et
706 1743 934 1794 Iphicratem
961 1745 1123 1793 pecunia
1142 1749 1344 1791 corruptos
1362 1742 1422 1779 rei
1450 1754 1519 1792 ge-

57 1801 201 1839 rendae
230 1801 471 1837 occasionem
494 1801 724 1849 neglexisse.
769 1798 894 1837 Docet
921 1799 1142 1850 Polyaenus
1173 1797 1343 1850 Strateg.
1373 1797 1416 1835 L.
1448 1797 1517 1835 ΠΙ.

61 1859 104 1898 9.
127 1858 218 1903 29.,
249 1861 288 1892 et
308 1856 520 1891 clarissime
549 1858 721 1892 omnium
740 1854 961 1893 Dinarchus
989 1858 1150 1906 ipsemet
1176 1855 1243 1892 Or.
1264 1856 1306 1892 in
1325 1855 1521 1905 Aristogi-

60 1921 141 1952 ton.
163 1927 199 1963 p.
227 1912 353 1957 110„
385 1911 452 1947 ubi
471 1912 610 1958 verba,
634 1919 677 1948 ut
696 1925 740 1948 ea
759 1913 936 1962 explevi,
962 1915 1114 1962 repetit.
1155 1912 1278 1950 Porro
1298 1910 1521 1960 Iphicrates,

62 1982 174 2019 quem
193 1966 391 2005 Diodorus
423 1968 464 2003 in
497 1968 636 2017 capitis
657 1967 728 2005 hac
755 1967 891 2006 caussa
918 1968 1148 2006 damnatum
1165 1968 1286 2004 fuisse
1314 1967 1522 2018 significat,

61 2026 258 2063 absolutus
285 2030 364 2070 est,
389 2022 574 2074 Polyaen.
596 2023 686 2061 dict.
715 2025 786 2062 loc.
817 2031 855 2062 et
874 2022 990 2062 Corn.
1019 2024 1117 2074 Nep.
1136 2026 1178 2062 iu
1199 2023 1377 2073 lphicrat.
1406 2037 1440 2061 c.
1460 2024 1522 2073 3.‚

62 2095 148 2120 cum
167 2079 322 2118 Schotti
339 2085 455 2126 nota,
483 2080 790 2118 testificantibus.
824 2080 960 2119 WESS.

179 2137 254 2178 98.
281 2136 354 2177 58.
393 2131 666 2188 Ἀρταβάζου
689 2134 768 2189 γὰρ
789 2133 1075 2184 ἀποστάντος]
1105 2136 1328 2174 Accusabor
1355 2135 1523 2174 fortasse

63 2194 316 2240 temeritatis,
354 2194 420 2241 qui
439 2193 639 2241 'receptam
677 2195 908 2242 scripturam
935 2200 1082 2231 mutare
1113 2195 1386 2241 sustinuerim,
1423 2192 1526 2234 nihil

63 2249 291 2289 Plethonem
328 2255 367 2285 et
394 2255 544 2286 veteres
563 2250 706 2297 libros,
741 2252 784 2287 in
813 2250 952 2300 quibus
986 2244 1286 2303 Φαρνάβαζος,
1320 2251 1526 2287 reveritus.

65 2305 250 2344 caussam
269 2307 412 2353 accipe.
449 2305 696 2344 Artabazum
715 2308 910 2355 appellant
929 2319 1075 2352 omnes,
1101 2305 1352 2343 Demosthen.
1375 2306 1415 2342 in
1436 2304 1526 2342 Ari-

67 2368 220 2401 stocrat.
248 2374 283 2411 p.
307 2361 429 2408 428..
458 2361 644 2412 Polyaen.
676 2361 718 2398 L.
744 2362 830 2402 Vll.
865 2363 960 2410 33.‚
995 2362 1237 2401 confundens
1269 2367 1399 2399 tamen
1429 2362 1526 2398 duos

66 2418 238 2457 eiusdem
257 2419 441 2465 nominis,
462 2424 596 2456 auctor
613 2420 694 2467 ipse
715 2432 747 2456 c.
767 2420 841 2459 34.
872 2418 1049 2456 Eundem
1066 2420 1213 2466 reperit
1242 2431 1312 2454 suo
1332 2420 1372 2455 in
1394 2418 1526 2455 codice

68 2475 167 2526 Ang.
187 2472 356 2522 cuspus,
382 2474 741 2524 restituendumque
773 2482 1005 2513 censuerunt
1021 2476 1096 2514 viri
1115 2472 1328 2513 doctissimi
1358 2473 1526 2511 Simson.

69 2531 211 2569 Chron.
249 2528 298 2567 ad
328 2541 418 2566 ann.
448 2531 587 2571 3649.
617 2538 655 2568 et
683 2531 913 2581 Barbeyrac.
954 2531 1057 2569 Hist
1082 2529 1201 2568 Foed.
1231 2529 1275 2567 P.
1303 2529 1332 2567 l.
1358 2543 1393 2580 p.
1416 2530 1526 2570 216

68 2587 247 2636 Denique
266 2587 463 2634 pertritum
490 2587 661 2624 librariis
680 2594 752 2634 est,
789 2583 1068 2638 Φαρνάβαζον
1087 2590 1126 2623 et
1138 2579 1406 2640 Ἀρτάβαζον,
1426 2584 1529 2635 quod

71 2643 255 2692 exemplis
275 2647 388 2678 antea
407 2643 679 2693 patefecimus,
706 2643 909 2681 scribendo
929 2646 1169 2693 permiscere
1212 2643 1317 2686 Quae
1337 2642 1408 2679 tibi
1427 2642 1531 2679 levia

72 2701 106 2737 si
137 2696 393 2746 videbuntur,
429 2694 710 2752 Φαρναβαζον
740 2702 878 2738 retine.
923 2699 1022 2738 Mihi
1054 2699 1133 2737 alia
1162 2710 1296 2746 mens,
1324 2699 1529 2738 consilium

73 2755 189 2793 aliud.
220 2753 360 2791 VVESS.

189 2810 263 2852 98.
293 2811 366 2850 77.
404 2809 634 2861 Διαμείνας
665 2807 735 2864 ἔτι]
761 2800 886 2866 τρία]
927 2811 979 2851 Et
1005 2811 1078 2851 hoc
1110 2811 1239 2861 recepi
1270 2808 1369 2861 Ang.
1404 2806 1530 2860 Cospo
