<?xml version="1.0" encoding="UTF-8"?>
<!DOCTYPE html PUBLIC "-//W3C//DTD XHTML 1.0 Transitional//EN"
    "http://www.w3.org/TR/xhtml1/DTD/xhtml1-transitional.dtd">
<html xmlns="http://www.w3.org/1999/xhtml" xml:lang="en" lang="en">
 <head>
  <title>
</title>
<meta http-equiv="Content-Type" content="text/html;charset=utf-8" />
  <meta name='ocr-system' content='tesseract 3.04.00' />
  <meta name='ocr-capabilities' content='ocr_page ocr_carea ocr_par ocr_line ocrx_word'/>
</head>
<body>
  <div class='ocr_page' id='page_1' title='image "./bibliothecahisto05dioduoft_0105.png"; bbox 0 0 1891 3310; ppageno 0'>
   <div class='ocr_carea' id='block_1_1' title="bbox 417 144 1526 199">
    <p class='ocr_par' dir='ltr' id='par_1_1' title="bbox 417 144 1526 199">
     <span class='ocr_line' id='line_1_1' title="bbox 417 144 1526 199; baseline 0.002 -2"><span class='ocrx_word' id='word_1_1' title='bbox 417 157 480 197; x_wconf 79' lang='lat' dir='ltr'>IN</span> <span class='ocrx_word' id='word_1_2' title='bbox 517 156 628 197; x_wconf 83' lang='lat' dir='ltr'><strong>LIB.</strong></span> <span class='ocrx_word' id='word_1_3' title='bbox 657 144 783 195; x_wconf 74' lang='lat' dir='ltr'><strong>XVI.</strong></span> <span class='ocrx_word' id='word_1_4' title='bbox 814 154 946 194; x_wconf 81' lang='lat' dir='ltr'><strong>CAP.</strong></span> <span class='ocrx_word' id='word_1_5' title='bbox 977 155 1209 196; x_wconf 82' lang='lat'><strong>27.-30.</strong></span> <span class='ocrx_word' id='word_1_6' title='bbox 1455 159 1526 199; x_wconf 55' lang='lat'>195</span> 
     </span>
    </p>
   </div>
   <div class='ocr_carea' id='block_1_2' title="bbox 47 262 1526 2666">
    <p class='ocr_par' dir='ltr' id='par_1_2' title="bbox 74 262 1526 715">
     <span class='ocr_line' id='line_1_2' title="bbox 76 262 1526 323; baseline -0.002 -13"><span class='ocrx_word' id='word_1_7' title='bbox 76 268 318 322; x_wconf 62' lang='lat' dir='ltr'>pliciumssni</span> <span class='ocrx_word' id='word_1_8' title='bbox 343 268 419 323; x_wconf 81' lang='grc' dir='ltr'>τὴν</span> <span class='ocrx_word' id='word_1_9' title='bbox 439 268 660 311; x_wconf 77' lang='grc' dir='ltr'><em>Ναυπλίαν</em></span> <span class='ocrx_word' id='word_1_10' title='bbox 688 264 770 309; x_wconf 75' lang='grc' dir='ltr'>ἀπὸ</span> <span class='ocrx_word' id='word_1_11' title='bbox 801 269 877 319; x_wconf 79' lang='grc' dir='ltr'>τῆς</span> <span class='ocrx_word' id='word_1_12' title='bbox 896 262 1128 317; x_wconf 50' lang='grc' dir='ltr'><em>(Υαμπείας</em></span> <span class='ocrx_word' id='word_1_13' title='bbox 1148 268 1415 316; x_wconf 79' lang='lat' dir='ltr'>transtulisse3</span> <span class='ocrx_word' id='word_1_14' title='bbox 1451 281 1526 317; x_wconf 84' lang='lat' dir='ltr'>qua</span> 
     </span>
     <span class='ocr_line' id='line_1_3' title="bbox 77 323 1523 378; baseline -0.003 -11"><span class='ocrx_word' id='word_1_15' title='bbox 77 343 120 367; x_wconf 86' lang='lat' dir='ltr'>re</span> <span class='ocrx_word' id='word_1_16' title='bbox 139 329 400 378; x_wconf 86' lang='lat' dir='ltr'>suspicionem</span> <span class='ocrx_word' id='word_1_17' title='bbox 422 329 545 364; x_wconf 88' lang='lat' dir='ltr'>movit</span> <span class='ocrx_word' id='word_1_18' title='bbox 566 326 692 374; x_wconf 83' lang='lat' dir='ltr'>Ampl.</span> <span class='ocrx_word' id='word_1_19' title='bbox 715 324 763 362; x_wconf 88' lang='lat' dir='ltr'>G.</span> <span class='ocrx_word' id='word_1_20' title='bbox 783 323 931 373; x_wconf 86' lang='lat' dir='ltr'>Cupero</span> <span class='ocrx_word' id='word_1_21' title='bbox 952 323 1044 360; x_wconf 81' lang='lat' dir='ltr'><strong>obs.</strong></span> <span class='ocrx_word' id='word_1_22' title='bbox 1066 323 1109 362; x_wconf 90' lang='lat' dir='ltr'>L.</span> <span class='ocrx_word' id='word_1_23' title='bbox 1135 323 1198 363; x_wconf 79' lang='lat' dir='ltr'>[V.</span> <span class='ocrx_word' id='word_1_24' title='bbox 1222 324 1267 363; x_wconf 91' lang='lat'>4.</span> <span class='ocrx_word' id='word_1_25' title='bbox 1288 331 1415 373; x_wconf 85' lang='lat' dir='ltr'>petras</span> <span class='ocrx_word' id='word_1_26' title='bbox 1436 328 1523 362; x_wconf 83' lang='lat' dir='ltr'>illas</span> 
     </span>
     <span class='ocr_line' id='line_1_4' title="bbox 77 379 1524 427; baseline -0.003 -5"><span class='ocrx_word' id='word_1_27' title='bbox 77 386 260 422; x_wconf 88' lang='lat' dir='ltr'>conmuni</span> <span class='ocrx_word' id='word_1_28' title='bbox 279 385 433 421; x_wconf 88' lang='lat' dir='ltr'>nomine</span> <span class='ocrx_word' id='word_1_29' title='bbox 455 382 738 421; x_wconf 63' lang='lat' dir='ltr'>Phaedriadas</span> <span class='ocrx_word' id='word_1_30' title='bbox 756 381 876 417; x_wconf 82' lang='lat' dir='ltr'>fuisse</span> <span class='ocrx_word' id='word_1_31' title='bbox 899 386 1082 426; x_wconf 82' lang='lat' dir='ltr'>vocatas,</span> <span class='ocrx_word' id='word_1_32' title='bbox 1105 385 1144 416; x_wconf 87' lang='lat' dir='ltr'>et</span> <span class='ocrx_word' id='word_1_33' title='bbox 1166 392 1249 416; x_wconf 86' lang='lat' dir='ltr'>eam</span> <span class='ocrx_word' id='word_1_34' title='bbox 1268 379 1420 427; x_wconf 82' lang='lat' dir='ltr'>quidem</span> <span class='ocrx_word' id='word_1_35' title='bbox 1445 393 1524 421; x_wconf 89' lang='lat' dir='ltr'>non</span> 
     </span>
     <span class='ocr_line' id='line_1_5' title="bbox 76 435 1524 502; baseline -0.004 -23"><span class='ocrx_word' id='word_1_36' title='bbox 76 441 296 487; x_wconf 78' lang='lat' dir='ltr'><strong>absurdam,</strong></span> <span class='ocrx_word' id='word_1_37' title='bbox 311 441 497 477; x_wconf 82' lang='lat' dir='ltr'>incertam</span> <span class='ocrx_word' id='word_1_38' title='bbox 509 445 648 475; x_wconf 88' lang='lat' dir='ltr'>tamen.</span> <span class='ocrx_word' id='word_1_39' title='bbox 680 436 721 474; x_wconf 87' lang='lat' dir='ltr'>ld</span> <span class='ocrx_word' id='word_1_40' title='bbox 738 442 899 483; x_wconf 86' lang='lat' dir='ltr'>constat,</span> <span class='ocrx_word' id='word_1_41' title='bbox 911 448 1046 473; x_wconf 86' lang='lat' dir='ltr'>saxum</span> <span class='ocrx_word' id='word_1_42' title='bbox 1064 435 1174 482; x_wconf 90' lang='lat' dir='ltr'>illud,</span> <span class='ocrx_word' id='word_1_43' title='bbox 1193 435 1294 472; x_wconf 85' lang='lat' dir='ltr'>unde</span> <span class='ocrx_word' id='word_1_44' title='bbox 1317 438 1524 502; x_wconf 86' lang='lat' dir='ltr'>sacrilegos</span> 
     </span>
     <span class='ocr_line' id='line_1_6' title="bbox 76 486 1523 545; baseline -0.003 -11"><span class='ocrx_word' id='word_1_45' title='bbox 76 497 335 543; x_wconf 85' lang='lat' dir='ltr'>deiiciebant,</span> <span class='ocrx_word' id='word_1_46' title='bbox 362 507 477 545; x_wconf 84' lang='lat' dir='ltr'>prope</span> <span class='ocrx_word' id='word_1_47' title='bbox 496 493 733 544; x_wconf 82' lang='lat' dir='ltr'>Delphorum</span> <span class='ocrx_word' id='word_1_48' title='bbox 751 492 885 529; x_wconf 87' lang='lat' dir='ltr'>urbem</span> <span class='ocrx_word' id='word_1_49' title='bbox 906 493 1040 531; x_wconf 84' lang='lat' dir='ltr'>fuisse.</span> <span class='ocrx_word' id='word_1_50' title='bbox 1077 489 1138 531; x_wconf 89' lang='lat' dir='ltr'>Ov</span> <span class='ocrx_word' id='word_1_51' title='bbox 1159 486 1265 530; x_wconf 72' lang='grc' dir='ltr'>πάνυ</span> <span class='ocrx_word' id='word_1_52' title='bbox 1286 487 1428 545; x_wconf 77' lang='grc' dir='ltr'><em>πόὸῥω</em></span> <span class='ocrx_word' id='word_1_53' title='bbox 1450 495 1523 543; x_wconf 75' lang='grc' dir='ltr'>τῆς</span> 
     </span>
     <span class='ocr_line' id='line_1_7' title="bbox 74 546 1523 603; baseline -0.007 -10"><span class='ocrx_word' id='word_1_54' title='bbox 74 550 233 600; x_wconf 75' lang='grc' dir='ltr'><em>πόλεως</em></span> <span class='ocrx_word' id='word_1_55' title='bbox 253 547 354 598; x_wconf 59' lang='grc' dir='ltr'><strong><em>εἶναι</em></strong></span> <span class='ocrx_word' id='word_1_56' title='bbox 377 549 445 603; x_wconf 66' lang='grc' dir='ltr'>λ’έ)</span> <span class='ocrx_word' id='word_1_57' title='bbox 448 565 533 590; x_wconf 69' lang='lat' dir='ltr'>evat</span> <span class='ocrx_word' id='word_1_58' title='bbox 564 546 587 601; x_wconf 75' lang='grc' dir='ltr'><strong><em>ἦ</em></strong></span> <span class='ocrx_word' id='word_1_59' title='bbox 616 548 746 602; x_wconf 75' lang='grc' dir='ltr'><em>πέτρα</em></span> <span class='ocrx_word' id='word_1_60' title='bbox 776 548 932 586; x_wconf 83' lang='lat' dir='ltr'>Lucian.</span> <span class='ocrx_word' id='word_1_61' title='bbox 953 547 1063 586; x_wconf 82' lang='lat' dir='ltr'>Phal.</span> <span class='ocrx_word' id='word_1_62' title='bbox 1088 547 1117 584; x_wconf 89' lang='lat'>1.</span> <span class='ocrx_word' id='word_1_63' title='bbox 1141 549 1196 595; x_wconf 97' lang='grc'>6.,</span> <span class='ocrx_word' id='word_1_64' title='bbox 1223 559 1384 595; x_wconf 88' lang='lat' dir='ltr'>quorum</span> <span class='ocrx_word' id='word_1_65' title='bbox 1408 550 1443 584; x_wconf 87' lang='lat' dir='ltr'>si</span> <span class='ocrx_word' id='word_1_66' title='bbox 1461 561 1523 584; x_wconf 85' lang='lat' dir='ltr'>re-</span> 
     </span>
     <span class='ocr_line' id='line_1_8' title="bbox 75 603 1522 651; baseline -0.005 -5"><span class='ocrx_word' id='word_1_67' title='bbox 75 609 255 646; x_wconf 84' lang='lat' dir='ltr'>cordatus</span> <span class='ocrx_word' id='word_1_68' title='bbox 273 609 412 645; x_wconf 83' lang='lat' dir='ltr'>fuisset</span> <span class='ocrx_word' id='word_1_69' title='bbox 429 607 504 644; x_wconf 81' lang='lat' dir='ltr'>Iac.</span> <span class='ocrx_word' id='word_1_70' title='bbox 523 606 686 644; x_wconf 87' lang='lat' dir='ltr'>Palmer.</span> <span class='ocrx_word' id='word_1_71' title='bbox 710 605 846 643; x_wconf 87' lang='lat' dir='ltr'>Graec.</span> <span class='ocrx_word' id='word_1_72' title='bbox 872 604 960 641; x_wconf 86' lang='lat' dir='ltr'><strong>Ant.</strong></span> <span class='ocrx_word' id='word_1_73' title='bbox 980 604 1024 643; x_wconf 79' lang='lat' dir='ltr'><strong>L,</strong></span> <span class='ocrx_word' id='word_1_74' title='bbox 1040 603 1106 643; x_wconf 86' lang='lat' dir='ltr'><strong>VL</strong></span> <span class='ocrx_word' id='word_1_75' title='bbox 1135 606 1220 651; x_wconf 89' lang='grc'><strong>11.,</strong></span> <span class='ocrx_word' id='word_1_76' title='bbox 1248 606 1347 641; x_wconf 86' lang='lat' dir='ltr'>citra</span> <span class='ocrx_word' id='word_1_77' title='bbox 1365 603 1522 642; x_wconf 79' lang='lat' dir='ltr'>dubium</span> 
     </span>
     <span class='ocr_line' id='line_1_9' title="bbox 75 660 1277 715; baseline -0.006 -12"><span class='ocrx_word' id='word_1_78' title='bbox 75 678 158 703; x_wconf 87' lang='lat' dir='ltr'>esse</span> <span class='ocrx_word' id='word_1_79' title='bbox 176 666 478 715; x_wconf 80' lang='lat' dir='ltr'><strong>pronuntiasset,</strong></span> <span class='ocrx_word' id='word_1_80' title='bbox 506 662 608 712; x_wconf 89' lang='lat' dir='ltr'>quod</span> <span class='ocrx_word' id='word_1_81' title='bbox 629 661 883 699; x_wconf 82' lang='lat' dir='ltr'>coniectando</span> <span class='ocrx_word' id='word_1_82' title='bbox 904 661 1116 698; x_wconf 81' lang='lat' dir='ltr'>divinabat.</span> <span class='ocrx_word' id='word_1_83' title='bbox 1142 660 1277 698; x_wconf 68' lang='lat' dir='ltr'>Wssss.</span> 
     </span>
    </p>

    <p class='ocr_par' dir='ltr' id='par_1_3' title="bbox 47 714 1525 1613">
     <span class='ocr_line' id='line_1_10' title="bbox 191 714 1524 770; baseline -0.005 -9"><span class='ocrx_word' id='word_1_84' title='bbox 191 721 293 762; x_wconf 78' lang='grc'><strong>104.</strong></span> <span class='ocrx_word' id='word_1_85' title='bbox 315 721 390 760; x_wconf 80' lang='grc'><strong>26-</strong></span> <span class='ocrx_word' id='word_1_86' title='bbox 421 720 588 770; x_wconf 58' lang='lat' dir='ltr'>Boqae</span> <span class='ocrx_word' id='word_1_87' title='bbox 570 734 607 757; x_wconf 87' lang='grc' dir='ltr'>ιν</span> <span class='ocrx_word' id='word_1_88' title='bbox 627 716 668 770; x_wconf 56' lang='grc' dir='ltr'>ἒ)</span> <span class='ocrx_word' id='word_1_89' title='bbox 674 732 808 758; x_wconf 83' lang='grc' dir='ltr'><strong><em>ιωσαν</em></strong></span> <span class='ocrx_word' id='word_1_90' title='bbox 829 715 1007 756; x_wconf 78' lang='grc' dir='ltr'><em>Βοιωτοὶ</em></span> <span class='ocrx_word' id='word_1_91' title='bbox 1027 731 1095 755; x_wconf 86' lang='grc' dir='ltr'>και</span> <span class='ocrx_word' id='word_1_92' title='bbox 1086 714 1274 765; x_wconf 74' lang='grc' dir='ltr'><em>Λοκροι</em></span> <span class='ocrx_word' id='word_1_93' title='bbox 1293 714 1384 765; x_wconf 92' lang='lat' dir='ltr'>etc.]</span> <span class='ocrx_word' id='word_1_94' title='bbox 1402 716 1524 760; x_wconf 74' lang='lat' dir='ltr'>Quot-</span> 
     </span>
     <span class='ocr_line' id='line_1_11' title="bbox 75 772 1525 828; baseline -0.003 -13"><span class='ocrx_word' id='word_1_95' title='bbox 75 783 168 828; x_wconf 89' lang='lat' dir='ltr'><strong>quot</strong></span> <span class='ocrx_word' id='word_1_96' title='bbox 195 777 350 814; x_wconf 88' lang='lat' dir='ltr'>concilii</span> <span class='ocrx_word' id='word_1_97' title='bbox 374 775 688 825; x_wconf 85' lang='lat' dir='ltr'>Amphictyoniei</span> <span class='ocrx_word' id='word_1_98' title='bbox 711 775 919 823; x_wconf 83' lang='lat' dir='ltr'>participes</span> <span class='ocrx_word' id='word_1_99' title='bbox 948 779 1070 819; x_wconf 86' lang='lat' dir='ltr'>erant,</span> <span class='ocrx_word' id='word_1_100' title='bbox 1091 772 1343 810; x_wconf 90' lang='lat' dir='ltr'>iurisiurandi</span> <span class='ocrx_word' id='word_1_101' title='bbox 1361 773 1525 820; x_wconf 85' lang='lat' dir='ltr'>quadam</span> 
     </span>
     <span class='ocr_line' id='line_1_12' title="bbox 73 828 1522 884; baseline -0.003 -14"><span class='ocrx_word' id='word_1_102' title='bbox 73 834 263 884; x_wconf 77' lang='lat' dir='ltr'>religione</span> <span class='ocrx_word' id='word_1_103' title='bbox 283 845 392 882; x_wconf 88' lang='lat' dir='ltr'>opem</span> <span class='ocrx_word' id='word_1_104' title='bbox 406 831 503 869; x_wconf 84' lang='lat' dir='ltr'>hanc</span> <span class='ocrx_word' id='word_1_105' title='bbox 523 833 665 880; x_wconf 87' lang='lat' dir='ltr'>templo</span> <span class='ocrx_word' id='word_1_106' title='bbox 677 830 876 867; x_wconf 87' lang='lat' dir='ltr'>debebant.</span> <span class='ocrx_word' id='word_1_107' title='bbox 905 828 1042 879; x_wconf 86' lang='lat' dir='ltr'>Populi</span> <span class='ocrx_word' id='word_1_108' title='bbox 1059 836 1170 866; x_wconf 83' lang='lat' dir='ltr'>erant</span> <span class='ocrx_word' id='word_1_109' title='bbox 1186 839 1262 875; x_wconf 80' lang='grc' dir='ltr'>ΧΠ,</span> <span class='ocrx_word' id='word_1_110' title='bbox 1283 830 1348 878; x_wconf 90' lang='lat' dir='ltr'>qui</span> <span class='ocrx_word' id='word_1_111' title='bbox 1368 831 1410 866; x_wconf 90' lang='lat' dir='ltr'>in</span> <span class='ocrx_word' id='word_1_112' title='bbox 1428 841 1522 866; x_wconf 89' lang='lat' dir='ltr'>con-</span> 
     </span>
     <span class='ocr_line' id='line_1_13' title="bbox 75 883 1523 934; baseline -0.003 -8"><span class='ocrx_word' id='word_1_113' title='bbox 75 890 207 927; x_wconf 87' lang='lat' dir='ltr'>cilium</span> <span class='ocrx_word' id='word_1_114' title='bbox 228 889 403 926; x_wconf 83' lang='lat' dir='ltr'>coibant·</span> <span class='ocrx_word' id='word_1_115' title='bbox 433 887 626 934; x_wconf 89' lang='lat' dir='ltr'>Thessali,</span> <span class='ocrx_word' id='word_1_116' title='bbox 653 885 803 933; x_wconf 90' lang='lat' dir='ltr'>Boeoti,</span> <span class='ocrx_word' id='word_1_117' title='bbox 833 885 971 932; x_wconf 88' lang='lat' dir='ltr'>Dores,</span> <span class='ocrx_word' id='word_1_118' title='bbox 1000 884 1125 932; x_wconf 88' lang='lat' dir='ltr'>Iones,</span> <span class='ocrx_word' id='word_1_119' title='bbox 1150 883 1371 931; x_wconf 81' lang='lat' dir='ltr'>Perrhaebi,</span> <span class='ocrx_word' id='word_1_120' title='bbox 1398 883 1523 921; x_wconf 87' lang='lat' dir='ltr'>Dolo-</span> 
     </span>
     <span class='ocr_line' id='line_1_14' title="bbox 75 940 1522 1012; baseline -0.003 -30"><span class='ocrx_word' id='word_1_121' title='bbox 75 955 155 1012; x_wconf 83' lang='lat' dir='ltr'>pes,</span> <span class='ocrx_word' id='word_1_122' title='bbox 184 944 397 995; x_wconf 70' lang='lat' dir='ltr'>Magnetes»,</span> <span class='ocrx_word' id='word_1_123' title='bbox 429 943 568 991; x_wconf 87' lang='lat' dir='ltr'>Locri,</span> <span class='ocrx_word' id='word_1_124' title='bbox 601 942 749 990; x_wconf 88' lang='lat' dir='ltr'>Oetaei,</span> <span class='ocrx_word' id='word_1_125' title='bbox 780 941 1000 988; x_wconf 77' lang='lat' dir='ltr'>Phthiotae,</span> <span class='ocrx_word' id='word_1_126' title='bbox 1032 940 1263 987; x_wconf 80' lang='lat' dir='ltr'>Malienses,</span> <span class='ocrx_word' id='word_1_127' title='bbox 1290 940 1522 988; x_wconf 82' lang='lat' dir='ltr'>Phocenses,</span> 
     </span>
     <span class='ocr_line' id='line_1_15' title="bbox 73 996 1523 1052; baseline -0.003 -13"><span class='ocrx_word' id='word_1_128' title='bbox 73 1003 115 1039; x_wconf 90' lang='lat' dir='ltr'>in</span> <span class='ocrx_word' id='word_1_129' title='bbox 137 1000 315 1038; x_wconf 87' lang='lat' dir='ltr'>Aeschin.</span> <span class='ocrx_word' id='word_1_130' title='bbox 332 1000 400 1039; x_wconf 90' lang='lat' dir='ltr'>Or.</span> <span class='ocrx_word' id='word_1_131' title='bbox 424 999 515 1050; x_wconf 77' lang='grc' dir='ltr'>περὶ</span> <span class='ocrx_word' id='word_1_132' title='bbox 535 1000 736 1052; x_wconf 57' lang='lat' dir='ltr'><strong>Hammo.</strong></span> <span class='ocrx_word' id='word_1_133' title='bbox 757 999 831 1038; x_wconf 84' lang='lat'>43.</span> <span class='ocrx_word' id='word_1_134' title='bbox 855 999 980 1035; x_wconf 89' lang='lat' dir='ltr'>Aliter</span> <span class='ocrx_word' id='word_1_135' title='bbox 1001 999 1129 1045; x_wconf 81' lang='lat' dir='ltr'>paullo</span> <span class='ocrx_word' id='word_1_136' title='bbox 1149 996 1316 1034; x_wconf 81' lang='lat' dir='ltr'>Pausan.</span> <span class='ocrx_word' id='word_1_137' title='bbox 1337 997 1379 1035; x_wconf 88' lang='lat' dir='ltr'>L.</span> <span class='ocrx_word' id='word_1_138' title='bbox 1399 997 1451 1035; x_wconf 90' lang='lat' dir='ltr'>X.</span> <span class='ocrx_word' id='word_1_139' title='bbox 1469 1000 1523 1044; x_wconf 86' lang='lat'>8.,</span> 
     </span>
     <span class='ocr_line' id='line_1_16' title="bbox 74 1049 1523 1109; baseline -0.001 -14"><span class='ocrx_word' id='word_1_140' title='bbox 74 1059 277 1109; x_wconf 86' lang='lat' dir='ltr'>aliterque</span> <span class='ocrx_word' id='word_1_141' title='bbox 280 1057 463 1094; x_wconf 88' lang='lat' dir='ltr'>Libanius</span> <span class='ocrx_word' id='word_1_142' title='bbox 490 1055 538 1096; x_wconf 88' lang='grc' dir='ltr'>Τ.</span> <span class='ocrx_word' id='word_1_143' title='bbox 562 1055 608 1093; x_wconf 87' lang='lat' dir='ltr'>ll.</span> <span class='ocrx_word' id='word_1_144' title='bbox 633 1068 670 1104; x_wconf 88' lang='lat' dir='ltr'>p.</span> <span class='ocrx_word' id='word_1_145' title='bbox 690 1056 795 1096; x_wconf 84' lang='lat'><strong>694.</strong></span> <span class='ocrx_word' id='word_1_146' title='bbox 808 1054 853 1091; x_wconf 90' lang='lat' dir='ltr'>A.</span> <span class='ocrx_word' id='word_1_147' title='bbox 876 1053 1208 1102; x_wconf 78' lang='lat' dir='ltr'>etliarpocration</span> <span class='ocrx_word' id='word_1_148' title='bbox 1221 1049 1523 1106; x_wconf 78' lang='grc' dir='ltr'>ὶηἈμφικτυο-</span> 
     </span>
     <span class='ocr_line' id='line_1_17' title="bbox 74 1106 1523 1162; baseline -0.004 -9"><span class='ocrx_word' id='word_1_149' title='bbox 74 1128 162 1160; x_wconf 68' lang='lat' dir='ltr'>weg,</span> <span class='ocrx_word' id='word_1_150' title='bbox 191 1113 257 1150; x_wconf 90' lang='lat' dir='ltr'>sed</span> <span class='ocrx_word' id='word_1_151' title='bbox 276 1106 356 1151; x_wconf 87' lang='lat' dir='ltr'>levi</span> <span class='ocrx_word' id='word_1_152' title='bbox 381 1113 601 1150; x_wconf 84' lang='lat' dir='ltr'>discrimine</span> <span class='ocrx_word' id='word_1_153' title='bbox 637 1126 682 1150; x_wconf 87' lang='lat' dir='ltr'>ac</span> <span class='ocrx_word' id='word_1_154' title='bbox 703 1118 905 1162; x_wconf 87' lang='lat' dir='ltr'>propterea</span> <span class='ocrx_word' id='word_1_155' title='bbox 924 1117 1038 1157; x_wconf 85' lang='lat' dir='ltr'>nato,</span> <span class='ocrx_word' id='word_1_156' title='bbox 1068 1110 1169 1159; x_wconf 87' lang='lat' dir='ltr'>quod</span> <span class='ocrx_word' id='word_1_157' title='bbox 1191 1111 1432 1160; x_wconf 75' lang='lat' dir='ltr'>generaliore</span> <span class='ocrx_word' id='word_1_158' title='bbox 1452 1123 1523 1147; x_wconf 89' lang='lat' dir='ltr'>no-</span> 
     </span>
     <span class='ocr_line' id='line_1_18' title="bbox 74 1165 1524 1225; baseline -0.003 -18"><span class='ocrx_word' id='word_1_159' title='bbox 74 1173 178 1207; x_wconf 89' lang='lat' dir='ltr'>mine</span> <span class='ocrx_word' id='word_1_160' title='bbox 197 1181 473 1225; x_wconf 81' lang='lat' dir='ltr'>nonnunquam</span> <span class='ocrx_word' id='word_1_161' title='bbox 495 1170 563 1206; x_wconf 86' lang='lat' dir='ltr'>alii</span> <span class='ocrx_word' id='word_1_162' title='bbox 583 1171 865 1213; x_wconf 82' lang='lat' dir='ltr'>contineantur,</span> <span class='ocrx_word' id='word_1_163' title='bbox 892 1173 1072 1203; x_wconf 88' lang='lat' dir='ltr'>monente</span> <span class='ocrx_word' id='word_1_164' title='bbox 1091 1165 1313 1203; x_wconf 89' lang='lat' dir='ltr'>doctissimo</span> <span class='ocrx_word' id='word_1_165' title='bbox 1328 1166 1524 1203; x_wconf 82' lang='lat' dir='ltr'>Prideaux</span> 
     </span>
     <span class='ocr_line' id='line_1_19' title="bbox 75 1222 1523 1275; baseline -0.004 -11"><span class='ocrx_word' id='word_1_166' title='bbox 75 1226 123 1264; x_wconf 81' lang='lat' dir='ltr'>ad</span> <span class='ocrx_word' id='word_1_167' title='bbox 137 1225 270 1263; x_wconf 88' lang='lat' dir='ltr'>Marm.</span> <span class='ocrx_word' id='word_1_168' title='bbox 284 1222 417 1264; x_wconf 88' lang='lat' dir='ltr'><strong>Oxon.</strong></span> <span class='ocrx_word' id='word_1_169' title='bbox 424 1238 460 1275; x_wconf 90' lang='lat' dir='ltr'>p.</span> <span class='ocrx_word' id='word_1_170' title='bbox 479 1226 580 1265; x_wconf 83' lang='lat'><strong>123.</strong></span> <span class='ocrx_word' id='word_1_171' title='bbox 595 1224 816 1273; x_wconf 81' lang='lat' dir='ltr'>Pleraeque,</span> <span class='ocrx_word' id='word_1_172' title='bbox 834 1231 876 1261; x_wconf 92' lang='lat' dir='ltr'>ut</span> <span class='ocrx_word' id='word_1_173' title='bbox 886 1223 1019 1260; x_wconf 88' lang='lat' dir='ltr'>Nostri</span> <span class='ocrx_word' id='word_1_174' title='bbox 1029 1224 1226 1273; x_wconf 85' lang='lat' dir='ltr'>catalogus</span> <span class='ocrx_word' id='word_1_175' title='bbox 1236 1224 1378 1269; x_wconf 88' lang='lat' dir='ltr'>innuit,</span> <span class='ocrx_word' id='word_1_176' title='bbox 1387 1229 1523 1273; x_wconf 86' lang='lat' dir='ltr'>gentes</span> 
     </span>
     <span class='ocr_line' id='line_1_20' title="bbox 47 1279 1521 1332; baseline -0.001 -13"><span class='ocrx_word' id='word_1_177' title='bbox 47 1327 51 1331; x_wconf 6' lang='grc' dir='ltr'><strong>ζ</strong></span> <span class='ocrx_word' id='word_1_178' title='bbox 74 1283 216 1332; x_wconf 84' lang='lat' dir='ltr'>templo</span> <span class='ocrx_word' id='word_1_179' title='bbox 237 1283 429 1330; x_wconf 87' lang='lat' dir='ltr'>suppetias</span> <span class='ocrx_word' id='word_1_180' title='bbox 449 1288 661 1328; x_wconf 83' lang='lat' dir='ltr'>venerunt,</span> <span class='ocrx_word' id='word_1_181' title='bbox 693 1295 779 1318; x_wconf 91' lang='lat' dir='ltr'>cum</span> <span class='ocrx_word' id='word_1_182' title='bbox 798 1280 1059 1317; x_wconf 86' lang='lat' dir='ltr'>Phocensibus</span> <span class='ocrx_word' id='word_1_183' title='bbox 1085 1291 1134 1315; x_wconf 84' lang='lat' dir='ltr'>ex</span> <span class='ocrx_word' id='word_1_184' title='bbox 1153 1279 1312 1316; x_wconf 88' lang='lat' dir='ltr'>Ionibus</span> <span class='ocrx_word' id='word_1_185' title='bbox 1339 1279 1521 1318; x_wconf 80' lang='lat' dir='ltr'>adessent</span> 
     </span>
     <span class='ocr_line' id='line_1_21' title="bbox 74 1333 1523 1388; baseline -0.002 -13"><span class='ocrx_word' id='word_1_186' title='bbox 74 1337 343 1384; x_wconf 85' lang='lat' dir='ltr'>Athenienses,</span> <span class='ocrx_word' id='word_1_187' title='bbox 354 1345 467 1388; x_wconf 86' lang='lat' dir='ltr'>atque</span> <span class='ocrx_word' id='word_1_188' title='bbox 488 1351 537 1374; x_wconf 89' lang='lat' dir='ltr'>ex</span> <span class='ocrx_word' id='word_1_189' title='bbox 547 1336 714 1375; x_wconf 80' lang='lat' dir='ltr'>Dorihus</span> <span class='ocrx_word' id='word_1_190' title='bbox 726 1337 1038 1374; x_wconf 87' lang='lat' dir='ltr'>Lacedaemonii:</span> <span class='ocrx_word' id='word_1_191' title='bbox 1059 1337 1299 1380; x_wconf 68' lang='lat' dir='ltr'>ceterienim</span> <span class='ocrx_word' id='word_1_192' title='bbox 1309 1333 1446 1380; x_wconf 80' lang='lat' dir='ltr'>DoreS,</span> <span class='ocrx_word' id='word_1_193' title='bbox 1457 1334 1523 1384; x_wconf 85' lang='lat' dir='ltr'>qui</span> 
     </span>
     <span class='ocr_line' id='line_1_22' title="bbox 75 1390 1522 1443; baseline -0.003 -11"><span class='ocrx_word' id='word_1_194' title='bbox 75 1394 124 1432; x_wconf 83' lang='lat' dir='ltr'>acl</span> <span class='ocrx_word' id='word_1_195' title='bbox 146 1394 313 1432; x_wconf 86' lang='lat' dir='ltr'>Pindum</span> <span class='ocrx_word' id='word_1_196' title='bbox 343 1394 589 1441; x_wconf 85' lang='lat' dir='ltr'>accolebant,</span> <span class='ocrx_word' id='word_1_197' title='bbox 618 1394 791 1443; x_wconf 88' lang='lat' dir='ltr'>Apollini</span> <span class='ocrx_word' id='word_1_198' title='bbox 819 1395 1007 1431; x_wconf 86' lang='lat' dir='ltr'>auxilium</span> <span class='ocrx_word' id='word_1_199' title='bbox 1039 1390 1142 1429; x_wconf 85' lang='lat' dir='ltr'>haud</span> <span class='ocrx_word' id='word_1_200' title='bbox 1174 1398 1378 1442; x_wconf 86' lang='lat' dir='ltr'>negarunt.</span> <span class='ocrx_word' id='word_1_201' title='bbox 1426 1390 1522 1428; x_wconf 84' lang='lat' dir='ltr'>Mox</span> 
     </span>
     <span class='ocr_line' id='line_1_23' title="bbox 70 1446 1522 1502; baseline -0.004 -12"><span class='ocrx_word' id='word_1_202' title='bbox 70 1447 243 1502; x_wconf 68' lang='grc' dir='ltr'><em>Ἀχαιοὶ</em></span> <span class='ocrx_word' id='word_1_203' title='bbox 278 1451 471 1489; x_wconf 70' lang='grc' dir='ltr'><em>Φθιῶται</em></span> <span class='ocrx_word' id='word_1_204' title='bbox 502 1452 585 1487; x_wconf 85' lang='lat' dir='ltr'>sine</span> <span class='ocrx_word' id='word_1_205' title='bbox 616 1451 753 1498; x_wconf 87' lang='lat' dir='ltr'>copula</span> <span class='ocrx_word' id='word_1_206' title='bbox 782 1462 916 1488; x_wconf 83' lang='lat' dir='ltr'>verum</span> <span class='ocrx_word' id='word_1_207' title='bbox 937 1455 1016 1495; x_wconf 86' lang='lat' dir='ltr'>est,</span> <span class='ocrx_word' id='word_1_208' title='bbox 1046 1449 1108 1485; x_wconf 87' lang='lat' dir='ltr'>uti</span> <span class='ocrx_word' id='word_1_209' title='bbox 1136 1448 1236 1496; x_wconf 88' lang='lat' dir='ltr'>apud</span> <span class='ocrx_word' id='word_1_210' title='bbox 1264 1446 1446 1484; x_wconf 73' lang='lat' dir='ltr'>strabon.</span> <span class='ocrx_word' id='word_1_211' title='bbox 1478 1446 1522 1485; x_wconf 87' lang='lat' dir='ltr'>L.</span> 
     </span>
     <span class='ocr_line' id='line_1_24' title="bbox 74 1503 1521 1556; baseline -0.003 -12"><span class='ocrx_word' id='word_1_212' title='bbox 74 1507 178 1544; x_wconf 77' lang='lat' dir='ltr'>vill.</span> <span class='ocrx_word' id='word_1_213' title='bbox 192 1518 228 1554; x_wconf 90' lang='lat' dir='ltr'>p.</span> <span class='ocrx_word' id='word_1_214' title='bbox 243 1505 324 1546; x_wconf 82' lang='grc'>561</span> <span class='ocrx_word' id='word_1_215' title='bbox 337 1505 586 1553; x_wconf 79' lang='lat' dir='ltr'>‚,Libanium,</span> <span class='ocrx_word' id='word_1_216' title='bbox 603 1505 833 1556; x_wconf 84' lang='lat' dir='ltr'>Harpocrat.</span> <span class='ocrx_word' id='word_1_217' title='bbox 857 1506 971 1543; x_wconf 81' lang='lat' dir='ltr'>dictis</span> <span class='ocrx_word' id='word_1_218' title='bbox 982 1507 1069 1552; x_wconf 91' lang='lat' dir='ltr'>loc.,</span> <span class='ocrx_word' id='word_1_219' title='bbox 1079 1504 1264 1542; x_wconf 85' lang='lat' dir='ltr'>Nostrum</span> <span class='ocrx_word' id='word_1_220' title='bbox 1283 1503 1327 1541; x_wconf 89' lang='lat' dir='ltr'>L.</span> <span class='ocrx_word' id='word_1_221' title='bbox 1344 1503 1432 1542; x_wconf 86' lang='lat' dir='ltr'>XV.</span> <span class='ocrx_word' id='word_1_222' title='bbox 1447 1505 1521 1545; x_wconf 82' lang='lat'>80.</span> 
     </span>
     <span class='ocr_line' id='line_1_25' title="bbox 73 1560 633 1613; baseline -0.002 -13"><span class='ocrx_word' id='word_1_223' title='bbox 73 1560 178 1600; x_wconf 89' lang='lat' dir='ltr'>Bene</span> <span class='ocrx_word' id='word_1_224' title='bbox 200 1575 292 1613; x_wconf 88' lang='lat' dir='ltr'>ergo</span> <span class='ocrx_word' id='word_1_225' title='bbox 312 1561 469 1612; x_wconf 90' lang='lat' dir='ltr'>Cospus.</span> <span class='ocrx_word' id='word_1_226' title='bbox 499 1562 633 1600; x_wconf 81' lang='lat' dir='ltr'><strong>WESS.</strong></span> 
     </span>
    </p>

    <p class='ocr_par' dir='ltr' id='par_1_4' title="bbox 72 1614 1524 1828">
     <span class='ocr_line' id='line_1_26' title="bbox 192 1614 1522 1670; baseline -0.005 -11"><span class='ocrx_word' id='word_1_227' title='bbox 192 1620 296 1659; x_wconf 89' lang='grc'><strong>104.</strong></span> <span class='ocrx_word' id='word_1_228' title='bbox 322 1620 395 1658; x_wconf 87' lang='grc'><strong>30.</strong></span> <span class='ocrx_word' id='word_1_229' title='bbox 427 1615 697 1670; x_wconf 76' lang='grc' dir='ltr'><strong><em>Συνεμάχουν</em></strong></span> <span class='ocrx_word' id='word_1_230' title='bbox 718 1614 977 1670; x_wconf 71' lang='grc' dir='ltr'><strong><em>Ἀθηναῖοι]</em></strong></span> <span class='ocrx_word' id='word_1_231' title='bbox 1007 1615 1177 1654; x_wconf 84' lang='lat' dir='ltr'>Tabulas</span> <span class='ocrx_word' id='word_1_232' title='bbox 1192 1615 1360 1654; x_wconf 88' lang='lat' dir='ltr'>foederis</span> <span class='ocrx_word' id='word_1_233' title='bbox 1379 1618 1522 1653; x_wconf 87' lang='lat' dir='ltr'>recita-</span> 
     </span>
     <span class='ocr_line' id='line_1_27' title="bbox 72 1671 1523 1727; baseline -0.004 -13"><span class='ocrx_word' id='word_1_234' title='bbox 72 1674 133 1714; x_wconf 84' lang='lat' dir='ltr'>vit</span> <span class='ocrx_word' id='word_1_235' title='bbox 153 1672 400 1712; x_wconf 85' lang='lat' dir='ltr'>Demosthen.</span> <span class='ocrx_word' id='word_1_236' title='bbox 422 1675 490 1712; x_wconf 88' lang='lat' dir='ltr'>Or.</span> <span class='ocrx_word' id='word_1_237' title='bbox 510 1675 822 1727; x_wconf 74' lang='grc' dir='ltr'><em>περιΠαραπο</em></span> <span class='ocrx_word' id='word_1_238' title='bbox 843 1687 879 1723; x_wconf 88' lang='grc' dir='ltr'>Ρ.</span> <span class='ocrx_word' id='word_1_239' title='bbox 900 1675 1022 1721; x_wconf 83' lang='grc'><strong>211.,</strong></span> <span class='ocrx_word' id='word_1_240' title='bbox 1051 1673 1280 1722; x_wconf 88' lang='lat' dir='ltr'>conficitque</span> <span class='ocrx_word' id='word_1_241' title='bbox 1311 1671 1523 1711; x_wconf 86' lang='lat' dir='ltr'>Phocensi-</span> 
     </span>
     <span class='ocr_line' id='line_1_28' title="bbox 73 1701 1524 1784; baseline -0.001 -15"><span class='ocrx_word' id='word_1_242' title='bbox 73 1731 144 1770; x_wconf 82' lang='lat' dir='ltr'>bus</span> <span class='ocrx_word' id='word_1_243' title='bbox 167 1739 205 1768; x_wconf 93' lang='lat' dir='ltr'>et</span> <span class='ocrx_word' id='word_1_244' title='bbox 225 1730 522 1769; x_wconf 85' lang='lat' dir='ltr'>Atheniensibus</span> <span class='ocrx_word' id='word_1_245' title='bbox 541 1738 715 1769; x_wconf 84' lang='lat' dir='ltr'>mutuam</span> <span class='ocrx_word' id='word_1_246' title='bbox 735 1732 854 1769; x_wconf 85' lang='lat' dir='ltr'>fuisse</span> <span class='ocrx_word' id='word_1_247' title='bbox 877 1701 1032 1784; x_wconf 36' lang='lat' dir='ltr'>qm&#39;t’mm,</span> <span class='ocrx_word' id='word_1_248' title='bbox 1061 1727 1302 1780; x_wconf 80' lang='grc' dir='ltr'><strong><em>συμμαχίαν</em></strong></span> <span class='ocrx_word' id='word_1_249' title='bbox 1327 1727 1396 1768; x_wconf 84' lang='grc' dir='ltr'>καὶ</span> <span class='ocrx_word' id='word_1_250' title='bbox 1416 1723 1524 1781; x_wconf 76' lang='grc' dir='ltr'>βοή-</span> 
     </span>
     <span class='ocr_line' id='line_1_29' title="bbox 73 1787 371 1828; baseline -0.018 0"><span class='ocrx_word' id='word_1_251' title='bbox 73 1790 208 1828; x_wconf 75' lang='grc' dir='ltr'><strong>θειαν.</strong></span> <span class='ocrx_word' id='word_1_252' title='bbox 237 1787 371 1825; x_wconf 59' lang='lat' dir='ltr'>lVEss.</span> 
     </span>
    </p>

    <p class='ocr_par' dir='ltr' id='par_1_5' title="bbox 74 1838 1523 2060">
     <span class='ocr_line' id='line_1_30' title="bbox 194 1838 1523 1894; baseline -0.006 -10"><span class='ocrx_word' id='word_1_253' title='bbox 194 1844 296 1884; x_wconf 91' lang='lat'><strong>104.</strong></span> <span class='ocrx_word' id='word_1_254' title='bbox 328 1843 403 1883; x_wconf 89' lang='grc'>31.</span> <span class='ocrx_word' id='word_1_255' title='bbox 442 1840 533 1882; x_wconf 85' lang='grc' dir='ltr'>Καί</span> <span class='ocrx_word' id='word_1_256' title='bbox 550 1856 654 1888; x_wconf 77' lang='grc' dir='ltr'><strong><em>τινες</em></strong></span> <span class='ocrx_word' id='word_1_257' title='bbox 675 1838 836 1894; x_wconf 70' lang='grc' dir='ltr'>ἕτεροι]</span> <span class='ocrx_word' id='word_1_258' title='bbox 867 1838 979 1879; x_wconf 89' lang='lat' dir='ltr'>Tolle</span> <span class='ocrx_word' id='word_1_259' title='bbox 1001 1840 1095 1878; x_wconf 87' lang='lat' dir='ltr'>haec</span> <span class='ocrx_word' id='word_1_260' title='bbox 1114 1839 1254 1887; x_wconf 88' lang='lat' dir='ltr'>verba,</span> <span class='ocrx_word' id='word_1_261' title='bbox 1283 1840 1425 1890; x_wconf 85' lang='lat' dir='ltr'>quippe</span> <span class='ocrx_word' id='word_1_262' title='bbox 1450 1840 1523 1877; x_wconf 89' lang='lat' dir='ltr'>im-</span> 
     </span>
     <span class='ocr_line' id='line_1_31' title="bbox 75 1895 1523 1949; baseline -0.002 -13"><span class='ocrx_word' id='word_1_263' title='bbox 75 1897 284 1949; x_wconf 87' lang='lat' dir='ltr'>prudenter</span> <span class='ocrx_word' id='word_1_264' title='bbox 304 1911 353 1935; x_wconf 81' lang='lat' dir='ltr'>ex</span> <span class='ocrx_word' id='word_1_265' title='bbox 368 1899 685 1948; x_wconf 81' lang='lat' dir='ltr'>praecedentibus</span> <span class='ocrx_word' id='word_1_266' title='bbox 705 1901 879 1946; x_wconf 83' lang='lat' dir='ltr'>repetita.</span> <span class='ocrx_word' id='word_1_267' title='bbox 892 1898 1026 1936; x_wconf 67' lang='lat' dir='ltr'>Wzss.</span> <span class='ocrx_word' id='word_1_268' title='bbox 1048 1897 1136 1934; x_wconf 90' lang='lat' dir='ltr'>Non</span> <span class='ocrx_word' id='word_1_269' title='bbox 1147 1909 1262 1934; x_wconf 84' lang='lat' dir='ltr'>versu</span> <span class='ocrx_word' id='word_1_270' title='bbox 1285 1895 1435 1936; x_wconf 84' lang='lat' dir='ltr'>31.sed</span> <span class='ocrx_word' id='word_1_271' title='bbox 1449 1897 1523 1936; x_wconf 86' lang='lat'>32.</span> 
     </span>
     <span class='ocr_line' id='line_1_32' title="bbox 75 1952 1522 2005; baseline -0.003 -10"><span class='ocrx_word' id='word_1_272' title='bbox 75 1956 194 1995; x_wconf 86' lang='lat' dir='ltr'>verba</span> <span class='ocrx_word' id='word_1_273' title='bbox 215 1955 346 1992; x_wconf 88' lang='lat' dir='ltr'>eadem</span> <span class='ocrx_word' id='word_1_274' title='bbox 366 1955 485 1992; x_wconf 90' lang='lat' dir='ltr'>deleri</span> <span class='ocrx_word' id='word_1_275' title='bbox 512 1957 626 1993; x_wconf 88' lang='lat' dir='ltr'>iussit</span> <span class='ocrx_word' id='word_1_276' title='bbox 651 1954 697 1991; x_wconf 84' lang='lat' dir='ltr'>W</span> <span class='ocrx_word' id='word_1_277' title='bbox 702 1956 867 2005; x_wconf 67' lang='lat' dir='ltr'>esseling</span> <span class='ocrx_word' id='word_1_278' title='bbox 857 1967 938 2001; x_wconf 88' lang='lat' dir='ltr'>us,</span> <span class='ocrx_word' id='word_1_279' title='bbox 960 1955 1137 2005; x_wconf 81' lang='lat' dir='ltr'>quamvis</span> <span class='ocrx_word' id='word_1_280' title='bbox 1157 1952 1421 2004; x_wconf 83' lang='lat' dir='ltr'>typographus</span> <span class='ocrx_word' id='word_1_281' title='bbox 1439 1964 1522 1992; x_wconf 74' lang='lat' dir='ltr'>ma-</span> 
     </span>
     <span class='ocr_line' id='line_1_33' title="bbox 74 2009 922 2060; baseline -0.005 -10"><span class='ocrx_word' id='word_1_282' title='bbox 74 2024 168 2050; x_wconf 88' lang='lat' dir='ltr'>num</span> <span class='ocrx_word' id='word_1_283' title='bbox 195 2012 277 2049; x_wconf 92' lang='lat' dir='ltr'>eius</span> <span class='ocrx_word' id='word_1_284' title='bbox 306 2023 502 2060; x_wconf 85' lang='lat' dir='ltr'>perperam</span> <span class='ocrx_word' id='word_1_285' title='bbox 529 2010 752 2048; x_wconf 85' lang='lat' dir='ltr'>reddiderit.</span> <span class='ocrx_word' id='word_1_286' title='bbox 778 2009 922 2047; x_wconf 72' lang='lat' dir='ltr'>Ruisx.</span> 
     </span>
    </p>

    <p class='ocr_par' dir='ltr' id='par_1_6' title="bbox 70 2061 1523 2396">
     <span class='ocr_line' id='line_1_34' title="bbox 190 2061 1522 2118; baseline -0.005 -10"><span class='ocrx_word' id='word_1_287' title='bbox 190 2068 293 2108; x_wconf 86' lang='lat'><strong>104.</strong></span> <span class='ocrx_word' id='word_1_288' title='bbox 325 2067 399 2107; x_wconf 80' lang='lat'>40.</span> <span class='ocrx_word' id='word_1_289' title='bbox 434 2064 520 2106; x_wconf 74' lang='grc' dir='ltr'>Τὸν</span> <span class='ocrx_word' id='word_1_290' title='bbox 547 2062 774 2118; x_wconf 71' lang='grc' dir='ltr'><strong><em>ὦρισμίιον</em></strong></span> <span class='ocrx_word' id='word_1_291' title='bbox 793 2064 835 2105; x_wconf 67' lang='grc' dir='ltr'>ἐκ</span> <span class='ocrx_word' id='word_1_292' title='bbox 858 2068 942 2105; x_wconf 80' lang='grc' dir='ltr'>τῶι</span> <span class='ocrx_word' id='word_1_293' title='bbox 970 2061 1110 2116; x_wconf 80' lang='grc' dir='ltr'><strong><em>νόμων</em></strong></span> <span class='ocrx_word' id='word_1_294' title='bbox 1131 2062 1303 2117; x_wconf 69' lang='lat' dir='ltr'>uacpov]</span> <span class='ocrx_word' id='word_1_295' title='bbox 1338 2063 1438 2102; x_wconf 82' lang='lat' dir='ltr'>Suas</span> <span class='ocrx_word' id='word_1_296' title='bbox 1468 2066 1522 2102; x_wconf 73' lang='lat' dir='ltr'>si-</span> 
     </span>
     <span class='ocr_line' id='line_1_35' title="bbox 73 2120 1523 2174; baseline -0.002 -13"><span class='ocrx_word' id='word_1_297' title='bbox 73 2122 114 2161; x_wconf 88' lang='lat' dir='ltr'>bi</span> <span class='ocrx_word' id='word_1_298' title='bbox 143 2124 247 2174; x_wconf 82' lang='lat' dir='ltr'>leges</span> <span class='ocrx_word' id='word_1_299' title='bbox 282 2122 645 2174; x_wconf 85' lang='lat' dir='ltr'>Amphictyonicum</span> <span class='ocrx_word' id='word_1_300' title='bbox 674 2122 837 2160; x_wconf 81' lang='lat' dir='ltr'>habebat</span> <span class='ocrx_word' id='word_1_301' title='bbox 865 2123 1096 2169; x_wconf 90' lang='lat' dir='ltr'>concilium,</span> <span class='ocrx_word' id='word_1_302' title='bbox 1135 2133 1228 2171; x_wconf 87' lang='lat' dir='ltr'>quas</span> <span class='ocrx_word' id='word_1_303' title='bbox 1259 2120 1523 2171; x_wconf 78' lang='lat' dir='ltr'>Amphictyon</span> 
     </span>
     <span class='ocr_line' id='line_1_36' title="bbox 72 2173 1522 2230; baseline -0.001 -13"><span class='ocrx_word' id='word_1_304' title='bbox 72 2187 139 2217; x_wconf 88' lang='lat' dir='ltr'>aut</span> <span class='ocrx_word' id='word_1_305' title='bbox 170 2187 271 2217; x_wconf 91' lang='lat' dir='ltr'>certe</span> <span class='ocrx_word' id='word_1_306' title='bbox 298 2179 473 2217; x_wconf 90' lang='lat' dir='ltr'>Acrisius</span> <span class='ocrx_word' id='word_1_307' title='bbox 510 2192 668 2230; x_wconf 86' lang='lat' dir='ltr'>rogasse</span> <span class='ocrx_word' id='word_1_308' title='bbox 699 2180 914 2217; x_wconf 88' lang='lat' dir='ltr'>ferebatur:</span> <span class='ocrx_word' id='word_1_309' title='bbox 966 2174 1119 2229; x_wconf 80' lang='grc' dir='ltr'><strong><em>νόμους</em></strong></span> <span class='ocrx_word' id='word_1_310' title='bbox 1152 2173 1522 2229; x_wconf 72' lang='grc' dir='ltr'><strong><em>καταστνσάμενος</em></strong></span> 
     </span>
     <span class='ocr_line' id='line_1_37' title="bbox 72 2230 1522 2287; baseline -0.003 -11"><span class='ocrx_word' id='word_1_311' title='bbox 72 2233 151 2283; x_wconf 69' lang='grc' dir='ltr'>ἔξω</span> <span class='ocrx_word' id='word_1_312' title='bbox 179 2237 264 2276; x_wconf 83' lang='grc' dir='ltr'>τῶν</span> <span class='ocrx_word' id='word_1_313' title='bbox 293 2234 431 2283; x_wconf 76' lang='grc' dir='ltr'>ἰδίων,</span> <span class='ocrx_word' id='word_1_314' title='bbox 465 2234 538 2282; x_wconf 69' lang='grc' dir='ltr'>οὓς</span> <span class='ocrx_word' id='word_1_315' title='bbox 565 2232 717 2287; x_wconf 73' lang='grc' dir='ltr'><em>ἑκάστη</em></span> <span class='ocrx_word' id='word_1_316' title='bbox 748 2231 866 2282; x_wconf 79' lang='grc' dir='ltr'><em>πόλις</em></span> <span class='ocrx_word' id='word_1_317' title='bbox 895 2230 994 2285; x_wconf 69' lang='grc' dir='ltr'><strong>εἶχε,</strong></span> <span class='ocrx_word' id='word_1_318' title='bbox 1029 2249 1127 2282; x_wconf 83' lang='grc' dir='ltr'><strong><em>τους</em></strong></span> <span class='ocrx_word' id='word_1_319' title='bbox 1160 2231 1321 2280; x_wconf 62' lang='grc' dir='ltr'><strong><em>κοινοὺς</em></strong></span> <span class='ocrx_word' id='word_1_320' title='bbox 1354 2230 1522 2280; x_wconf 82' lang='grc' dir='ltr'>ἅπασιν,</span> 
     </span>
     <span class='ocr_line' id='line_1_38' title="bbox 72 2288 1521 2345; baseline -0.003 -14"><span class='ocrx_word' id='word_1_321' title='bbox 72 2289 145 2338; x_wconf 79' lang='grc' dir='ltr'>οὓς</span> <span class='ocrx_word' id='word_1_322' title='bbox 191 2292 389 2331; x_wconf 77' lang='grc' dir='ltr'><strong><em>καλοῦσιν</em></strong></span> <span class='ocrx_word' id='word_1_323' title='bbox 423 2289 806 2345; x_wconf 70' lang='grc' dir='ltr'><strong><em>Ἀμᾳικτυονικοὺς</em></strong></span> <span class='ocrx_word' id='word_1_324' title='bbox 865 2291 1080 2342; x_wconf 85' lang='lat' dir='ltr'>Dionysius</span> <span class='ocrx_word' id='word_1_325' title='bbox 1116 2289 1438 2328; x_wconf 81' lang='lat' dir='ltr'>Halicarnasseus</span> <span class='ocrx_word' id='word_1_326' title='bbox 1471 2288 1521 2327; x_wconf 82' lang='lat' dir='ltr'>R.</span> 
     </span>
     <span class='ocr_line' id='line_1_39' title="bbox 70 2347 666 2396; baseline -0.002 -11"><span class='ocrx_word' id='word_1_327' title='bbox 70 2347 162 2385; x_wconf 85' lang='lat' dir='ltr'>Ant.</span> <span class='ocrx_word' id='word_1_328' title='bbox 186 2347 227 2385; x_wconf 89' lang='lat' dir='ltr'>L.</span> <span class='ocrx_word' id='word_1_329' title='bbox 250 2347 315 2385; x_wconf 93' lang='lat' dir='ltr'>lV.</span> <span class='ocrx_word' id='word_1_330' title='bbox 335 2359 371 2396; x_wconf 80' lang='lat' dir='ltr'>p.</span> <span class='ocrx_word' id='word_1_331' title='bbox 394 2349 499 2389; x_wconf 85' lang='lat'><strong>229.</strong></span> <span class='ocrx_word' id='word_1_332' title='bbox 531 2349 666 2385; x_wconf 77' lang='lat' dir='ltr'>WEss.</span> 
     </span>
    </p>

    <p class='ocr_par' dir='ltr' id='par_1_7' title="bbox 192 2400 1519 2460">
     <span class='ocr_line' id='line_1_40' title="bbox 192 2400 1519 2460; baseline -0.002 -16"><span class='ocrx_word' id='word_1_333' title='bbox 192 2405 295 2444; x_wconf 90' lang='grc'><strong>104.</strong></span> <span class='ocrx_word' id='word_1_334' title='bbox 321 2405 392 2445; x_wconf 86' lang='grc'>58.</span> <span class='ocrx_word' id='word_1_335' title='bbox 432 2403 518 2445; x_wconf 77' lang='grc' dir='ltr'>Καὶ</span> <span class='ocrx_word' id='word_1_336' title='bbox 539 2405 670 2460; x_wconf 72' lang='grc' dir='ltr'><strong><em>συλᾷν</em></strong></span> <span class='ocrx_word' id='word_1_337' title='bbox 688 2400 736 2443; x_wconf 83' lang='grc' dir='ltr'>τὸ</span> <span class='ocrx_word' id='word_1_338' title='bbox 757 2400 981 2455; x_wconf 75' lang='grc' dir='ltr'><strong><em>μαντεῖον]</em></strong></span> <span class='ocrx_word' id='word_1_339' title='bbox 1008 2401 1119 2442; x_wconf 84' lang='lat' dir='ltr'><strong>conf.</strong></span> <span class='ocrx_word' id='word_1_340' title='bbox 1144 2403 1310 2442; x_wconf 86' lang='lat' dir='ltr'>Pausan.</span> <span class='ocrx_word' id='word_1_341' title='bbox 1331 2402 1374 2440; x_wconf 91' lang='lat' dir='ltr'>L.</span> <span class='ocrx_word' id='word_1_342' title='bbox 1397 2400 1452 2441; x_wconf 88' lang='lat' dir='ltr'>X.</span> <span class='ocrx_word' id='word_1_343' title='bbox 1478 2404 1519 2442; x_wconf 86' lang='grc'>8-</span> 
     </span>
    </p>

    <p class='ocr_par' dir='ltr' id='par_1_8' title="bbox 73 2457 1520 2666">
     <span class='ocr_line' id='line_1_41' title="bbox 74 2457 1520 2511; baseline -0.001 -9.912"><span class='ocrx_word' id='word_1_344' title='bbox 74 2461 256 2508; x_wconf 80' lang='grc' dir='ltr'><strong>Ρ..,817</strong></span> <span class='ocrx_word' id='word_1_345' title='bbox 286 2459 427 2497; x_wconf 92' lang='lat' dir='ltr'>Athen.</span> <span class='ocrx_word' id='word_1_346' title='bbox 447 2461 489 2500; x_wconf 90' lang='lat' dir='ltr'>L.</span> <span class='ocrx_word' id='word_1_347' title='bbox 508 2460 617 2498; x_wconf 89' lang='lat' dir='ltr'>Xlll.</span> <span class='ocrx_word' id='word_1_348' title='bbox 638 2474 675 2511; x_wconf 88' lang='grc' dir='ltr'>Ρ.</span> <span class='ocrx_word' id='word_1_349' title='bbox 702 2461 808 2501; x_wconf 89' lang='grc'><strong>605.</strong></span> <span class='ocrx_word' id='word_1_350' title='bbox 829 2458 871 2499; x_wconf 91' lang='lat' dir='ltr'>C.</span> <span class='ocrx_word' id='word_1_351' title='bbox 876 2459 1093 2510; x_wconf 69' lang='lat' dir='ltr'>,Polyaem</span> <span class='ocrx_word' id='word_1_352' title='bbox 1116 2458 1286 2511; x_wconf 84' lang='lat' dir='ltr'>Strateg.</span> <span class='ocrx_word' id='word_1_353' title='bbox 1315 2457 1358 2497; x_wconf 90' lang='lat' dir='ltr'>L.</span> <span class='ocrx_word' id='word_1_354' title='bbox 1378 2457 1423 2496; x_wconf 91' lang='lat' dir='ltr'>V.</span> <span class='ocrx_word' id='word_1_355' title='bbox 1443 2458 1520 2499; x_wconf 89' lang='lat'>45-</span> 
     </span>
     <span class='ocr_line' id='line_1_42' title="bbox 73 2515 211 2556; baseline -0.008 -2"><span class='ocrx_word' id='word_1_356' title='bbox 73 2515 211 2556; x_wconf 74' lang='lat' dir='ltr'>Wass.</span> 
     </span>
     <span class='ocr_line' id='line_1_43' title="bbox 190 2566 1520 2666; baseline -0.005 -53"><span class='ocrx_word' id='word_1_357' title='bbox 190 2571 294 2613; x_wconf 89' lang='lat'><strong>105.</strong></span> <span class='ocrx_word' id='word_1_358' title='bbox 324 2574 398 2612; x_wconf 89' lang='grc'>77.</span> <span class='ocrx_word' id='word_1_359' title='bbox 435 2571 542 2625; x_wconf 75' lang='grc' dir='ltr'><em>Περι</em></span> <span class='ocrx_word' id='word_1_360' title='bbox 574 2567 707 2626; x_wconf 68' lang='grc' dir='ltr'><strong><em>λόφον</em></strong></span> <span class='ocrx_word' id='word_1_361' title='bbox 742 2566 902 2666; x_wconf 48' lang='lat' dir='ltr'>&#39;ffyffl</span> <span class='ocrx_word' id='word_1_362' title='bbox 894 2586 959 2610; x_wconf 84' lang='grc' dir='ltr'>αν</span> <span class='ocrx_word' id='word_1_363' title='bbox 997 2566 1333 2623; x_wconf 73' lang='grc' dir='ltr'><strong><em>ὀνομαζόμενον]</em></strong></span> <span class='ocrx_word' id='word_1_364' title='bbox 1372 2568 1520 2607; x_wconf 88' lang='lat' dir='ltr'>Collem</span> 
     </span>
    </p>
   </div>
   <div class='ocr_carea' id='block_1_3' title="bbox 74 2627 1520 2791">
    <p class='ocr_par' dir='ltr' id='par_1_9' title="bbox 74 2627 1520 2791">
     <span class='ocr_line' id='line_1_44' title="bbox 74 2627 1520 2678; baseline -0.001 -13"><span class='ocrx_word' id='word_1_365' title='bbox 74 2628 266 2678; x_wconf 75' lang='lat' dir='ltr'>Argolam</span> <span class='ocrx_word' id='word_1_366' title='bbox 285 2629 377 2666; x_wconf 83' lang='lat' dir='ltr'>alibi</span> <span class='ocrx_word' id='word_1_367' title='bbox 396 2630 523 2678; x_wconf 85' lang='lat' dir='ltr'>legere</span> <span class='ocrx_word' id='word_1_368' title='bbox 545 2641 625 2665; x_wconf 92' lang='lat' dir='ltr'>non</span> <span class='ocrx_word' id='word_1_369' title='bbox 642 2640 753 2665; x_wconf 84' lang='lat' dir='ltr'>recor</span> <span class='ocrx_word' id='word_1_370' title='bbox 865 2627 1123 2678; x_wconf 88' lang='lat' dir='ltr'>Etymologus</span> <span class='ocrx_word' id='word_1_371' title='bbox 1140 2634 1179 2664; x_wconf 89' lang='lat' dir='ltr'>et</span> <span class='ocrx_word' id='word_1_372' title='bbox 1201 2627 1342 2665; x_wconf 86' lang='lat' dir='ltr'>Suidas</span> <span class='ocrx_word' id='word_1_373' title='bbox 1364 2639 1520 2675; x_wconf 89' lang='lat' dir='ltr'>serpen-</span> 
     </span>
     <span class='ocr_line' id='line_1_45' title="bbox 75 2681 1520 2736; baseline -0.001 -15"><span class='ocrx_word' id='word_1_374' title='bbox 75 2692 133 2721; x_wconf 88' lang='lat' dir='ltr'>tes</span> <span class='ocrx_word' id='word_1_375' title='bbox 151 2683 264 2736; x_wconf 77' lang='lat' dir='ltr'>&#39;Aoy</span> <span class='ocrx_word' id='word_1_376' title='bbox 267 2681 311 2723; x_wconf 85' lang='lat'>67</span> <span class='ocrx_word' id='word_1_377' title='bbox 318 2699 366 2731; x_wconf 83' lang='grc' dir='ltr'>ας</span> <span class='ocrx_word' id='word_1_378' title='bbox 387 2684 538 2732; x_wconf 85' lang='lat' dir='ltr'>hahent,</span> <span class='ocrx_word' id='word_1_379' title='bbox 566 2685 631 2721; x_wconf 89' lang='lat' dir='ltr'>sed</span> <span class='ocrx_word' id='word_1_380' title='bbox 651 2685 859 2731; x_wconf 84' lang='lat' dir='ltr'>fabulosos,</span> <span class='ocrx_word' id='word_1_381' title='bbox 888 2696 1050 2732; x_wconf 87' lang='lat' dir='ltr'>quorum</span> <span class='ocrx_word' id='word_1_382' title='bbox 1073 2686 1262 2733; x_wconf 85' lang='lat' dir='ltr'>originem</span> <span class='ocrx_word' id='word_1_383' title='bbox 1284 2685 1426 2731; x_wconf 85' lang='lat' dir='ltr'>optime</span> <span class='ocrx_word' id='word_1_384' title='bbox 1447 2685 1520 2720; x_wconf 88' lang='lat' dir='ltr'>mi-</span> 
     </span>
     <span class='ocr_line' id='line_1_46' title="bbox 75 2736 1518 2791; baseline -0.001 -15"><span class='ocrx_word' id='word_1_385' title='bbox 75 2739 115 2777; x_wconf 87' lang='lat' dir='ltr'>hi</span> <span class='ocrx_word' id='word_1_386' title='bbox 136 2743 346 2789; x_wconf 85' lang='lat' dir='ltr'>explicasse</span> <span class='ocrx_word' id='word_1_387' title='bbox 369 2741 522 2778; x_wconf 76' lang='lat' dir='ltr'>ridetur</span> <span class='ocrx_word' id='word_1_388' title='bbox 550 2743 612 2779; x_wconf 76' lang='lat' dir='ltr'>vir</span> <span class='ocrx_word' id='word_1_389' title='bbox 637 2753 799 2791; x_wconf 84' lang='lat' dir='ltr'>magnus</span> <span class='ocrx_word' id='word_1_390' title='bbox 826 2747 863 2777; x_wconf 89' lang='lat' dir='ltr'>et</span> <span class='ocrx_word' id='word_1_391' title='bbox 882 2740 1102 2777; x_wconf 84' lang='lat' dir='ltr'>reconditae</span> <span class='ocrx_word' id='word_1_392' title='bbox 1123 2740 1352 2777; x_wconf 83' lang='lat' dir='ltr'>eruditionis</span> <span class='ocrx_word' id='word_1_393' title='bbox 1372 2737 1416 2779; x_wconf 83' lang='lat' dir='ltr'>S.</span> <span class='ocrx_word' id='word_1_394' title='bbox 1436 2736 1518 2780; x_wconf 82' lang='lat' dir='ltr'>Bo-</span> 
     </span>
    </p>
   </div>
   <div class='ocr_carea' id='block_1_4' title="bbox 75 2794 1228 2853">
    <p class='ocr_par' dir='ltr' id='par_1_10' title="bbox 75 2794 1228 2853">
     <span class='ocr_line' id='line_1_47' title="bbox 75 2794 1228 2853; baseline 0 -21"><span class='ocrx_word' id='word_1_395' title='bbox 75 2794 228 2835; x_wconf 88' lang='lat' dir='ltr'>chartus</span> <span class='ocrx_word' id='word_1_396' title='bbox 247 2796 466 2837; x_wconf 87' lang='lat' dir='ltr'>Hierozoic.</span> <span class='ocrx_word' id='word_1_397' title='bbox 496 2795 538 2835; x_wconf 89' lang='lat' dir='ltr'>P.</span> <span class='ocrx_word' id='word_1_398' title='bbox 562 2807 605 2834; x_wconf 84' lang='lat'>11.</span> <span class='ocrx_word' id='word_1_399' title='bbox 625 2795 707 2834; x_wconf 89' lang='lat' dir='ltr'><strong>Lib.</strong></span> <span class='ocrx_word' id='word_1_400' title='bbox 729 2795 792 2833; x_wconf 83' lang='lat' dir='ltr'>IV.</span> <span class='ocrx_word' id='word_1_401' title='bbox 815 2798 858 2836; x_wconf 88' lang='lat'>2.</span> <span class='ocrx_word' id='word_1_402' title='bbox 879 2808 916 2846; x_wconf 86' lang='lat' dir='ltr'>p.</span> <span class='ocrx_word' id='word_1_403' title='bbox 938 2797 1053 2853; x_wconf 68' lang='lat'><strong>449¹.</strong></span> <span class='ocrx_word' id='word_1_404' title='bbox 1072 2795 1228 2851; x_wconf 46' lang='lat' dir='ltr'>VVEss.</span> 
     </span>
    </p>
   </div>
  </div>
 </body>
</html>
