1891 3310
407 197 698 239 οΕοὸΝοΜῐΑ
727 201 1000 236 ΗῐετοῑιῐΑΕ
1032 202 1263 238 monem.
1357 180 1361 187 ⁸
1395 208 1542 241 cxmx

75 304 264 350 Olympio.
297 303 386 348 Cap.
407 304 466 341 53.
526 301 619 349 (Sed
636 301 733 339 conf.
752 312 831 348 cap.
844 300 888 340 14
913 300 962 337 de
979 301 1194 348 antiquiore
1210 301 1383 337 ludorum
1408 305 1535 351 Olym-

72 364 242 407 picorum
260 360 437 406 origine.)

164 418 347 464 Sequitur
360 416 506 450 Iasonis
523 417 671 462 reliqua
686 417 777 450 vita.
821 416 880 459 Is,
905 416 1106 461 repudiata
1120 415 1273 458 Medea,
1295 422 1428 460 postea
1446 429 1531 454 cum

73 473 218 510 Glauce
235 475 448 518 coniugium
466 474 564 507 iniit.
610 474 770 515 Medea,
794 473 923 508 furore
938 475 1102 515 incensa,
1127 474 1216 517 igne
1237 477 1275 506 et
1293 475 1408 508 caede
1424 486 1529 519 gras-

70 527 198 574 s'atur,
229 531 434 565 Herc-ulem
462 535 593 565 contra
608 531 783 565 Iasonem
808 531 968 565 advocat
985 531 1186 568 vindicem.
1232 530 1343 565 Iason
1367 537 1529 567 mortem

69 589 142 623 sibi
166 589 359 623 conscivit.
405 587 637 631 Thess-alus,
669 591 865 632 superstes
883 588 1030 622 Iasonis
1046 588 1167 629 filius,
1199 588 1238 620 in
1260 598 1379 632 regno
1398 589 1527 624 Peliae

69 646 257 693 succedit,
277 650 315 693 et
333 645 486 679 ditionis
505 656 596 679 suae
615 646 792 690 populum
810 644 1016 679 Thessalos
1031 648 1152 678 vocat.
1199 645 1257 678 De
1282 645 1445 680 Medeae
1472 648 1526 680 ul-

65 702 171 736 timis
189 703 319 743 faetis,
352 702 441 736 fatis
458 707 572 748 atque
592 703 797 737 erroribus.
839 702 932 735 Eius
949 703 1048 735 filius
1069 704 1210 746 primus
1226 702 1425 736 Medorum
1445 714 1523 737 rex.

69 748 157 804 Cap.
177 761 231 796 54.
258 760 314 796 55.
332 758 378 795 56
394 760 510 803 princ.
532 780 578 786 --
607 761 908 805 Argonautarum
933 759 1080 792 reditus
1105 769 1173 802 per
1199 759 1312 791 aliam
1340 761 1462 802 viam,
1499 771 1523 794 a

65 817 226 850 'liniaco
245 819 582 857 commemoratus,
606 817 768 851 adverso
787 817 907 849 Tanai
930 819 969 849 et
983 825 1053 859 per
1073 815 1176 849 aliud
1192 815 1331 849 flumen
1349 818 1385 849 in
1404 818 1522 852 Ocea-

64 884 174 916 num,
200 874 288 907 inde
313 883 406 906 vero
429 873 540 905 iuxta
563 872 692 906 Gades
715 873 754 906 in
779 882 885 906 mare
911 872 1255 915 mediterraneam,
1285 875 1441 921 eiusque
1461 875 1520 908 rei

64 932 216 975 opinata
234 931 414 976 vestigia,
440 930 574 966 ultimo
590 931 675 965 loco
693 929 973 964 describuntur.
1003 930 1092 975 Cap.
1101 930 1160 966 56.

635 1006 929 1047 Heraclidae.

151 1065 331 1101 Herculis
356 1067 468 1102 liberi
483 1065 683 1110 :Trachine
709 1066 808 1110 apud
834 1067 996 1110 Ceycem
1021 1075 1154 1110 regem
1179 1066 1342 1101 educati.
1397 1066 1519 1110 Eury-

59 1122 213 1166 stheus,
247 1123 293 1158 de
316 1135 434 1169 regno
466 1127 660 1166 metuens,
702 1134 768 1158 eos
790 1123 892 1157 bello
917 1125 1176 1168 persequitur,
1214 1125 1336 1157 victus
1364 1124 1518 1157 taudem

57 1180 343 1217 Atheniensium
363 1192 448 1227 ope.
485 1183 575 1225 Cap.
590 1182 646 1217 57.
691 1181 771 1215 Iam
787 1181 1041 1223 Heraclidae,
1073 1181 1168 1215 duce
1186 1181 1304 1224 Hyllo
1314 1205 1328 1222 ‚¹
1354 1181 1393 1212 in
1413 1179 1520 1213 Pelo-

55 1248 266 1284 ponnesum
296 1242 335 1272 et
356 1238 605 1283 Mycenarum
631 1249 790 1283 regnum
816 1248 953 1282 agmen
977 1241 1150 1280 moven-t;
1185 1237 1253 1271 sed
1270 1247 1382 1270 caeso
1399 1237 1519 1280 Hyllo

57 1295 97 1327 in
115 1296 342 1338 certamine,
374 1306 446 1340 quo
463 1305 526 1328 res
542 1299 601 1329 est
620 1295 802 1338 dii-emta,
831 1294 1065 1337 Heraclidae
1083 1294 1138 1329 ἃᾶ
1151 1292 1185 1328 L
1202 1304 1323 1330 annos
1340 1304 1460 1338 regno
1477 1297 1518 1328 et:

16 1389 19 1393 ,
54 1351 320 1397 Peloponneso
336 1356 424 1387 sunt
439 1352 599 1387 exclusi.
637 1353 726 1396 Cap.
742 1355 802 1389 58.

679 1428 896 1465 Theman.

145 1486 325 1521 Herculis
350 1489 522 1523 imitator
547 1491 642 1522 erat.
686 1488 780 1522 Eius
807 1497 929 1533 genus
954 1488 994 1521 et
1009 1487 1132 1532 prima
1148 1487 1357 1521 certamina
1380 1494 1501 1520 nesci-1

54 1543 209 1579 buntur.
253 1545 326 1578 His
343 1546 541 1589 praeclare
559 1547 744 1590 peractis,
773 1545 940 1580 Athenas
962 1545 1087 1588 venit,
1118 1549 1158 1578 et
1179 1544 1227 1578 ab
1244 1547 1371 1589 Aegeo
1401 1544 1518 1577 certis

54 1601 176 1645 signis
193 1603 422 1646 agnoscitur.
457 1602 544 1646 Cap.
565 1606 621 1640 59.
666 1603 811 1637 Fabula
829 1602 876 1636 de
896 1602 1127 1644 Minotauro,
1149 1612 1257 1646 quem
1274 1602 1447 1635 Theseus
1464 1601 1518 1632 in-

52 1659 222 1692 teremit.
264 1657 410 1702 Regum
427 1659 668 1693 Cretensium
686 1670 889 1702 recensus3
922 1664 1039 1702 utque
1059 1669 1108 1693 ex
1125 1659 1190 1692 his.
1201 1659 1326 1691 Minos
1341 1682 1352 1699 ,
1375 1657 1421 1690 ob
1440 1658 1516 1689 An—

54 1714 240 1759 drogeum
268 1716 388 1748 filium
411 1716 450 1749 in
474 1717 598 1750 Attica
626 1716 893 1759 interfectum,
939 1716 1192 1751 Athenienses
1222 1715 1324 1749 bello
1349 1718 1388 1748 et
1414 1713 1514 1746 fame

54 1773 254 1816 presserit.
302 1771 412 1806 Iussu
445 1774 588 1807 oraculi
610 1772 862 1809 Athenienses
887 1773 1009 1806 Minoi
1039 1774 1323 1817 obtemperant,
1352 1780 1515 1814 poenam

53 1827 127 1863 Vll
143 1838 345 1872 puerorum
365 1830 650 1875 puellarumque
668 1831 848 1874 exigenti.
891 1829 1088 1873 Theseus,
1108 1831 1295 1863 Ariadnae
1321 1839 1391 1871 ope
1411 1828 1516 1860 adi-u-

53 1889 137 1928 tus,
168 1885 387 1919 Minotauro
412 1887 600 1929 consecto,
633 1888 793 1932 patriam
818 1888 946 1933 iniquo
975 1887 1117 1920 tributo
1134 1887 1284 1920 liberat.
1328 1886 1373 1918 lu
1388 1884 1517 1918 reditu

52 1943 245 1977 Ariadnen
266 1942 439 1976 Bacchus
465 1944 503 1977 iu
530 1945 654 1978 insula
681 1944 791 1979 Naxo
818 1947 929 1990 rapit.
988 1945 1072 1986 Quo
1105 1943 1236 1977 dolore
1268 1941 1513 1987 perturbatus

55 1999 251 2042 Theseus,
280 2000 375 2034 veiis
402 2002 520 2045 nigris
547 2002 708 2036 candida
729 2002 960 2037 substituere
983 2001 1238 2042 obliviscitum
1268 1999 1403 2043 quibus
1424 2008 1516 2031 con-

54 2058 196 2101 spectis
219 2058 391 2101 Aegeus,
426 2057 571 2092 Thesei
597 2064 728 2104 pat-er,
763 2070 809 2094 ex
827 2061 904 2093 aito
925 2070 966 2093 se
984 2060 1222 2102 praecipitat.
1279 2055 1451 2090 Theseus
1475 2055 1517 2087 in

52 2125 174 2159 regno
193 2116 389 2157 successit,
413 2115 481 2148 sub
500 2127 572 2161 quo
591 2127 654 2150 res
666 2119 791 2151 Attica
805 2118 940 2151 melius
959 2116 1135 2150 ordinata
1149 2117 1385 2148 incrementa
1402 2112 1514 2154 cepit.

54 2174 143 2216 Cap-
170 2176 226 2209 60.
255 2177 311 2210 61·
368 2173 462 2206 Eius
491 2184 588 2207 uxor
615 2173 789 2208 Phaedra
810 2173 1082 2217 Hippolytum,
1122 2173 1357 2217 privignum,
1400 2170 1517 2202 amat.

53 2226 463 2273 Utriusque'interitus.
508 2231 683 2265 Theseus
699 2243 767 2276 per
784 2231 1010 2266 seditionem
1027 2229 1148 2263 exsul.
1185 2229 1273 2272 Cap.
1288 2231 1344 2265 62.

143 2286 302 2319 Adiecta
326 2288 494 2321 narratio
520 2288 568 2323 de
585 2290 760 2326 Helenae
786 2293 825 2324 et
842 2288 1096 2334 Proserpinae
1109 2288 1222 2331 raptu
1236 2295 1306 2330 per
1321 2282 1515 2319 Theseum

55 2345 96 2376 et
117 2341 341 2378 Pirithoum.
375 2345 465 2389 Cap.
481 2348 536 2382 63.

545 2411 724 2457 Septem
749 2414 807 2448 ad
831 2410 1018 2448 Thebas.

146 2465 238 2508 „De
256 2464 314 2500 his
331 2477 412 2500 cum
432 2469 525 2502 satis
542 2469 682 2503 dictum
701 2472 772 2514 sit,
799 2482 861 2505 res
879 2474 1010 2515 gestas
1025 2467 1179 2512 Septem
1198 2465 1247 2500 ad
1262 2463 1416 2498 Thebas
1430 2471 1514 2506 per-

57 2533 282 2567 sequamur,
306 2526 431 2557 exorsi
452 2535 474 2558 a
490 2527 610 2569 prima
626 2527 718 2560 belli
737 2530 898 2561 causa.“
939 2527 1078 2567 Laius,
1112 2524 1329 2558 Thebarum
1354 2529 1442 2559 rex,
1476 2520 1516 2550 et*

54 2581 204 2614 Iocasta
222 2581 269 2614 de
289 2581 419 2616 sobole
436 2585 628 2617 oraculum
646 2585 810 2626 adeunt,
834 2584 933 2629 quod
953 2582 1106 2616 funesta
1127 2582 1299 2615 muntiat.
1349 2576 1517 2619 Oedipus

56 2637 145 2679 inde
171 2642 377 2682 prognatus
400 2640 540 2674 idcirco
562 2642 782 2685 exponitur3
817 2645 949 2685 postea
966 2639 1107 2673 inscius
1128 2644 1272 2682 patrem
1295 2634 1443 2669 occidit.
1467 2652 1513 2658 —-

58 2693 212 2737 Sphinx.
238 2715 284 2720 —
316 2695 467 2730 Iocasta
490 2698 703 2742 coniugium
730 2702 769 2732 et
786 2708 944 2743 regnum
967 2697 1173 2740 promittit,
1201 2695 1233 2726 si
1250 2694 1334 2737 quis
1351 2693 1432 2725 eius
1451 2699 1518 2722 ae-

57 2751 188 2795 nigma
211 2751 381 2786 801V81'it·
428 2754 596 2799 Oedipus
622 2755 757 2798 solvit,
792 2759 832 2790 et
858 2758 1019 2789 matrem
1034 2754 1176 2787 inscius
1193 2751 1331 2795 accipit
1347 2755 1519 2787 uxorem,
