1891 3310
289 197 351 236 lN
384 196 736 236 EXCERPTA
769 196 850 241 ΒΕ
884 171 1157 241 vm'mzr
1191 174 1310 244 vir.
1444 205 1535 248 491

78 320 350 363 num-regnum
370 313 655 357 restitueretur,
672 310 802 361 *idque
824 311 977 349 tandem
994 311 1168 350 obtinuit
1191 326 1274 350 cum
1298 312 1539 364 Heraclides,

78 370 143 417 qui
175 383 259 406 eum
291 368 452 409 Romam
481 368 717 414 adduxerat,
748 367 1183 417 vplerosqueSenatores
1203 371 1430 407 muneribus
1450 385 1537 409 cor-

76 428 266 476 rupisset,
295 433 338 462 ut
360 424 470 461 docet
490 425 674 475 Polybius
691 438 771 473 cap.
793 426 891 464 140.
912 426 1179 475 Legationum.
1237 427 1388 464 VALES.

193 483 298 522 5923.
332 483 406 521 67.
447 478 811 531 Τεῖαπεινοῃιένης
831 483 906 532 τῆς
929 478 1015 520 κατ’
1039 479 1276 533 Αἴγυπτον]
1323 483 1537 521 Existima-

75 537 116 574 vi
145 539 350 589 lefrendum
380 550 474 574 esse,
492 533 598 576 κατὰ
633 535 813 588 Συοιόιν,
861 537 977 587 idque
998 540 1039 575 in
1061 540 1239 576 versione
1259 546 1414 576 secutus
1437 553 1534 578 sum.

76 592 274 632 Sustineri
300 601 428 631 tamen
457 598 599 642 potest
611 595 735 633 alteia
763 595 906 641 lectio,
958 597 1111 648 quippe
1121 602 1241 642 morte
1261 595 1535 639 Philometoris

74 651 188 687 valde
206 653 385 688 maiestas
401 651 514 700 regni
535 649 793 686 Alexandrini
813 657 895 687 erat
917 644 1140 699 imminuta,
1179 665 1264 689 cum
1293 652 1535 690 Ptolemaeus

73 698 255 756 Physcon
283 719 445 756 regnum
473 713 624 743 teneret
659 699 827 742 imbellis
858 714 972 772 atque
1002 710 1180 757 ignavus.
1245 708 1370 746 Erant
1408 718 1536 748 autem

73 763 217 800 assidui
249 762 377 800 hostes
401 762 592 812 Syrorum
618 775 730 814 reges
749 763 831 799 Aeo·
805 765 934 814 gyptii
956 765 1031 801 iam
1053 764 1144 800 inde
1164 778 1186 802 a
1205 763 1423 802 Ptolemaeo
1443 766 1537 804 Phi-

73 819 274 869 ladelpho:
315 831 431 868 quare
461 832 505 855 eo
534 826 639 856 metu
669 821 820 856 levatus
847 833 949 857 esse
956 820 1160 871 videbatur
1177 820 1399 860 Demetrius
1417 822 1537 861 Nica-

74 882 158 925 tor,
186 875 373 913 Demetrii
396 873 549 912 Soteris
573 875 690 914 filius.
750 875 901 914 VALES.
1055 908 1058 910 .
1537 912 1542 916 .

133 967 135 969 ,
182 933 295 972 592.
332 932 404 971 74.
437 926 486 972 ‘O
509 933 583 984 τῆς
601 932 726 982 βασι)
731 929 815 978 ειάς
843 926 1133 985 προεστηκὼς]
1180 928 1422 972 Lasthenem
1440 933 1548 972 Cre—'

66 994 217 1025 tensem
245 989 449 1038 intelligo,
488 1000 601 1039 quem
629 1003 725 1026 παῖ
727 985 789 1039 ssa
813 996 852 1025 et
871 1003 970 1041 συγ)
975 1003 1015 1028 ει
1017 1003 1041 1040 1]
1070 997 1187 1026 vocat
1207 993 1289 1038 ipse
1309 984 1535 1029 Demetrius

70 1045 171 1094 apud
197 1044 398 1094 Iosephum
425 1045 491 1082 lib.
519 1045 588 1084 13.
621 1057 701 1094 cap.
717 1047 760 1084 8.
787 1045 918 1094 Antiq.
940 1045 976 1081 ls
997 1035 1208 1085 Lasthenes
1230 1046 1502 1087 Demetrium
1491 1061 1535 1087 m

72 1101 337 1152 recuperando
359 1114 479 1152 regno
497 1103 661 1138 multum
679 1100 1036 1140 adiuverat.VA1
1042 1112 1104 1138 Es.

188 1158 276 1198 59..
252 1160 292 1196 ).
327 1160 400 1198 81.
439 1155 690 1209 Χοωμέιωι
702 1180 759 1186 -—
780 1160 841 1212 τῇ
853 1156 1083 1214 συνήθεια]
1131 1157 1264 1196 Malim
1282 1157 1385 1196 hunc
1406 1162 1537 1201 locum
1565 1202 1569 1205 ,

71 1214 321 1265 interpretari
348 1213 394 1250 de
423 1213 742 1251 Antiochensium
772 1215 930 1252 levitate
963 1227 1024 1252 ac
1034 1199 1163 1252 studio
1195 1228 1324 1253 rerum
1344 1230 1538 1257 novarum

71 1283 184 1320 quam
203 1271 248 1313 de
270 1270 486 1308 dicacitate.
546 1269 665 1321 quue
684 1271 841 1308 firmant
864 1277 1058 1320 postrema
1081 1270 1246 1338 Diodori
1268 1273 1410 1320 verba,
1436 1286 1536 1322 quae

70 1329 110 1365 in
133 1326 205 1363 hoc
228 1329 351 1377 capite
368 1328 565 1378 leguntur.
624 1326 872 1365 Herodianus
902 1328 968 1365 lib.
984 1327 1033 1364 II.
1063 1323 1186 1395 φύσει
1221 1326 1266 1368 δὲ
1296 1331 1456 1397 κοῦφον
1484 1327 1533 1370 τὸ

70 1378 218 1435 Συρίων
239 1381 388 1430 ἔθνος,
419 1381 459 1429 ἐς
480 1382 751 1434 καινοτομίαν
771 1399 815 1424 τε
834 1386 923 1424 ,τῶν
944 1379 1271 1437 καθεστηκότων
1293 1381 1535 1438 ἐπιτήδειον.

72 1438 103 1473 V
110 1450 227 1476 urs.
840 1459 843 1461 ·

187 1497 293 1536 592.
322 1497 396 1536 82.
429 1492 606 1548 Ξενικην
625 1491 802 1548 ὁυναμιν
823 1491 1057 1549 ἀξιόλογον]
1085 1496 1147 1534 Ex
1157 1495 1271 1535 Creta
1291 1499 1485 1547 aliisque
1470 1512 1538 1536 m-

71 1553 179 1599 sulis,
208 1553 368 1590 ludaeos
386 1559 597 1602 praeterea,
628 1555 694 1602 qui
717 1554 905 1591 seditione
926 1554 1002 1590 ista
1015 1553 1258 1591 Antiochena
1278 1557 1408 1606 ignem
1424 1559 1536 1603 tectis

72 1609 348 1654 subdiderunt,
376 1608 538 1659 losepho
561 1610 754 1647 referente
776 1610 818 1647 L.
831 1609 942 1649 XIII.
970 1610 1014 1651 4.
1047 1612 1086 1651 5.
1143 1610 1285 1648 Vi'Ess.
1539 1614 1541 1617 ’

119 1670 124 1675 ’
188 1665 292 1706 592.
320 1667 392 1706 86.
435 1661 639 1718 ῘΙἸεγάλης
670 1664 714 1704 δὲ
740 1666 955 1718 ταραχῆς]
1005 1666 1158 1704 Deliae
1180 1667 1371 1704 seditione
1392 1667 1536 1717 Antio-

70 1721 204 1759 chensi
223 1722 313 1760 vide
337 1724 493 1759 omnino
515 1722 581 1759 lib.
596 1722 622 1759 l.
664 1721 837 1760 Maehab.
865 1736 948 1773 cap.
969 1734 1028 1764 xl.
1051 1728 1090 1761 et
1111 1723 1315 1776 losephum
1342 1725 1412 1765 lib.
1442 1725 1534 1763 Ant.

68 1777 179 1818 XIII.
213 1791 296 1826 cap.
319 1779 361 1818 9.
422 1777 574 1817 vitus.

189 1835 294 1875 592.
335 1836 410 1875 96.
462 1834 546 1873 Καὶ
575 1831 654 1887 γὰρ
684 1832 836 1881 ἐκεῖνος
865 1835 964 1885 etc.]
1012 1833 1202 1874 Demetrii
1226 1835 1376 1873 Soteris
1400 1838 1542 1887 super-³

72 1890 173 1927 biam
201 1891 516 1940 crudelitatisque
545 1891 673 1929 studia
691 1903 768 1929 non
790 1892 1196 1945 praeteriit-Iosephus
1226 1893 1318 1933 Ant.
1339 1892 1452 1932 XIII.
1486 1896 1532 1935 2.

73 1947 125 1985 W
129 1958 214 1985 ηε.

190 2004 294 2043 593.
322 2005 362 2045 l.
405 2000 519 2051 Τοὺς
539 2001 582 2043 δὲ
601 2000 683 2043 ἀπὸ
705 2005 781 2056 τῆς
801 1999 943 2057 ἑτέρας
962 2003 1116 2056 οῗκιάς]
1163 2004 1228 2042 Ex
1247 2007 1362 2056 stirpe
1384 2006 1535 2044 scilieet

72 2059 512 2109 AntiochiEpiphanis,
541 2073 590 2103 ex
610 2073 686 2111 qua
704 2061 892 2099 oriundus
911 2069 995 2098 erat
1013 2062 1234 2100 Alexander
1256 2061 1394 2110 Baias,
1426 2066 1535 2100 euius

73 2117 219 2166 stilpis
226 2130 337 2168 reges
357 2118 624 2155 clementiores
644 2117 896 2158 habebantur.
931 2117 1042 2156 Certe
1066 2119 1160 2156 Alex
1165 2119 1286 2155 andro
1299 2119 1413 2156 Baiae
1435 2119 1535 2157 lianc

73 2173 224 2211 laudem
249 2174 383 2212 tribuit
401 2173 622 2212 Athenaeus
647 2175 714 2211 lib.
727 2174 774 2211 V.
810 2171 867 2226 (p.
878 2177 987 2216 211.
1011 2174 1088 2242 D.)
1116 2171 1164 2215 ‘O
1194 2174 1238 2214 δὲ
1267 2173 1325 2214 H:
1325 2174 1534 2227 ἔξανὸοος

72 2243 323 2282 προσηνης
301 2245 352 2268 rv
372 2228 413 2269 ἓν
433 2232 535 2270 πᾶσι
556 2229 623 2269 καὶ
645 2226 906 2283 φιλολόγοςἻ
889 2246 931 2271 εν
950 2237 1044 2278 ταῖς
1069 2227 1187 2283 om)
1171 2245 1261 2277 ιαις
1311 2232 1445 2269 Altma
1465 2246 1536 2270 au-

73 2288 151 2322 tem
185 2289 302 2336 stirps
313 2255 488 2324 Seleuci
517 2286 777 2338 Philopatoris
804 2289 904 2326 male
937 2289 985 2326 ob
1015 2289 1234 2340 superbiam
1261 2301 1305 2326 ac
1331 2292 1536 2329 saevitiam

74 2342 267 2379 audiebat.
326 2341 480 2381 VALES.
565 2367 570 2371 -

189 2399 294 2439 593.
326 2400 369 2438 7.
422 2397 476 2439 Oc
492 2393 676 2452 Ἀραὸιοι
706 2403 800 2447 ταῖς
828 2405 988 2453 ψυχαῖς
1013 2399 1109 2452 etc.]
1156 2377 1244 2438 Hoc
1271 2400 1536 2452 fragmentum

75 2457 253 2493 connecti
276 2455 389 2495 debet
409 2468 496 2493 cum
514 2467 598 2504 cap.
611 2458 686 2497 29.
707 2455 964 2508 Legationum
983 2456 1160 2495 Diodori.
1210 2457 1311 2495 Nam
1334 2458 1534 2507 posthaec

75 2514 173 2561 quae
192 2514 273 2549 illie
292 2513 475 2563 leguntur
494 2513 630 2551 ultima
649 2514 790 2561 verba,
827 2515 1089 2564 sequebantur
1110 2517 1193 2552 sine
1215 2515 1331 2552 dubio
1358 2514 1535 2565 ἐπιβοω-

75 2565 212 2618 μένων
232 2567 276 2607 δὲ
296 2576 367 2606 etc.
397 2575 441 2605 ut
461 2568 663 2606 edidimus.
701 2570 848 2608 VALES.
908 2571 1119 2608 Adsentior
1140 2572 1313 2618 valesio,
1352 2573 1393 2608 in
1424 2574 1533 2609 cuius

78 2630 204 2661 tamen
223 2632 315 2662 nota
326 2624 505 2676 quiddam
520 2624 825 2664 deessevidetur.
855 2627 1055 2678 Leguntur
1066 2627 1198 2678 Legat.
1212 2641 1292 2677 cap.
1305 2628 1379 2667 29.
1401 2628 1534 2665 eadem

78 2681 200 2716 ferme
221 2682 360 2729 verba,
389 2694 484 2731 quae
505 2683 661 2718 initium
683 2681 795 2720 huius
811 2685 962 2721 faciunt
982 2686 1160 2730 articuli,
1194 2690 1231 2720 et
1249 2684 1350 2732 apud
1372 2683 1534 2722 suidam

81 2736 122 2773 iu
140 2733 471 2789 'Avaprrjpze'voffl
502 2744 667 2786 suntque
689 2740 769 2776 illie
789 2748 1083 2790 peropportuna.
1134 2740 1210 2777 Hic
1229 2741 1274 2777 ab
1295 2740 1532 2789 Excerptore

81 2793 263 2830 videntur
293 2797 435 2844 posita,
470 2801 513 2831 ut
540 2796 726 2844 liqueret,
768 2796 815 2833 (lc
845 2798 983 2846 quibus
1014 2804 1204 2848 ageretur.
1274 2796 1409 2844 ltaque
1436 2810 1530 2846 quae

81 2849 178 2899 apud
196 2849 379 2889 Ursinuui
402 2858 492 2888 sunt
512 2857 702 2900 postrema
721 2852 981 2905 προσέταξαν
1000 2853 1055 2901 εἷς
1074 2851 1148 2904 τὴν
1169 2850 1360 2906 φυλακὴν
1381 2849 1533 2900 αὐτοὺς
