1891 3310
416 177 480 217 IN
511 177 623 217 LIB.
652 177 749 217 XV.
789 176 917 215 CAP.
945 175 1017 217 51.
1042 198 1090 205 -—-
1117 178 1191 218 53.
1471 181 1529 222 41

80 306 185 333 nrm
215 305 272 332 ET
287 290 455 331 zemma
478 303 567 340 ME,
595 291 642 329 de
668 303 744 341 qua
762 290 876 328 Laur.
896 288 1106 341 Pignorius
1126 287 1327 329 Conment.
1347 292 1393 330 de
1417 291 1531 333 Serv.

81 366 117 402 p
140 353 212 391 32.
231 351 290 389 ed
313 350 472 386 Amstel.
500 349 635 386 XVEss.

190 406 268 445 44.
301 407 373 446 38.
401 402 490 444 ‘'Iva
509 421 566 456 μη
594 426 644 432 ——
664 400 905 456 αιατρέῖτειν
924 401 997 443 τὸν
1018 399 1166 454 Ἐπαμ.
1185 404 1262 455 τῆς
1283 404 1532 467 στρατείας]

78 463 212 500 Fuisse
237 469 329 511 puto
352 459 607 515 ἀποτρέπειν.
645 460 687 497 ld
707 460 865 526 quidem
885 467 985 497 certe
1004 462 1055 496 in
1066 459 1138 496 hoc
1158 473 1299 527 genere
1320 462 1535 499 usitatissii-

77 533 193 556 mum.
220 516 459 586 ὶΑποτρέπε
463 533 499 556 ιν
529 520 604 567 τῆς
632 512 838 569 πράξεως,
869 514 1110 569 αποτρέπειν
1138 519 1213 568 τῆς
1244 531 1399 568 ορμης,
1432 515 1536 557 dnos-

76 572 196 627 τρέεπ
181 589 237 614 ιν
257 571 337 613 ἀπὸ
363 576 438 624 τῆς
459 569 607 625 ὁμοίας
626 572 792 623 κακίας,
825 579 863 609 et
881 573 1067 611 eiusmodi
1090 574 1224 622 plura,
1245 570 1390 611 Noster
1408 587 1532 649 saepe.

80 632 166 670 Vid.
191 631 234 668 L
255 629 364 668 XVI.
387 631 460 670 32.
488 631 622 668 Wrss.

191 699 267 739 44.
295 699 371 738 48.
401 693 652 748 Πνευματος
671 695 715 736 δὲ
734 695 899 749 γενομέι
904 712 976 745 ov,
1001 693 1154 749 συ1ἕβη
1176 693 1252 748 τὴν
1272 696 1434 738 ταινίαν
1447 699 1535 752 etc.]

80 755 259 794 Meminit
277 754 447 805 prodigii
468 753 680 791 Frontinus
710 753 828 791 Strat.
855 753 899 791 L.
922 753 948 791 I.
976 755 1046 794 12.
1071 755 1124 801 5.,
1154 753 1217 790 sed
1244 767 1292 791 ex
1313 754 1422 792 hasta
1433 755 1537 806 Epa-

78 812 286 850 minondae
311 817 598 857 ornamentum,
630 811 777 847 infulae
807 823 912 848 more
944 810 1184 859 dependens,
1215 811 1384 849 ablatum
1405 815 1446 849 in
1476 827 1538 850 se-

79 871 256 918 pulcrum
276 867 570 907 Lacedaemonii
598 866 797 905 cuiusdam
817 867 1010 917 depulisse
1031 874 1211 915 ventum,
1239 868 1428 919 prodens,
1457 871 1538 909 levi

80 926 270 964 dissensu
306 924 440 963 WEss.

192 994 270 1034 44.
308 995 381 1033 71.
411 989 487 1031 Ἐν
509 987 681 1046 παρόδω
707 988 755 1030 δέ
770 1006 862 1030 τινα
883 992 967 1030 τῶν
985 989 1271 1043 πολισματίων
1290 999 1362 1032 etc.
1375 991 1393 1045 ]
1425 992 1544 1032 Scili-

83 1055 145 1087 cet
165 1051 370 1117 Κρεῦσιν,
396 1057 440 1086 ut
460 1062 509 1087 ex
527 1048 789 1116 Xenophonte
813 1048 919 1084 disco
937 1047 1228 1086 Hellenicorum
1247 1049 1313 1086 lib.
1325 1049 1389 1086 Vl.
1406 1049 1538 1099 PALM.

77 1095 153 1146 Ἔν
181 1102 354 1161 παρόδω
378 1112 449 1143 etc.
488 1105 556 1145 καὶ
585 1120 764 1158 τριηρων
796 1101 995 1157 ἕγκρατης
1037 1102 1218 1157 ἐγένετο]
1266 1104 1351 1142 Hoc
1383 1108 1541 1155 placuit.

80 1162 329 1214 Vulgatum
311 1177 352 1201 εν
371 1158 544 1217 παρόδῳ
566 1163 758 1215 παριχλθε
779 1161 828 1199 ad
847 1174 958 1198 aures
978 1162 1090 1211 plane
1112 1164 1307 1212 ingratum
1327 1163 1540 1201 accidebat.

83 1219 269 1270 Suspicor
293 1220 408 1256 etiam
437 1232 638 1256 numerum
656 1219 869 1256 triremium
898 1217 1108 1255 excidisse:
1138 1220 1255 1255 nimis
1273 1221 1376 1257 enim
1397 1234 1541 1271 vagum

82 1279 140 1314 est
162 1277 230 1315 καὶ
253 1290 433 1329 τριηρων
464 1272 663 1328 ἐγκρατης
690 1273 858 1327 ἐγένετο.
902 1273 1126 1324 Xenophon
1145 1281 1283 1312 auctor
1304 1282 1364 1313 est
1383 1275 1538 1317 Hellen.

83 1332 147 1369 Vl.
168 1347 205 1383 p.
232 1334 340 1373 465.
380 1331 655 1370 Thebanorum
682 1334 859 1369 triremes
882 1341 946 1368 ΧΠ
974 1333 1209 1381 interceptas
1239 1345 1320 1369 esse
1345 1346 1367 1370 a
1389 1331 1541 1372 Cleom-

89 1391 213 1428 broto.
243 1389 378 1427 WEss.

197 1447 273 1486 45.
296 1447 368 1486 79.
394 1441 566 1493 Ἰδόντες
584 1441 631 1484 τὸ
654 1441 833 1497 μέγεθος
852 1445 927 1496 τῆς
946 1438 1173 1495 δυνάμεως]
1199 1443 1332 1494 Neque
1349 1444 1423 1483 boc
1440 1459 1546 1496 sper-

85 1503 252 1540 nendum
273 1505 429 1551 censui3
462 1502 746 1553 significantius
778 1503 893 1538 enim.
933 1501 1128 1538 Videbant-
1155 1503 1353 1552 ingentem
1387 1501 1546 1552 Sparta-

84 1573 225 1597 norum
245 1562 477 1597 exercitum:
510 1559 598 1596 hinc
620 1565 765 1605 metus,
792 1571 915 1608 neque
936 1559 970 1594 is
990 1559 1171 1597 iniustus.
1203 1557 1408 1596 Habebunt
1427 1558 1546 1609 Spar-

86 1618 169 1653 tani
197 1624 278 1654 tum
300 1617 485 1665 temporis
507 1616 576 1652 sub
599 1617 722 1667 signis
752 1614 800 1651 ad
823 1625 878 1651 XL
899 1615 1054 1661 millia,
1072 1620 1171 1651 teste
1191 1615 1390 1666 Polyaeno
1412 1615 1454 1653 L.
1477 1616 1544 1653 ΙΙΙ.

88 1674 130 1712 3.
158 1676 196 1713 8.
218 1675 306 1720 12.,
333 1673 470 1723 quibus
491 1673 567 1722 ipsi
585 1685 656 1710 sex
674 1671 845 1709 millibus
867 1683 947 1708 non
966 1672 1087 1709 multo
1107 1673 1314 1720 ampliores
1335 1686 1418 1710 sese
1440 1673 1546 1711 obie-

89 1732 189 1767 cturi
207 1737 326 1767 erant.
356 1729 496 1767 WESS.

200 1798 276 1837 45.
306 1797 379 1837 85.
410 1794 495 1843 “E‘g
521 1793 601 1847 γὰρ
630 1792 763 1836 ὄντων
782 1790 1094 1848 Βοιωταρχῶν]
1123 1793 1338 1847 Collegium
1358 1794 1546 1835 Boeotar-

89 1852 247 1891 charum
265 1853 337 1890 XI.
361 1855 457 1891 viris
479 1852 772 1899 absolvebatur,
802 1855 835 1889 si
864 1852 959 1889 fides
978 1850 1219 1902 Thucydidis
1240 1852 1483 1891 Scholiastae
1504 1856 1546 1892 in

88 1909 191 1947 L.l[.
205 1912 262 1958 2.,
291 1911 439 1958 ipsique
452 1908 675 1959 Thucydidi
695 1910 737 1948 L.
754 1909 822 1948 IV.
841 1909 930 1956 91„
957 1920 1184 1957 quamquam
1205 1910 1238 1946 is
1258 1911 1386 1959 paullo
1408 1910 1546 1948 obscu-

87 1967 168 2004 rius
189 1967 380 2014 loquitur,
409 1972 447 2002 et
475 1966 608 2003 favere
634 1967 713 2002 illis
733 1965 911 2012 videtur,
939 1967 1006 2014 qui
1037 1977 1085 2002 ex
1114 1964 1228 2003 Livio
1248 1965 1292 2003 L.
1314 1966 1437 2004 XLII.
1466 1968 1544 2007 43.

88 2023 291 2059 duodecim
308 2021 566 2059 Boeotarchas
584 2024 694 2072 genti
714 2024 918 2071 inponunt.
970 2023 1137 2066 Quinam
1158 2028 1289 2060 autem
1307 2024 1368 2060 illi
1387 2024 1546 2071 fuerint,

89 2081 154 2128 qui
185 2086 252 2116 aut
284 2086 421 2116 contra
451 2078 780 2128 Epaminondam,
818 2085 885 2116 aut
916 2092 1003 2116 cum
1033 2091 1077 2115 eo
1098 2085 1310 2128 steterunt,
1338 2080 1497 2118 docetur
1524 2094 1548 2119 a

92 2135 287 2173 Pausania
303 2135 347 2175 L.
369 2134 442 2175 IX.
469 2136 541 2175 13.
566 2135 707 2172 lVEss.

202 2203 279 2244 45.
296 2204 369 2244 89.
382 2197 666 2254 “Opcdzpvxov
648 2218 782 2243 εαυτι)
761 2200 1006 2256 γενεσθαι]
1031 2201 1134 2254 Lege
1153 2198 1397 2258 ὁμόψηφον.
1408 2202 1546 2241 ΒΗοι).

90 2260 208 2298 Foret
231 2263 363 2309 utique
385 2263 639 2309 opportunius
669 2245 900 2313 ὁμόψηφον
924 2258 1142 2312 γενέσθαι,
1169 2262 1306 2298 tritum
1340 2263 1482 2316 quippe
1507 2264 1549 2298 in

92 2330 253 2354 assensu
275 2323 389 2366 atque
419 2317 709 2364 adprobatione.
750 2317 890 2367 Lysias
915 2317 961 2354 Ο.
990 2319 1032 2354 in
1063 2317 1180 2383 Agor.
1211 2331 1242 2354 c.
1264 2319 1339 2357 24.
1371 2333 1401 2356 ει
1433 2317 1547 2357 οὗτοι

91 2369 313 2426 ομόψηφοι
335 2369 420 2412 κατ’
455 2372 616 2413 ἐκείνων
643 2376 728 2413 τῶν
749 2371 914 2422 ἀνδρῶν
941 2378 1029 2419 τοῖς
1048 2368 1269 2426 τριάκοντα
1293 2389 1335 2427 γε
1320 2369 1547 2427 ἑνίσονται.

94 2430 175 2468 Sed
197 2430 295 2467 nihil
318 2429 440 2467 audeo
467 2437 602 2467 contra
622 2433 785 2498 scriptos
809 2431 941 2467 libros.
971 2430 1108 2467 WESS.

206 2487 281 2526 45·
306 2488 379 2526 96-
405 2484 529 2525 Κατα
548 2484 622 2526 τὸν
643 2485 745 2526 νειὺν
768 2489 843 2526 τοῦ
858 2482 1112 2538 (Ηρακλέους
1132 2482 1241 2525 ὅπλα
1263 2484 1357 2538 etc.]
1389 2486 1551 2537 Sumpta

93 2556 141 2581 ex
164 2541 398 2580 Callisthene
417 2543 623 2589 videntur,
649 2557 760 2593 quem
780 2543 873 2580 baec
893 2543 1071 2594 prodigia
1091 2543 1339 2592 descripsisse
1370 2556 1418 2580 ex
1441 2543 1550 2581 Cice-

92 2614 188 2637 rone
213 2598 254 2635 L.
276 2599 303 2636 1.
317 2598 492 2636 Divinat.
513 2613 545 2638 c.
571 2601 644 2639 34.
667 2603 857 2638 novimus.
889 2599 973 2637 Nec
993 2601 1193 2649 praeteriit
1212 2599 1435 2649 Xenophon
1455 2599 1551 2639 Hel-

95 2658 171 2717 len.
191 2655 255 2693 Vl.
278 2669 315 2705 p.
336 2656 443 2696 465.
475 2656 612 2693 Wnss.
871 2670 873 2672 ·

208 2724 283 2764 45.
312 2726 350 2764 l.
376 2718 450 2770 εΩς
470 2720 550 2763 c'n?
569 2722 817 2776 Τροφωνίου
836 2719 1092 2778 προσφάτως
1111 2719 1426 2776 ἂναβεβηκότα]
1453 2723 1552 2762 Vide

95 2781 281 2831 Polyaen.
303 2781 347 2819 L.
369 2779 417 2816 ΙΙ.
443 2781 483 2819 3.
509 2783 549 2820 8.
582 2788 619 2816 et
641 2781 687 2817 de
713 2780 932 2829 Trophonii
950 2794 1066 2830 prope
1086 2780 1295 2818 Lebadiam
1318 2788 1456 2827 antro,
1486 2782 1552 2817 de·-

97 2851 169 2888 que
189 2838 432 2876 descensuris
450 2838 493 2874 in
512 2836 610 2874 illud
629 2839 736 2876 viros
755 2838 890 2876 doctos
910 2837 986 2876 Iac.
1008 2838 1188 2876 Perizon.
1210 2837 1261 2875 ad
1273 2836 1422 2876 Aelian.
1439 2837 1484 2876 V.
1500 2837 1551 2877 H.
