1891 3310
408 182 472 222 IN
501 181 614 221 LIB.
652 181 749 221 XV.
781 179 913 222 cAP.
948 182 1020 223 53.
1045 201 1093 211 —·
1122 182 1194 224 56.
1472 182 1535 224 43

81 313 157 350 quo
187 306 356 348 tempore
387 296 565 334 induciae
596 308 640 333 eo
670 307 825 333 suasore
856 301 948 332 sunt
980 295 1131 342 factae,
1159 294 1464 344 abeuntilmsque
1488 306 1538 332 ex

80 357 240 395 Boeotia
275 354 476 402 Spartanis
499 354 669 389 occurrit
701 358 855 389 recente
885 365 972 389 cum
1004 354 1174 389 exercitu
1206 351 1459 388 Archidamus
1488 351 1538 388 ad

83 411 327 464 Aegosthena
355 409 572 460 Megaricae
604 409 766 445 ditionis
795 409 943 448 urbem.
990 406 1208 454 Diodorus,
1247 414 1291 445 ut
1317 409 1416 454 alia,
1444 420 1540 444 cou-

81 469 243 508 fundere
264 467 356 504 haec
376 468 525 515 potuit,
558 467 683 514 potuit
703 467 844 512 etiam,
879 477 991 513 quem
1019 466 1061 502 in
1091 464 1152 501 his
1174 465 1248 502 sibi
1270 463 1405 501 ducem
1428 464 1539 513 legit,

81 524 346 564 Callisthenes.
378 522 478 560 Nam
498 522 542 560 de
563 521 823 571 'lheopompo⁹
848 521 951 569 quod
971 522 1186 569 suspicatur
1207 520 1435 566 Palmerius‚
1458 533 1540 557 non

83 589 140 619 est
158 582 279 618 simile
302 591 418 618 vero:
450 578 652 616 Leuctrica
672 580 773 616 enim
803 584 841 615 et
870 579 950 615 illis
972 577 1218 616 cohaerentia
1237 578 1434 628 neglexit,
1463 576 1540 614 Po-

81 639 189 689 lybio
213 643 309 674 teste
330 636 513 685 Excerpt.
535 647 571 683 p.
601 636 736 675 1379.
778 633 954 671 Ceterum
975 647 1044 684 pro
1067 633 1326 684 Xenophonte
1349 639 1426 670 stat
1445 645 1542 683 quo-

83 708 155 746 que
175 693 224 731 H.
249 692 474 730 Dodwellus
495 691 595 729 Ann.
617 690 799 740 Xenoph.
822 705 856 743 p.
877 693 986 733 277.
1012 691 1148 729 WESS.

194 762 269 802 46.
303 761 375 801 53.
411 757 513 815 ΗΙδιᾳ
543 758 621 798 τιιὶ
652 757 720 798 καὶ
747 773 915 812 περιττι]
943 754 1051 806 τάξει
1077 752 1367 811 χρησάμενος]
1411 757 1545 801 Aciem

83 820 212 868 paullo
233 819 345 855 aliter
369 801 539 867 disponit
559 814 781 864 Xenophon
798 815 953 854 Hellen.
976 814 1018 852 L.
1041 815 1104 852 VI.
1118 827 1155 864 p.
1177 815 1285 856 466.
1278 842 1301 861 .,
1323 828 1434 865 quem
1453 815 1544 853 vide

85 882 122 912 et
145 873 424 912 Plutarchum'
413 886 456 909 ιη
479 872 609 920 Pelop.
630 886 665 922 Ρ.
691 873 797 912 289.
830 873 930 916 Quia
949 884 1042 909 vero
1064 873 1222 909 sinistro
1244 884 1366 909 cornu
1386 872 1547 922 Epami-

84 932 234 969 nondas
255 931 485 967 lectissimae
517 936 555 965 et
576 929 877 978 spectatissimae
907 930 1065 967 virtutis
1086 927 1294 966 Thebanos
1324 930 1547 975 collocarat,

86 1000 201 1036 eaque
221 1000 284 1024 res
304 987 351 1023 ad
371 987 576 1024 victoriam
593 985 695 1022 haud
716 987 800 1021 leve
819 992 1054 1023 momentum
1073 986 1271 1031 attulerat,
1292 987 1417 1024 valuit
1435 985 1548 1022 dein-

87 1058 175 1094 ceps
196 1045 297 1080 inter
317 1042 544 1090 Thebanos,
576 1048 621 1080 ut
644 1042 824 1080 omnibus
854 1044 897 1078 in
924 1043 1080 1090 praeliis
1101 1042 1281 1078 sinistrae
1311 1043 1408 1079 aciei
1441 1044 1549 1090 prin-

88 1113 176 1150 ceps
195 1103 302 1138 locus
335 1106 456 1148 esset,
487 1099 649 1138 docente
673 1098 807 1139 eodem
834 1097 936 1137 Plut.
977 1099 1135 1142 Quaest.
1168 1096 1279 1139 Rom.
1311 1112 1346 1150 p.
1367 1100 1477 1139 282.
1498 1097 1549 1136 D.

88 1158 223 1196 Wssss.
1357 1180 1362 1186 .

203 1214 278 1254 47.
310 1214 382 1253 80.
414 1210 499 1251 Καὶ
522 1206 755 1264 προθύμως
773 1207 852 1263 πρὸ
877 1206 1008 1250 αὐτοῦ
1031 1205 1397 1262 ἀποθνήσκοντας]
1431 1209 1552 1249 Caus-

91 1284 172 1309 sam
195 1272 356 1318 exponit
383 1268 595 1308 Pausanias
617 1269 660 1308 L.
685 1267 756 1305 IX.
782 1269 854 1309 13.
873 1280 912 1316 p.
940 1269 1045 1308 737.
1075 1267 1210 1304 WEss.

203 1328 279 1367 47.
305 1329 376 1367 88.
408 1326 560 1376 Βαρεΐς
582 1322 828 1378 ἐγκείμενοι]
859 1324 1006 1363 lustum
1026 1324 1195 1374 adaeque
1217 1323 1289 1361 hoc
1326 1337 1371 1362 ac
1407 1321 1554 1363 ἐπικεί-

91 1399 167 1437 μετ
170 1398 219 1423 οι
258 1389 347 1421 utor
368 1384 450 1419 solo
470 1381 643 1420 Diodoro
665 1389 781 1421 teste:
822 1382 878 1418 sic
900 1379 1203 1448 περιχυθέντες
1220 1380 1288 1419 καὶ
1316 1377 1553 1434 βιαιότερον

94 1439 310 1493 ἐγκείμενοι
331 1439 374 1478 L.
397 1438 460 1475 lv.
483 1440 573 1485 1.8,
600 1445 637 1476 et
666 1436 705 1478 οἱ
737 1436 777 1476 ὅ
814 1436 946 1490 ἐρέται
972 1459 1020 1465 —-
1043 1433 1327 1494 ἐκθυμότερον
1358 1436 1554 1477 ἐνέκειντο

94 1497 138 1536 L.
172 1496 267 1537 XX.
308 1496 379 1535 52.
426 1497 502 1533 imo
529 1498 674 1549 βαρεῖς
701 1493 922 1550 ἐγκείμενοι
950 1494 1123 1534 eiusdem
1152 1495 1221 1532 lib.
1252 1507 1285 1532 c
1319 1495 1393 1535 39.
1423 1495 1559 1545 scripti

96 1554 259 1592 codices.
293 1552 430 1590 WESS.

209 1621 284 1660 47.
313 1621 387 1661 97.
433 1616 522 1672 Την
541 1614 613 1666 τά
601 1623 655 1659 ειν
674 1616 756 1658 ‹5ae57
760 1620 858 1666 υον]
885 1617 1190 1658 Rhodomannus
1217 1620 1339 1657 inseri
1359 1618 1467 1655 iubet
1498 1613 1562 1667 οὗ,

97 1675 199 1715 haud
223 1680 301 1714 scio
324 1691 375 1714 an
395 1679 626 1716 inconsulte.
656 1676 791 1715 WESS.

212 1746 288 1785 47.
318 1745 392 1784 98.
435 1745 523 1782 Τοῦ
554 1742 599 1782 δὲ
631 1741 985 1796 παραγγέλλοντος
1016 1737 1217 1795 ἡγεμόνος
1238 1740 1342 1795 εἴα]
1387 1741 1564 1780 Perierat

101 1799 379 1838 Cleombrotus.
421 1800 521 1844 Quid
539 1800 683 1836 factum
702 1813 794 1850 ergo
815 1799 1072 1846 Archidamo,
1101 1801 1166 1836 cui
1196 1801 1389 1836 exercitus
1413 1806 1563 1847 partem

104 1865 237 1894 auctor
266 1854 454 1894 tradidit?
503 1855 571 1892 Ille
590 1858 723 1906 utique
757 1857 972 1906 superabat.
999 1855 1140 1898 WESS.
1190 1856 1236 1893 V.
1264 1855 1488 1895 Schneider.
1513 1855 1563 1894 ad

105 1913 287 1964 Xenoph.
315 1912 365 1952 H.
389 1913 458 1951 Gr.
479 1911 544 1949 Vl.
564 1913 608 1952 4.
638 1913 706 1952 13.

216 1982 397 2022 47.10
435 1977 523 2020 Οὐκ
543 1980 584 2019 ε)
590 1975 739 2027 <inaug
759 1981 845 2020 τῶν
866 1978 1229 2034 τετρακισχιλίων]
1255 1980 1469 2017 Pausanias
1489 1979 1565 2017 La-

105 2038 439 2077 cedaemoniorum
468 2038 522 2075 n)
527 2036 632 2084 είους
665 2053 689 2091 η
723 2036 883 2088 χιλίους
913 2038 1137 2075 occubuisse
1168 2040 1245 2086 ait,
1289 2036 1565 2076 Thebanorum

104 2109 198 2133 vero
219 2106 273 2132 xl.
293 2095 483 2131 duntaxat
511 2101 548 2130 et
571 2100 714 2143 septem
741 2093 987 2142 L.1X.13.‚
1017 2095 1084 2131 ubi
1103 2093 1303 2133 Plutarchi
1325 2101 1363 2131 et
1381 2092 1567 2144 Dionysii.

105 2152 397 2191 Halicarnassei
426 2151 642 2188 dissensum
670 2163 749 2188 non
781 2152 956 2201 neglexit
992 2154 1344 2200 praestantissimus
1372 2149 1566 2187 Kuhnius.

109 2208 258 2260 Tetigit
278 2210 394 2245 etiam
414 2206 723 2245 Hutchinsonius
744 2207 792 2244 ad
811 2207 1087 2259 Xenophontis
1109 2208 1253 2258 Agesil.
1272 2220 1306 2256 p.
1319 2208 1409 2254 44„
1430 2206 1496 2243 sed
1518 2217 1568 2242 ex

108 2265 302 2314 Meursio,
333 2266 401 2314 qui
422 2264 467 2300 de
487 2263 611 2315 Regu.
632 2264 853 2303 Lacedaem.
883 2279 917 2304 c.
944 2268 1014 2305 18.
1047 2267 1178 2313 pulcre
1210 2264 1407 2311 ostendit,
1437 2265 1568 2301 verio-

109 2336 190 2360 rem
216 2335 298 2359 esse
317 2320 482 2359 Diodori
512 2323 753 2370 opinionem,
785 2321 886 2370 quod
916 2321 1138 2370 Xenophon
1161 2334 1207 2358 eo
1227 2322 1326 2369 loci,
1357 2320 1571 2371 Σπαρτια·

111 2381 195 2419 τῶν
218 2376 265 2418 οὐ
286 2373 460 2428 μειόνων
481 2373 761 2418 ἀπολωλότων
783 2377 824 2416 ἐν
845 2379 895 2431 τῇ
919 2377 959 2416 ἓν
978 2373 1214 2430 Λεύκτροις
1233 2373 1363 2431 μάχῃ,
1388 2373 1413 2427 ἢ
1436 2377 1571 2415 λειπο-

112 2433 260 2487 μένων.
288 2433 422 2472 Fuisse
443 2436 545 2471 enim
565 2433 844 2483 Spartanorum
862 2434 909 2471 ad
931 2442 1018 2472 octo
1038 2436 1160 2473 ferme
1178 2436 1313 2481 millia,
1344 2433 1570 2471 adfirmante

114 2492 215 2543 apud
239 2490 477 2530 Herodotum
507 2491 549 2528 L.
566 2490 651 2529 Vll.
672 2491 780 2530 234.
810 2490 1030 2530 Demarato.
1058 2492 1200 2530 VVESS.

229 2559 304 2599 47.
337 2560 407 2599 17.
439 2556 727 2610 Λυσκίνητος]
761 2558 861 2595 Dedi
891 2559 1113 2597 melioribus
1143 2559 1275 2605 libris,
1307 2565 1351 2596 ut
1372 2557 1445 2595 hoc
1462 2569 1571 2608 prae-

118 2617 298 2655 ferretur.
340 2615 488 2652 Scribit
512 2614 720 2652 Archontis
742 2628 882 2652 nomen
904 2615 1115 2655 Pausanias
1138 2615 1181 2654 L.
1209 2615 1272 2655 lV.
1297 2617 1370 2655 27.
1399 2628 1436 2665 Ρ.
1464 2615 1570 2653 346.

119 2674 253 2711 eodem
285 2672 419 2709 modo:
469 2670 723 2709 Demostheni
754 2678 882 2709 tamen
917 2672 984 2708 Or.
1015 2671 1065 2710 ll.
1103 2675 1145 2709 in
1177 2671 1367 2722 Stephan.
1399 2685 1433 2721 p.
1467 2671 1574 2711 035.

120 2728 383 2781 Αυσνίκητος
416 2735 486 2765 est.
525 2728 569 2765 ln
598 2729 763 2765 tribunis
796 2729 992 2766 consulari
1012 2729 1095 2765 iure
1119 2741 1198 2765 non
1219 2730 1334 2779 longe
1364 2729 1443 2764 abit
1471 2741 1493 2764 a
1511 2728 1577 2765 Li-

121 2788 203 2833 vio,
231 2786 297 2823 sed
317 2798 384 2822 sex
403 2792 692 2822 annumerante.
730 2784 817 2824 Car.
843 2784 1046 2836 Sigonium
1067 2785 1159 2823 vide
1184 2785 1233 2823 ad
1252 2784 1295 2822 L.
1317 2784 1381 2822 Vl.
1403 2785 1493 2832 31„
1514 2784 1580 2822 Li-

124 2845 232 2881 vium
254 2842 344 2880 hinc
362 2842 622 2880 adiuvantem.
664 2841 798 2879 lVESS.
