1891 3310
325 211 400 244 DE
432 208 754 242 FONTIBUS
784 207 948 241 HrsT.
981 207 1264 242 DIODORI.
1362 207 1520 239 LXXXI

75 309 193 355 [123]
215 319 290 344 non
305 310 380 343 nisi
399 318 446 343 ex
464 308 604 342 iudicio
622 307 819 352 scriptoris
836 306 1060 351 pragmatici
1086 304 1258 345 definiit,·
1280 305 1321 339 id
1346 305 1446 352 quod
1471 305 1517 339 ab

72 368 238 412 antiquis
264 367 432 400 historiis
450 376 495 400 ac
518 365 659 411 mythis
680 366 846 399 alienum
868 354 939 406 est,
965 364 1028 409 qui
1049 363 1098 397 ad
1123 364 1238 408 longe
1263 363 1358 397 alios
1383 373 1518 397 sensus

72 434 119 458 ac
151 425 326 458 notiones
357 427 529 458 veterum
564 427 733 458 aetatum
769 421 946 466 exigendi
985 424 1083 456 sunt.
1131 420 1263 464 Itaque
1296 422 1361 454 ille
1385 430 1518 465 regem

70 490 198 515 rerum
225 485 419 525 gestarum
451 484 491 514 et
513 482 758 515 victoriarum
790 479 895 513 fama
921 477 1130 519 celebrem,
1160 487 1324 522 moxque
1346 479 1521 511 victoria-

71 547 156 571 rum
187 537 369 571 fructibus
403 538 451 571 ad
484 537 674 572 ornandos
707 538 816 583 regni
848 537 907 570 sui
937 545 1051 579 agros
1075 545 1203 575 usum,
1238 535 1418 568 exhibere
1443 539 1519 567 stu-

74 595 158 637 det3
191 606 308 639 opera
340 596 489 638 publica
521 595 649 639 plura,
685 605 843 640 quorum
876 603 990 627 verus
1020 596 1152 626 auctor
1182 592 1450 636 ignorabatur,
1483 592 1521 624 ei

72 653 291 686 tribuuntur
322 656 368 695 (c.
397 652 463 694 56,
491 654 526 694 7,
556 653 604 697 8.)
650 653 812 686 Omnino
841 652 880 684 in
915 648 1111 683 Sesostride
1136 649 1231 682 haec
1264 649 1337 682 duo
1364 649 1454 682 mihi
1476 649 1520 681 li-

73 721 191 755 quere
217 711 409 743 videntur:
446 710 565 753 primo
594 720 690 754 quae
718 710 764 744 de
789 708 940 743 Osiride
966 709 1039 741 iam
1065 718 1179 752 supra
1199 707 1362 740 diximus
1385 716 1408 739 a
1429 715 1520 738 non-

73 767 188 800 nullis
212 767 250 799 in
276 767 520 801 historiarum
546 767 697 801 modum
723 766 842 800 fuisse
860 767 1132 809 interpretata,
1156 775 1203 798 ea
1226 765 1272 798 ab
1298 765 1383 798 aliis
1399 772 1521 797 trans-

73 823 155 857 lata
176 834 260 858 esse
285 825 322 857 in
353 822 634 866 Sesostridem,
680 824 796 868 (apud
829 823 1004 856 Tacitum
1037 824 1132 856 Ann.
1164 823 1209 862 ΙΙ,
1233 823 1296 857 60.
1334 821 1520 855 Rhamses

73 882 306 925 nominatur)
333 882 443 926 eique
474 882 571 915 adeo
598 881 880 925 expeditionem
906 881 1138 924 assignatam
1162 881 1202 912 in
1229 884 1353 914 terras
1377 880 1522 923 longin-

75 948 188 983 quas:
224 948 306 971 cum
344 939 494 982 proprie
528 938 622 972 haec
665 939 712 972 de
748 937 847 972 Solis
881 947 993 970 cursu
1025 937 1114 970 olim
1150 941 1304 970 narrata
1337 937 1521 983 fuissent;

73 996 239 1030 alterum
287 999 365 1035 est,
417 1001 474 1029 ut·
509 995 798 1030 Semiramidem
848 998 887 1028 et
928 993 1063 1027 Belum
1104 995 1143 1027 in
1182 995 1360 1035 Oriente,
1411 995 1523 1027 Solo-

73 1063 226 1088 monem
267 1055 306 1087 in
349 1054 568 1088 Palaestina
584 1078 594 1096 ,
634 1055 673 1087 in
715 1054 802 1087 aliis
842 1052 958 1086 terris
1001 1052 1077 1084 alia
1120 1052 1294 1092 nomina,
1328 1053 1382 1084 ita
1409 1051 1522 1085 Seso-

74 1114 171 1146 strin
212 1123 281 1157 pro
315 1116 471 1145 auctore
507 1115 679 1145 veterum
718 1119 894 1154 operum,
929 1119 1087 1154 quorum
1116 1119 1231 1141 verus
1258 1113 1390 1142 auctor
1416 1110 1522 1152 igno-

73 1170 257 1211 rabatur,
296 1174 339 1203 ut
379 1178 581 1213 aggerum,
633 1168 843 1211 fossarum,
884 1176 1046 1211 magnae
1094 1167 1207 1200 molis
1248 1165 1523 1209 aedificiorum,

74 1237 161 1262 esse
182 1227 431 1260 venditatum.

165 1285 208 1319 In
229 1284 385 1318 moribus
412 1288 446 1317 et
469 1280 639 1317 institutis
656 1280 919 1328 Aegyptiormn
939 1279 1172 1325 exponendis
1192 1280 1280 1314 inde
1301 1291 1323 1313 a
1340 1291 1370 1314 c.
1392 1280 1443 1315 69
1465 1292 1523 1325 sq.

73 1343 156 1388 ipse
187 1344 414 1388 profitetur,
452 1352 508 1383 se,
547 1339 802 1374 narrationum
821 1338 1019 1383 Ponendis,
1061 1348 1153 1381 qaae
1178 1336 1381 1371 Herodotus
1407 1345 1440 1371 et
1458 1337 1525 1371 alii

74 1399 240 1435 nonnulli
271 1409 395 1433 rernm
418 1397 729 1444 Aegyptiacarum
762 1396 954 1441 scriptores
989 1394 1188 1429 delectandi
1211 1406 1341 1428 caussa
1368 1394 1526 1440 amplexi

74 1457 164 1499 siut,
191 1455 307 1491 missis
324 1453 461 1505 factis,
486 1466 529 1489 ea
556 1466 630 1489 esse
655 1453 914 1498 expositurum,
940 1464 1030 1498 quae
1058 1463 1081 1487 α
1105 1452 1347 1486 sacerdotibus
1367 1452 1529 1499 Aegypti

73 1515 114 1550 in
140 1514 409 1550 commentarios
430 1515 547 1548 relata
581 1518 750 1547 accurate
783 1510 1052 1547 examinaverit.
1103 1510 1230 1545 Primo
1259 1512 1376 1545 libros
1403 1522 1527 1545 sacer-

75 1574 205 1608 dotum
239 1584 368 1609 saeros
400 1576 483 1618 ipse
513 1573 645 1617 utique
675 1581 750 1605 non
781 1571 968 1614 inspexit,
1003 1569 1191 1615 quomodo
1218 1570 1318 1603 enim
1354 1568 1525 1602 Graecus

74 1631 188 1666 homo
212 1632 300 1666 illos
330 1632 462 1676 legere
496 1628 713 1675 potuisset&
751 1629 825 1661 etsi
857 1637 928 1661 nec
949 1627 1016 1660 illo
1049 1630 1221 1670 tempore
1256 1628 1433 1661 extitisse
1458 1635 1526 1661 eos

76 1690 234 1724 credere
264 1690 377 1731 licet3
411 1689 480 1723 sed
505 1691 657 1722 secutus
690 1689 750 1719 est
774 1684 966 1718 Diodorus
992 1685 1239 1727 scriptorem,
1262 1689 1376 1727 gente
1398 1686 1528 1728 Aegy-

74 1750 194 1794 ptium
211 1772 221 1790 ‚
244 1747 307 1792 qui
332 1746 433 1780 idem
459 1744 531 1780 hoc
554 1744 750 1789 professus
778 1746 874 1784 erat,
899 1752 940 1775 se
966 1751 1035 1774 sua
1058 1751 1079 1774 e
1105 1742 1224 1774 sacris
1248 1741 1356 1774 libris
1381 1739 1527 1775 hausis-

77 1817 141 1848 se3
166 1807 248 1851 quis
274 1804 339 1838 ille
365 1803 493 1844 fuerit,
520 1804 604 1847 ipso
625 1804 777 1835 tacente
802 1801 885 1846 quis
904 1799 1149 1843 pronuntiare
1174 1797 1301 1830 ausit}
1320 1797 1380 1831 De
1397 1797 1522 1832 Mane-

76 1863 182 1898 thone
208 1871 300 1896 sane
322 1861 433 1895 obvia
450 1860 634 1905 est[l24]
656 1859 833 1902 suspicio.
875 1858 992 1892 Forte
1013 1860 1052 1891 et
1069 1854 1293 1889 Hecataeum
1316 1855 1528 1890 Abderimm

76 1920 321 1961 adhibuerat3
353 1929 440 1951 nam
470 1929 555 1952 eum
589 1927 656 1959 ea,
688 1926 784 1961 quae
817 1915 865 1949 de
896 1924 1029 1958 regum
1053 1917 1133 1947 vita
1156 1916 1379 1956 narrantur,
1411 1914 1530 1948 simili

76 1979 189 2013 modo
211 1986 426 2017 narrasse,
458 1981 506 2010 ex
539 1973 742 2009 Plutarcho
787 1974 848 2017 (T.
878 1972 924 2005 11.
957 1981 993 2016 p.
1011 1970 1105 2007 353.
1124 1971 1183 2013 Β.)
1219 1971 1400 2015 colligere
1425 1972 1529 2006 licet.

75 2035 245 2080 Arripuit
275 2034 342 2067 illa
374 2036 440 2066 aut
470 2034 552 2076 ipse
585 2031 799 2072 Diodorus,
834 2033 900 2063 aut
925 2029 1108 2072 scriptor,
1139 2037 1252 2072 quem
1285 2032 1374 2062 ante
1398 2030 1529 2063 oculos

77 2093 227 2133 habuit,
264 2095 303 2125 et
332 2091 386 2123 ita
422 2090 623 2132 tractavit,
656 2091 699 2122 ut
731 2088 945 2132 praeceptis
976 2085 1246 2130 philosophicis
1280 2096 1326 2119 ac
1349 2087 1529 2130 politicis,

77 2151 329 2192 monitisque,
363 2147 498 2191 quibus
532 2157 666 2191 regum
701 2155 747 2179 ac
780 2146 991 2189 principum
1015 2144 1095 2176 vita
1119 2144 1201 2187 regi
1225 2147 1375 2186 posset,
1400 2155 1529 2177 narra-

77 2210 182 2242 tione
218 2216 287 2239 sua
323 2206 589 2239 auctoritatem
627 2204 792 2243 faceret,
824 2201 911 2235 dum
935 2205 1139 2246 praecepta
1163 2202 1202 2233 in
1225 2200 1328 2233 facta
1361 2205 1530 2235 mutaret

80 2270 120 2299 et
149 2263 197 2297 ad
232 2263 405 2295 ultimam
442 2263 707 2307 antiquitatem
743 2271 790 2294 ea
820 2258 1057 2300 retraheret3
1081 2258 1222 2298 verbo,
1258 2257 1378 2292 fuisse
1403 2260 1530 2302 suspi-

80 2316 146 2356 cor
171 2317 398 2364 scriptores,r
431 2311 515 2364 qui,
546 2320 596 2353 ad
627 2317 888 2364 Cyropaediae
916 2316 1153 2361 exemplum,
1189 2319 1256 2348 aut
1277 2316 1326 2348 ad
1345 2316 1527 2349 librorum

79 2378 343 2413 nonnullorum
368 2377 664 2411 Romanensium
690 2385 857 2417 morem,
880 2374 1015 2420 quibus
1040 2376 1245 2417 praecepta
1268 2373 1370 2406 vitae
1397 2377 1436 2406 et
1454 2384 1531 2407 mo.

81 2446 163 2470 rum
192 2436 230 2468 in
264 2435 352 2478 Cyri
376 2435 437 2467 vel
463 2433 601 2468 Sethos
636 2433 817 2467 historias
850 2432 975 2466 relata
1008 2434 1048 2464 et
1072 2429 1224 2473 digesta
1253 2434 1365 2472 sunt,
1400 2431 1446 2463 de
1474 2442 1530 2464 re-

81 2503 170 2538 gum
212 2493 344 2525 officiis
392 2501 437 2524 ac
479 2492 618 2523 muniis
635 2514 645 2532 ,
700 2491 747 2524 de
793 2491 890 2533 reip.
940 2493 980 2522 et
1019 2487 1246 2521 iudiciorum
1291 2488 1530 2520 administra-

81 2551 186 2583 tione
210 2550 264 2582 ita
288 2548 559 2589 tradidissent,
581 2551 623 2580 ut
646 2551 817 2580 veterum
842 2547 1114 2590 Aegyptiorum
1140 2555 1268 2578 mores
1293 2549 1332 2578 et
1356 2546 1531 2579 instituta

83 2607 244 2640 eundem
270 2607 308 2639 in
333 2605 483 2638 modum
509 2608 726 2648 comparata
746 2608 991 2646 exponerent.
1040 2603 1098 2635 lta
1124 2603 1205 2646 regi
1230 2602 1406 2644 Aegypti,
1431 2600 1529 2644 quod

82 2663 255 2697 Britanni
282 2663 329 2696 dc
352 2672 420 2695 suo
440 2672 531 2706 rege
557 2661 779 2705 praedicare
802 2660 948 2701 solent,
973 2670 1047 2693 non
1070 2660 1177 2692 licuit
1200 2657 1299 2691 male
1325 2656 1413 2700 quid
1435 2656 1532 2688 sace-

83 2731 146 2763 re3
179 2725 282 2755 recte
317 2719 480 2753 faciendi
508 2722 679 2762 potestas
707 2718 892 2751 latissime
926 2719 1067 2760 patuit,
1096 2715 1191 2748 illud
1213 2719 1341 2747 tamen
1368 2713 1532 2747 humana

85 2784 233 2820 natura,
258 2778 376 2812 multo
401 2777 523 2820 magis
548 2786 680 2820 regum
705 2775 859 2818 ingenia
883 2774 1160 2813 detrectabunt,
1185 2771 1283 2815 quod
1309 2781 1355 2803 nc
1381 2770 1532 2814 quidem

85 2838 189 2867 recta
216 2838 256 2867 et
284 2833 445 2867 honesta
469 2844 536 2877 pro
558 2833 681 2867 lubitu
706 2832 834 2866 facere
860 2832 987 2872 licuit,
1021 2829 1090 2864 sed
1114 2829 1162 2862 ad
1190 2818 1428 2872 praescripta
1444 2827 1532 2869 loci,

130 2891 280 2925 Vnull.
299 2892 467 2924 Amasi).
1210 2884 1228 2916 s
