1891 3310
709 192 1090 225 PRAEFATIO.
1441 194 1619 224 XXXVII

161 291 340 336 quidquid
368 291 405 323 in
430 299 520 323 usus
546 289 741 324 studiosae
768 291 995 329 iuventutis,
1035 289 1299 335 publicumque
1326 290 1523 323 literarum
1553 290 1614 322 bu-

159 359 246 381 num
279 352 382 381 recte
418 348 640 390 suscipitur,
692 348 942 381 libentissime
975 348 1153 391 amplecti
1190 352 1228 381 et
1262 348 1423 390 probare
1465 347 1614 379 soletis:

158 417 232 450 quo
260 406 380 438 minus
406 415 477 449 ego
503 407 629 438 vereri
652 405 794 446 debeo,
833 416 880 439 ne
914 405 975 438 hic
1003 416 1113 439 meae
1147 406 1356 438 industriae
1382 404 1526 436 fructus
1552 413 1614 446 pu-

157 473 240 495 rum
276 461 375 504 apud
406 472 473 495 vos
513 462 699 495 valiturus
735 464 795 497 sit.
859 462 1014 506 Pergite
1050 463 1165 495 V1n1
1199 462 1292 495 Pnu
1308 469 1611 498 DEN¹1·1851M1‚

156 520 491 552 MAECENATES
527 529 715 561 οΡΉΜῙ,
757 530 837 553 rem
863 520 1050 564 publicam
1078 524 1116 554 et
1140 521 1347 553 litei-ariam
1382 529 1428 551 ex
1464 522 1612 550 senten-

155 578 209 609 tia
234 587 393 620 gerere,
435 580 547 621 atque
585 578 685 609 omni
723 586 851 609 rerum
887 578 1136 620 optandarum
1169 589 1311 622 genere
1346 575 1524 610 cumulati
1551 584 1611 606 va-

154 635 231 668 lete
257 634 481 668 diutissime.
526 634 695 667 Traiecti
720 638 870 666 vestrae
894 635 935 667 Α.
959 635 994 667 d.
1018 644 1055 668 x.
1075 634 1162 669 Kal.
1183 635 1343 681 Augusti
1370 634 1610 669 clalaccxm.

525 848 727 886 PETRI
765 849 1216 889 WESSELINGII

359 941 1384 991 PRAEFATIO.

285 1102 503 1138 LECTORI
535 1102 699 1142 AEQUO
735 1100 771 1135 S.
795 1102 841 1135 D.
864 1101 1056 1137 PETRUS
1083 1103 1465 1138 WESSELINGIUS.

149 1203 304 1251 Novam
332 1214 590 1248 Bibliothecae
615 1214 774 1248 Diodori
800 1214 914 1249 Siculi
943 1216 1146 1250 editionem
1175 1220 1304 1249 nostra
1337 1216 1519 1249 memoria
1551 1215 1603 1247 in-

148 1279 297 1307 struere
325 1275 395 1305 riri
422 1272 608 1316 praeclari
633 1272 824 1306 losspn.
852 1275 1019 1307 u'AssE
1056 1279 1094 1308 et
1122 1275 1295 1307 Fame.
1323 1273 1601 1305 DIONYqus

147 1336 203 1367 CA
217 1339 438 1364 MUSATL‘S
464 1330 617 1362 suerunt
642 1331 827 1373 ingressi,
854 1343 1010 1375 quorum
1035 1332 1246 1364 laudabiles
1272 1334 1450 1369 conatus,
1490 1331 1599 1361 sicuti

148 1394 186 1424 et
217 1389 425 1423 acutissimi
447 1394 457 1412 1
490 1382 832 1428 TERRASSONI',
883 1394 948 1421 aut
976 1400 1078 1422 mors
1101 1394 1166 1421 aut
1191 1389 1255 1421 alii
1280 1399 1388 1421 casus
1414 1388 1598 1420 disturba-

146 1452 246 1481 runt.
292 1446 446 1489 Suscepi
481 1448 519 1477 et
553 1454 623 1488 ego
658 1455 740 1477 eam
779 1447 1046 1490 cogitationem
1081 1451 1169 1479 ante
1203 1445 1270 1478 hos
1303 1457 1437 1479 novem
1470 1456 1600 1485 annua,

148 1510 186 1538 et
217 1507 350 1548 sponte
384 1513 490 1543 mea,
532 1503 627 1536 etl.
654 1503 957 1536 VVETs'rssxto
991 1504 1365 1548 GU1111E12M0que
1394 1503 1601 1543 Sui'ruo,

144 1562 357 1605 bibliopolis
383 1560 649 1600 nobilissimis,
673 1560 947 1603 inpulsoribus:
983 1572 1093 1605 quem
1125 1561 1276 1606 quidem
1308 1563 1476 1604 inpetum
1506 1572 1601 1593 non-

145 1620 237 1653 nihil
261 1619 387 1662 operis
412 1616 621 1660 amplitudo
649 1621 687 1649 et
712 1618 827 1658 vitia,
869 1618 1003 1662 quibus
1034 1619 1126 1651 illud
1162 1618 1324 1651 obsitum
1360 1630 1474 1663 saepe
1508 1623 1596 1651 ante

142 1677 504 1714 animadverteram,
537 1673 860 1717 sufflaminabant;
902 1687 972 1709 nec
998 1677 1118 1709 abieci
1143 1680 1270 1709 tamen
1295 1678 1512 1717 consilium⁷
1554 1687 1596 1709 re

142 1737 224 1779 ipsa
249 1734 427 1772 edoctus,
465 1731 685 1763 difficillima
710 1733 865 1776 quaevis
891 1733 1089 1767 tractando
1121 1734 1268 1766 leviora
1301 1733 1407 1774 fieri,
1445 1736 1502 1766 κιιὶ
1527 1733 1597 1775 μιξ-

142 1796 242 1826 how
266 1794 348 1834 μὲν,
381 1793 422 1821 ut
449 1791 580 1821 noster
607 1789 755 1830 aiebat,
797 1791 839 1835 τῇ
864 1789 950 1835 πρὸς
971 1790 1034 1834 τὴν
1057 1793 1298 1836 πραγματείαν
1323 1794 1513 1836 ἐπιθυμίᾳ,
1547 1791 1593 1824 (54²

140 1850 182 1893 ἢν
206 1850 310 1882 πᾶσιν
337 1844 542 1889 ἀνθρώποις
565 1843 607 1878 τὸ
634 1847 759 1879 ὁόκοῦν
785 1847 916 1892 ἄπορον
948 1849 1034 1881 εἶναι
1065 1847 1224 1891 τυγχάνει,
1256 1850 1457 1884 συντελείας.
1505 1847 1595 1880 Solu.

143 1918 188 1940 ea
213 1916 303 1939 cura
328 1903 517 1944 restabat,
555 1907 596 1935 ut
627 1903 795 1936 subsidia
825 1905 1049 1947 scriptorum
1075 1906 1389 1949 conquirerentur
1412 1904 1594 1946 codicum,

140 1966 222 1998 sine
249 1962 383 2008 quibus
408 1962 446 1993 in
471 1962 712 1994 recentandis
737 1965 909 1994 veterum
935 1963 1204 1995 conmentariis
1239 1961 1330 1994 nihil
1363 1972 1593 2005 magnopere

139 2032 250 2067 posse
275 2020 477 2064 praestari,
499 2019 628 2062 pulcre
654 2020 913 2051 memineram.
945 2019 1064 2052 Verto
1090 2030 1149 2052 me
1178 2020 1226 2052 ad
1249 2021 1371 2051 virum
1393 2020 1594 2052 celeberri-

140 2090 240 2113 mum
263 2077 357 2109 IAC.
378 2074 405 2107 P
418 2085 456 2112 Η,
484 2076 697 2109 D'ORvn.
709 2085 849 2117 1AUM,
874 2076 988 2119 longo
1007 2075 1097 2109 mihi
1116 2087 1185 2109 usu
1205 2077 1456 2118 coniunctum,
1480 2087 1591 2121 quem

140 2149 207 2172 suo
233 2136 303 2169 sibi
329 2143 419 2167 aere
444 2134 675 2176 redemisse,
698 2144 793 2178 quae
819 2133 894 2166 ΡΒ.
919 2134 1057 2167 D10N.
1087 2134 1378 2166 CAMUSATL'S
1407 2145 1454 2168 ex
1478 2145 1591 2167 manu

139 2195 289 2237 scriptis
312 2193 350 2225 in
374 2191 499 2224 Gallia
531 2191 681 2224 schedis
715 2195 979 2234 excerpserat,
1019 2192 1171 2234 saepius
1202 2191 1449 2224 inaudieram.
1505 2192 1590 2225 Non

140 2257 255 2297 negat
292 2261 360 2294 pro
396 2260 464 2282 sua
496 2250 534 2281 in
567 2260 627 2282 me
660 2249 919 2282 benivolentia
955 2253 993 2282 et
1023 2249 1159 2282 literas
1190 2250 1342 2282 iuvandi
1378 2250 1501 2283 studio
1532 2251 1591 2284 vir

124 2310 318 2355 'egregius
345 2318 390 2340 ea
412 2307 557 2339 omnia:
592 2306 664 2339 hoc
685 2307 863 2350 amplius,
906 2316 1058 2349 operam
1086 2307 1124 2339 in
1149 2307 1224 2339 illis
1252 2308 1365 2340 etiam
1395 2309 1590 2351 exploran-

138 2369 195 2401 dis
220 2365 343 2405 offert,
371 2373 466 2408 quae
492 2363 582 2397 alibi
608 2365 775 2397 locorum
801 2365 978 2406 laterent,
1004 2367 1043 2396 et
1068 2365 1256 2396 cumulate
1277 2369 1466 2407 praestat3
1493 2376 1588 2409 quae

140 2426 191 2458 uti
218 2423 437 2468 gratissima
461 2421 552 2454 mihi
576 2421 730 2462 accidit,
760 2423 815 2454 ita
838 2422 1170 2454 VVETSTEMUS
1195 2423 1288 2454 mire
1312 2423 1467 2465 placuit,
1506 2433 1588 2455 cum

139 2494 208 2517 nec
232 2481 401 2526 inpensis
429 2489 499 2512 nee
518 2478 640 2511 labori
664 2483 859 2522 parceret,
892 2482 934 2511 ut
958 2479 1083 2511 omnia
1108 2479 1412 2521 inpetrarentur,
1455 2481 1588 2524 quibus

138 2551 231 2584 opus
255 2548 340 2572 esse
361 2538 550 2581 opinarer.
596 2535 654 2567 lta
679 2540 810 2568 nactus
836 2546 882 2568 ex
906 2535 1034 2575 ltalia,
1067 2534 1192 2569 Gallia
1216 2542 1254 2570 et
1279 2537 1482 2570 Germania
1505 2549 1588 2571 con-

138 2600 245 2642 plura
269 2606 349 2629 sum
364 2620 374 2635 ‚
403 2603 562 2638 quorum
586 2592 728 2626 auxilio
753 2592 945 2628 Diodorus
970 2594 1106 2628 melior
1130 2598 1170 2629 et
1194 2595 1349 2629 nitidior
1371 2594 1589 2640 provulgari

138 2665 249 2700 posse
274 2652 488 2686 videbatur.

232 2823 249 2856 1
282 2818 310 2852 1.
333 2817 417 2851 Alb.
440 2813 596 2852 Fabricii
622 2814 715 2849 Bibl.
740 2815 803 2849 Gr.
826 2814 866 2851 L.
887 2815 931 2849 V·
953 2816 1008 2854 38.
1034 2827 1070 2860 p.
1087 2814 1167 2852 465.
