1891 3310
381 202 447 243 1N
478 201 827 243 Excuar'rA
859 202 1313 245 LEGATMJNUM.
1489 210 1575 251 521

233 317 341 359 624.
373 318 448 359 76.
478 313 571 357 σΟτι
597 311 617 357 ὃ
639 316 906 369 Πτολεμαῖος
928 319 1017 365 θέα]
1052 316 1253 356 videndus
1277 318 1348 357 hac
1371 319 1417 358 (le
1439 334 1481 359 re
1503 322 1583 373 Ap-

119 378 258 425 pianus
285 379 324 413 in
345 373 508 425 Syriaco
537 372 592 426 (p.
611 375 735 423 212.)
767 381 805 410 et
833 373 965 412 Livius
988 374 1029 410 L.
1043 373 1163 413 XLu.
1186 376 1286 425 (cap.
1310 376 1405 429 29.)
1439 380 1478 416 in
1506 392 1579 428 quo

120 433 306 480 scriptum
321 439 401 469 est:
430 430 651 469 Antiochus
673 430 905 468 imminebat
915 433 1069 481 quidem
1087 432 1258 483 :iiegypti
1273 447 1410 483 regnQ
1434 442 1583 486 elyme-

120 491 259 527 ritiam
291 490 422 538 regis,
462 494 503 525 et
531 489 721 525 inertiam
754 493 928 524 tutorum
960 499 1172 539 spernens:
1216 497 1257 526 et
1279 492 1509 541 ambigendo
1534 495 1582 531 cle

125 546 354 595 Coelesyrz‘a
381 557 545 582 causam
575 544 669 581 belli
699 556 740 581 se
771 543 998 582 habitarum
1028 546 1287 584 eristimabat
1316 554 1388 585 etc.
1446 549 1583 588 Ptole-

119 616 257 640 maeus
274 608 448 653 propter
473 606 648 637 aetatem
677 601 802 638 alieni
835 603 1041 639 etiamtum
1072 603 1240 640 arbitrii
1271 611 1380 641 erat:
1429 611 1584 645 totores

121 666 163 696 et
192 659 330 697 bellum
359 659 553 696 adversus
583 657 821 696 Antiochum
845 658 1076 711 parabant,
1115 672 1191 712 quo
1207 663 1464 700 vindicarent
1483 663 1581 702 Coe-

119 716 336 767 lensyriam
369 721 441 751 etc.
482 713 645 752 'UR81N.

236 772 341 813 624.
373 772 447 812 78.
483 767 800 824 Ἀμφισβητῶν
819 766 998 823 ταύτης]
1030 769 1138 809 Haec
1162 779 1201 810 et
1224 776 1422 823 superiora
1439 774 1581 815 Suidas

121 826 236 866 habet
265 830 305 865 in
328 824 648 882 Ἀμφισβητεῖν,
688 840 890 877 perperam
910 830 1012 865 inter
1030 829 1185 879 Polybii
1205 831 1421 882 fragmenta
1442 846 1463 869 a
1484 837 1581 872 viris

123 885 247 922 doctis
274 885 412 921 relata.
467 883 527 921 De
548 897 589 922 re
613 886 695 933 ipsa
718 897 766 921 ne
788 884 879 934 quid
903 885 1049 932 dicam,
1077 887 1172 923 fecit
1193 886 1396 927 H.Valesii
1416 889 1583 943 diligen-

122 943 197 989 tia,
226 943 334 978 cuius
355 947 484 979 notam
503 941 591 978 vide
611 955 647 991 p.
666 942 771 981 579.
792 940 905 979 liuius
927 941 1122 979 editionis.
1177 943 1320 984 lVEss.

236 998 342 1038 624.
374 999 446 1038 89.
489 996 570 1037 Καὶ
591 997 681 1050 περὶ
706 1000 781 1049 τῆς
805 1018 855 1026 -
880 998 1158 1050 πειραθῆναι]
1198 1000 1255 1038 lta
1275 1000 1495 1052 legendum.
1536 1001 1583 1040 In

121 1056 332 1104 exemplari
352 1056 455 1092 enim
474 1054 647 1092 abundat
679 1051 747 1093 διὰ
778 1061 870 1092 ante
890 1055 1050 1092 verbum
1074 1058 1326 1109 πειραθῆναι
1348 1071 1472 1107 neque
1490 1058 1584 1097 δια-

119 1112 374 1162 πειραθῆναι
399 1113 657 1149 necessarium
682 1118 742 1148 est
762 1118 806 1148 ut
826 1112 988 1162 legatur.
1035 1111 1160 1150 Locus
1181 1121 1306 1151 autem
1327 1124 1501 1164 sumptus
1524 1121 1584 1152 est

121 1180 170 1204 ex
202 1168 390 1218 Polybio,
435 1181 548 1218 quem
586 1169 761 1206 imitatur
790 1169 907 1205 etiam
935 1167 1093 1216 Livius,
1140 1171 1180 1207 in
1212 1171 1431 1222 fragmento
1450 1182 1583 1209 Lxxu.

119 1222 271 1264 Unsuv.
328 1223 413 1274 Ego
445 1224 766 1276 διαπειραθῆναι
793 1225 950 1263 restitui
984 1238 1094 1263 suum
1118 1229 1158 1264 in
1178 1227 1320 1266 locum.
1375 1228 1463 1265 Etsi
1483 1232 1585 1267 enim

120 1281 233 1332 plane
260 1281 518 1318 necessarium
545 1295 625 1320 non
653 1287 737 1330 est,
775 1282 974 1330 inprobari
1004 1281 1105 1320 haud
1135 1283 1266 1322 debuit
1296 1285 1482 1332 verbum,
1533 1286 1581 1323 ab

122 1339 278 1386 optimis
302 1339 532 1386 scriptorum
552 1345 792 1387 usurpatum.
828 1338 1087 1389 Imperaverat
1106 1353 1191 1388 rex,
1224 1343 1353 1379 onmia
1375 1349 1585 1390 tentarent,

122 1400 198 1443 quo
229 1395 370 1431 bellum
402 1393 600 1432 Persicum
626 1401 863 1446 poneretur:v
895 1395 997 1444 quod
1028 1403 1066 1433 et
1096 1410 1165 1446 pro
1188 1399 1299 1436 virili
1322 1412 1388 1436 sua
1414 1400 1586 1437 studuis-

123 1458 231 1497 sent,
260 1453 302 1488 ni
324 1450 376 1488 M.
400 1449 586 1489 Aemilius
606 1453 684 1489 alia
704 1454 832 1491 onmia
855 1465 922 1490 eos
943 1452 1164 1502 docuisset,
1198 1455 1396 1494 indicante
1418 1455 1585 1508 Polybio

121 1506 289 1555 Excerp.
313 1520 350 1556 p.
369 1508 502 1548 1239.
560 1509 703 1548 WVEss.

238 1566 345 1605 6221.
375 1565 448 1605 94.
478 1561 571 1605 ‘'Ovc
593 1564 649 1612 εἷς
671 1559 1398 1620 τὴνἹ’ώμην·-·ἀπολογησόμενοι]
1440 1567 1497 1607 Ita
1530 1570 1586 1607 le·-

120 1620 313 1672 gendum‚
338 1634 423 1658 cum
445 1621 486 1659 in
508 1624 719 1672 exemplari
738 1630 917 1671 corrupte
939 1625 990 1660 sit
1007 1620 1409 1676 ἀπολογησομένους.
1448 1625 1586 1664 Livius

122 1678 168 1717 L.
189 1677 312 1716 XLV.
339 1676 442 1730 (cap.
464 1675 559 1732 20.)
614 1679 733 1718 Inter
756 1679 881 1718 multu
902 1679 1025 1717 Asiae
1051 1681 1330 1733 Graeciaeque
1351 1683 1589 1733 legationes,

121 1735 370 1775 Rhodiorum
399 1738 571 1774 maxime
598 1736 728 1786 legati
749 1737 957 1774 civitatem
985 1745 1271 1776 converterunt
1293 1746 1365 1779 etc.
1426 1739 1588 1790 Purga-

123 1799 205 1830 tam
229 1793 408 1830 civitatis
440 1794 611 1830 crimina
643 1794 820 1831 dicentes
845 1795 998 1830 venisse
1029 1801 1105 1834 etc.
1151 1793 1325 1844 Sumpsit
1344 1803 1470 1835 autem
1493 1797 1587 1835 haec

121 1849 256 1888 Livius
279 1861 328 1885 ex
348 1848 505 1900 Polybii
524 1850 743 1901 fragmento
773 1848 1024 1897 LXXX1V.,
1063 1850 1167 1889 unde
1189 1859 1228 1890 et
1248 1851 1445 1891 Diodorus
1475 1867 1588 1892 acce-

124 1907 193 1956 pit.
253 1904 400 1943 Unsm.

238 1962 344 2003 624.
380 1963 419 2003 1.
449 1955 524 2008 (Ως
543 1959 589 2001 δὲ
610 1960 783 2003 καὶτῶν
803 1964 1047 2016 στρατηγῶν
1070 1964 1153 2015 τις]
1205 1963 1312 2003 Haec
1347 1965 1396 2003 ad
1427 1967 1590 2005 verbum

121 2017 229 2066 fere,
269 2025 308 2056 et
337 2031 435 2069 quae
462 2026 697 2068 sequuntur,
736 2033 786 2057 ex
804 2019 970 2070 Polybio
991 2020 1183 2070 descripta
1216 2029 1327 2070 sunt,
1365 2030 1408 2060 ut
1437 2037 1485 2060 ex
1506 2026 1589 2062 eius

120 2075 348 2127 fragmentis
371 2073 428 2128 (p.
445 2073 601 2128 1279.)
621 2084 788 2125 apparet.
823 2077 959 2115 Livius
978 2077 1139 2115 ibidem:
1170 2078 1225 2116 M.
1240 2079 1448 2118 Iuventius
1467 2080 1590 2119 Thal-

120 2146 198 2182 na,
229 2135 342 2170 caius
364 2134 471 2170 inter
488 2135 598 2171 cives
618 2135 913 2186 etperegrinos
932 2135 1159 2172 iurisdictio
1183 2143 1286 2184 erat,
1303 2138 1494 2188 populum
1515 2140 1590 2176 ad·-

122 2202 263 2228 versas
301 2189 480 2228 Rhodios
509 2189 731 2228 incitabat.-
786 2193 1116 2244 rogationemque
1148 2195 1508 2245 promulgaverat,
1546 2202 1595 2234 ut

125 2246 295 2285 Rhodiis
314 2246 455 2284 bellum
477 2247 727 2285 indiceretur
746 2253 821 2286 etc.
879 2246 1024 2285 URS1N.

177 2329 179 2332 <
242 2305 349 2343 624.
380 2303 422 2342 3.
455 2300 584 2343 ‘Dora
609 2302 815 2355 πένθιμον
836 2300 1062 2356 ἀναλαβεῖν
1082 2302 1273 2358 ἐσθῆτα]
1325 2306 1462 2346 Livius
1493 2308 1589 2346 ibid.

126 2358 335 2407 Extemplo
356 2365 465 2397 veste
489 2362 654 2398 sordida
673 2366 831 2413 sumpta
845 2362 977 2400 domos
987 2364 1217 2415 principum
1239 2365 1520 2413 cumprecibus
1540 2380 1592 2403 ac

126 2417 318 2467 lacrymis
340 2417 618 2465 circumibant,
650 2425 816 2454 orantes
837 2425 912 2458 etc.
961 2419 1226 2471 Παραλιπεῒν
1247 2434 1314 2472 pro
1336 2423 1591 2473 παρακαλεῖν

126 2480 305 2522 corrupte
323 2478 406 2509 erat
424 2474 466 2510 in
486 2474 711 2524 exemplari.
750 2472 896 2512 URsm.
939 2473 1059 2513 Recte
1071 2475 1253 2516 Ursinus,
1290 2477 1454 2516 Fontem
1477 2479 1593 2516 adea-

127 2542 234 2568 mus:
264 2526 370 2570 ὥστε
388 2527 456 2568 καὶ
475 2526 580 2583 {pata
601 2531 746 2581 βαλεῖν
778 2529 884 2583 (lege
904 2532 1068 2582 λαβεῖν,
1095 2540 1140 2570 ut
1161 2532 1331 2570 Ursinus
1353 2534 1590 2589 coniecerat)

129 2582 287 2637 ἱμάτια,
309 2584 376 2624 καὶ
390 2584 503 2639 ,κατὰ
522 2583 598 2633 τὰς
616 2583 894 2639 παρακλήσεις
917 2587 1090 2640 (mallem
1110 2586 1316 2637 ἐντεύξεις,
1336 2599 1378 2628 ut
1396 2591 1471 2641 hic,
1496 2595 1593 2629 scri-

129 2651 234 2693 ptum
256 2643 375 2692 esset)
405 2640 550 2695 μηκέτι
569 2644 847 2696 παρακαλεῖν,
876 2643 974 2695 μηδ’
1001 2642 1143 2692 ἀξιοῦν
1167 2645 1265 2693 τοὺς
1285 2647 1454 2701 φίλους,
1487 2646 1593 2688 ἀλλὰ

131 2699 298 2738 defo-im
332 2695 436 2749 μετὰ
468 2695 662 2754 δακρύων
691 2698 821 2752 μηδὲν
852 2697 1079 2754 ἀνήκεστον
1107 2709 1180 2741 etc.
1243 2703 1312 2742 Sic
1340 2703 1527 2755 Polybius
1554 2719 1591 2756 p.

136 2757 275 2797 1280.
331 2754 468 2795 WESS.

247 2812 353 2852 624.
395 2814 437 2852 8.
479 2811 563 2852 Καὶ
594 2809 669 2853 τὸν
696 2814 1023 2866 παρακαλοῦντα
1053 2811 1158 2869 πρὸς
1187 2813 1261 2856 τὸν
1290 2811 1472 2868 πόλεμον
1499 2818 1591 2871 etc.]

136 2867 245 2906 Haeo
277 2881 325 2906 ex
357 2867 521 2920 Polybio
549 2868 770 2918 Diodorus,
806 2869 874 2908 sed
898 2871 1018 2910 nimis
1042 2876 1218 2911 concise:
1259 2873 1373 2911 habet
1394 2875 1498 2911 enim
1520 2875 1590 2911 Po—
