1859 3326
259 200 371 231 xxu
772 199 1202 247 ΒΗοΒοΜΑΝΝῙ

259 296 408 339 fatalis,
452 301 492 332 et
524 302 614 332 tune
637 298 888 335 Germaniae,
929 297 1134 342 multisque
1166 297 1310 333 clariss.
1340 298 1433 331 viris
1466 298 1594 342 (inter
1621 307 1718 346 quos·

259 354 373 386 etiam
408 354 685 398 Commelffius,
729 353 1069 399 Typographorum
1103 365 1125 387 a
1148 353 1354 388 STEPHANO
1389 356 1715 402 diligentissimus,

259 414 358 451 erat)
386 411 537 445 funesta
560 413 644 446 lues
681 412 875 446 exstinxit.
922 411 1030 450 Quod
1064 413 1102 446 in
1133 422 1247 447 causa
1278 411 1350 446 fuit
1383 417 1425 445 ut
1456 417 1495 446 et
1527 413 1715 446 versionis

258 478 367 502 meae
404 469 448 504 V.
490 470 690 509 librorum,
745 468 909 503 Svrspu
922 477 1008 503 ,1,Νο
1051 467 1322 512 exhibitorum,
1380 471 1562 503 iacturam
1611 469 1715 503 fece-

257 526 340 558 rim.
391 527 495 566 Quae
525 539 595 560 non
624 527 694 559 nisi
728 526 875 568 magnis
905 525 1098 562 laboribus
1134 530 1172 560 et
1204 527 1404 570 impendiis
1439 527 1576 560 deinde
1610 537 1717 570 repa·

257 587 342 616 rata
366 584 448 616 fuit.
495 585 602 617 Tunc
627 593 718 616 vero
744 593 840 615 novo
867 583 1028 629 quodam
1058 583 1169 617 modo
1198 595 1278 620 rem
1305 586 1517 621 institutam
1548 589 1713 618 tractare

256 651 338 674 sum
369 651 587 685 aggressus.
633 641 724 675 Cum
755 641 853 673 enim
888 645 1036 684 tempus
1064 642 1392 688 interpretationis
1413 643 1563 686 longius
1590 646 1716 676 extra·

258 703 355 731 ctum
386 700 451 740 iri,
494 703 648 742 propter
681 697 823 730 laboris
857 697 978 731 adhue
1013 699 1154 734 residui
1190 700 1487 743 magnitudinem
1519 700 1716 743 praevide-

255 766 357 789 rem:
384 760 426 792 ut
448 757 631 789 maturius
645 757 855 796 Auctorem,
881 758 977 790 nora
1001 762 1039 790 et
1062 757 1221 791 meliore
1248 758 1303 799 (si
1331 760 1504 801 possem)
1534 757 1716 790 donatum

254 813 466 854 latinitate,
501 813 659 858 publicis
694 813 825 847 usibus
859 813 1095 849 exhiberem:
1126 814 1412 858 interpolandos
1439 821 1646 859 sequentes
1672 815 1715 848 li-

254 871 343 904 bros
369 871 513 914 aliquot
540 869 629 906 mihi
656 871 852 914 proposui:
887 877 925 905 et
950 883 971 904 a
1000 876 1192 916 postrema
1220 872 1305 907 libri
1333 872 1431 905 xlv.
1468 878 1574 916 parte
1610 872 1710 906 sacto

253 929 383 970 initio,
418 928 465 960 ad
491 927 603 963 finem
631 928 716 963 libri
744 928 826 964 XV.
858 929 961 963 filum
989 931 1140 967 deduxi.
1189 929 1283 962 Nam
1309 931 1526 973 superiora,
1562 941 1585 963 a
1610 931 1712 965 Vati-

255 996 347 1019 cano
375 980 583 1032 interprete
614 986 702 1018 olim
729 986 896 1025 reddita,
926 989 999 1020 iam
1028 998 1148 1022 meam
1175 986 1365 1021 habebant
1388 989 1615 1023 versionem.
1665 989 1713 1022 At

254 1042 363 1075 huius
392 1053 450 1076 me
477 1042 628 1076 tandem
657 1053 796 1086 operae
821 1049 895 1080 tani
924 1047 1120 1088 poenitere
1144 1055 1253 1089 quam
1287 1046 1417 1089 pigere
1447 1047 1589 1089 coepit:
1626 1056 1720 1090 cumv

253 1101 411 1134 subinde
438 1099 509 1134 hae
538 1101 789 1144 cogitationes
814 1102 1114 1145 interpellarent.
1159 1103 1304 1146 Ecquid
1337 1108 1377 1135 tu
1411 1102 1478 1136 tibi
1511 1101 1592 1137 vis?
1640 1105 1715 1137 Cur

253 1168 449 1191 censuram
483 1159 520 1191 in
552 1158 711 1191 aliorum
747 1168 862 1205 opera
896 1159 963 1192 tibi
999 1159 1140 1193 sumis?
1182 1169 1230 1191 an
1264 1170 1336 1194 non
1371 1170 1478 1195 suum
1511 1160 1712 1205 unicuique

251 1216 440 1259 integrum
472 1215 707 1259 relinquere,
746 1226 956 1260 novumque
991 1228 1057 1260 pro
1091 1217 1145 1250 tui
1178 1217 1321 1260 ingenii
1352 1216 1496 1252 viribus
1533 1217 1711 1261 condere,

252 1271 369 1309 suerit
393 1272 609 1307 honestius?
656 1275 776 1318 Atque
813 1273 906 1306 haec
937 1274 1090 1306 tandem
1122 1274 1221 1306 ratio
1255 1274 1425 1316 pervicit.
1469 1275 1523 1311 Ad
1556 1286 1711 1310 consue-

250 1336 329 1364 tum
356 1331 472 1374 igitur
496 1331 682 1363 versionis
708 1330 857 1363 modum
886 1329 1118 1363 revertebar.
1163 1331 1317 1364 Interea
1343 1341 1414 1363 non
1442 1331 1614 1374 deerant,
1647 1335 1710 1378 qui

251 1399 310 1421 me
339 1387 614 1424 hortationibus
639 1389 734 1428 suis,
773 1393 812 1420 ut
844 1389 882 1423 in
915 1389 1074 1432 pristino
1108 1392 1241 1423 tenore
1271 1390 1539 1433 persisterem,
1570 1392 1712 1427 anima.

249 1446 352 1480 bant.
402 1446 504 1486 Quos
536 1450 576 1478 ut
610 1447 749 1489 optime
786 1445 832 1478 de
865 1446 959 1479 meis
996 1445 1132 1478 studiis
1167 1447 1325 1479 meritos
1359 1448 1567 1489 nominem,
1611 1451 1713 1493 grati

250 1504 365 1539 animi
400 1504 536 1547 religio
571 1501 630 1539 hic
664 1503 769 1535 iubet
804 1507 843 1537 et
880 1502 1060 1547 impellit:
1103 1507 1146 1536 ut
1175 1503 1330 1539 suerunt
1369 1504 1470 1539 inter
1507 1505 1712 1550 litteratos,

252 1560 494 1595 Nicia-nnn
529 1561 592 1595 ille
628 1563 812 1604 optimus:
854 1561 916 1608 qui
950 1561 1070 1595 donec
1094 1561 1131 1595 in
1158 1562 1253 1596 vivis
1283 1566 1384 1606 erat,
1432 1573 1621 1606 nunquam
1662 1564 1711 1598 ad

250 1617 478 1662 pulcerrima
507 1629 678 1666 quaeque
704 1628 820 1662 opera
847 1628 906 1652 me
933 1620 1101 1654 excitare
1127 1629 1172 1655 ac
1196 1629 1421 1663 promovere
1445 1619 1602 1656 destitit.
1643 1622 1712 1654 Cui

249 1676 331 1709 viro
356 1676 386 1711 si
414 1677 614 1711 maximam
641 1677 834 1721 profectus
860 1676 932 1712 mei
959 1676 1278 1721 quantulicunque
1309 1681 1455 1723 partem
1486 1677 1714 1720 adscribam,

250 1733 349 1777 quod
375 1731 517 1769 iustitia
543 1741 581 1767 et
607 1735 748 1768 veritas
778 1734 941 1769 maxime
967 1734 1171 1780 postulant,
1201 1734 1310 1770 facio.
1358 1736 1409 1768 Et
1442 1736 1634 1779 proximus
1660 1736 1710 1769 ab

249 1789 331 1831 hoc,
358 1791 454 1834 quod
481 1791 527 1825 ad
554 1791 705 1828 iuvandi
732 1795 770 1827 et
795 1791 952 1827 ornandi
972 1792 1045 1826 mei
1066 1793 1234 1828 rationes
1253 1793 1392 1826 attinet
1414 1792 1575 1829 DAvm
1600 1795 1712 1829 CH!-

250 1859 340 1882 'rRA
354 1857 442 1881 reus
469 1847 487 1882 ὁ
514 1850 727 1894 πο).υιὀεωρ,·
771 1849 886 1884 etiam
916 1850 995 1892 ipse
1026 1848 1221 1886 dumlsata
1248 1852 1493 1893 superstitem
1529 1861 1615 1885 esse
1649 1863 1712 1886 vo-

248 1908 378 1946 luere,
412 1917 484 1939 non
511 1907 769 1949 praeceptoris
796 1911 961 1949 tantum,
996 1907 1064 1943 sed
1100 1908 1215 1940 etiam
1248 1909 1418 1950 primarii
1455 1910 1567 1942 amici
1600 1910 1713 1944 bene-

248 1964 453 1999 volentiam
482 1973 525 1996 ac
550 1963 715 1998 studium
741 1963 831 1999 mihi
859 1956 1080 2007 perpetuum
1110 1964 1328 1999 deciam-ans.-
1368 1965 1422 1998 Ad
1457 1976 1551 2009 quos
1583 1977 1715 2002 acces-

250 2025 382 2053 serunt
407 2021 488 2054 alii:
533 2020 710 2064 Europae
745 2022 860 2053 totius
896 2021 1045 2062 lumen,
1081 2022 1332 2059 losspnus
1358 2021 1629 2066 Scsmofflu
1673 2029 1713 2059 et

250 2079 466 2110 lOANNES
494 2079 760 2117 Cassiiius,
786 2078 1047 2123 philosophiae
1073 2084 1111 2112 et
1137 2079 1308 2114 Graecae
1335 2080 1603 2126 Romanaeque
1624 2083 1711 2116 Elo-

250 2137 428 2181 quentiae
463 2135 593 2168 doctor
628 2136 662 2166 in
697 2136 899 2168 Academia
934 2136 1030 2172 lulia
1062 2137 1236 2179 insignis.
1285 2137 1366 2171 Nec
1402 2138 1502 2172 inter
1539 2139 1712 2182 politicos

252 2193 431 2232 defuere,
469 2194 530 2236 qui
559 2192 687 2226 favore
716 2202 784 2224 suo
809 2193 1004 2225 laboribus
1031 2192 1087 2226 his
1112 2195 1207 2227 meis
1235 2195 1561 2230 sublevamentum
1589 2197 1712 2240 adspi-

251 2256 392 2287 rarent.
439 2251 543 2285 lnter
571 2260 663 2293 quos
690 2250 825 2286 merito
854 2250 994 2292 primas
1023 2250 1196 2287 obtinent
1230 2256 1309 2285 tres
1344 2253 1415 2288 viri
1450 2254 1639 2296 magnifici
1673 2258 1712 2287 et

250 2309 507 2345 iurisconsulti
535 2307 753 2345 clarissimi,
794 2306 839 2341 D,
872 2306 1029 2341 DAVN)
1065 2305 1374 2350 PFEOEERUS,
1423 2309 1469 2344 D.
1502 2310 1712 2343 MARCUS

253 2366 736 2403 GERs'rExssuncius,
789 2363 833 2395 D.
869 2365 1206 2397 cunis-‘rinus
1238 2365 1612 2411 Disrfflmfflma,
1655 2379 1712 2402 se-

252 2424 501 2467 ptemviratus
527 2422 723 2461 Saxoniei‚
769 2420 1076 2464 Landgraviatus
1109 2422 1327 2466 'syr-ingici,
1365 2429 1403 2457 et
1426 2424 1712 2459 Marchionatus

252 2480 551 2523 Brandeburgici
586 2477 813 2512 Eiet-tortilis
846 2478 1072 2514 Cancellarii,
1104 2480 1395 2522 sapientissimi,
1447 2488 1485 2516 et
1516 2483 1711 2526 praeclare

254 2539 300 2571 de
337 2537 478 2580 Pwpub.
522 2542 725 2570 mere-ntes.
793 2534 864 2575 Qui
899 2535 985 2570 dum
1030 2529 1143 2571 velut.¹
1169 2538 1340 2572 Atlantes
1386 2540 1570 2572 infinitum
1617 2540 1711 2572 illud

254 2595 509 2639 amplissimae
538 2594 823 2637 gubernationis
850 2593 994 2625 coelum
1019 2596 1220 2635 sustinent,
1248 2596 1456 2636 literariam
1489 2597 1600 2628 simul
1631 2607 1716 2638 rem

255 2664 391 2696 magno
418 2652 625 2684 studiorum
655 2650 869 2688 commodo,
898 2655 938 2682 ut
961 2651 1108 2691 iuvent,
1135 2658 1333 2692 exornent,
1360 2653 1602 2695 amplificent,
1635 2655 1711 2686 eni-

254 2717 402 2747 tuntur,
440 2716 478 2742 et
501 2709 751 2741 immortalem
779 2714 980 2755 propterea
1004 2709 1102 2752 apud
1131 2719 1261 2741 omncs
1293 2710 1463 2742 eruditae
1499 2710 1710 2753 sapientiae

255 2768 419 2800 cultores
445 2767 724 2800 observantiam
752 2770 864 2810 atque
890 2767 1050 2809 gloriam
1078 2771 1354 2809 promerentur.
1381 2767 1513 2800 Musae
1535 2768 1708 2811 equidem

257 2834 363 2857 meae
388 2834 427 2855 se
453 2823 651 2866 plurimum
681 2822 737 2856 his
763 2823 916 2864 debere,
947 2834 1018 2857 non
1044 2829 1153 2868 grata
1179 2825 1299 2857 solum
1324 2828 1449 2856 mente
1475 2834 1572 2856 nunc
1596 2834 1709 2867 agno-
