1891 3310
390 230 676 263 OECONOMIA
704 227 973 260 HISTORIAE
1012 227 1233 264 DIODORI.
1328 234 1539 267 CXXXVII

82 333 116 368 6.
132 331 166 367 7.
203 327 240 372 2)
265 327 393 362 Prima
408 327 600 361 hominum
617 326 718 367 vita,
742 325 847 359 rudis
866 324 1082 366 etinculta,
1113 326 1353 362 describitur.
1399 329 1540 365 Neces‘-

83 389 177 421 sitas
203 390 242 420 et
268 397 358 419 usus
384 387 551 418 omnium
579 394 705 418 rerum
725 383 907 427 magister
928 385 1030 423 erat,
1062 384 1124 427 qui
1145 384 1316 428 linguas,
1338 390 1464 429 artes,
1489 388 1543 422 vi-

83 448 146 477 tae
171 442 369 477 commoda
390 443 557 478 doceret.
596 441 686 485 Cap.
705 442 738 476 8.
787 442 825 486 3)
856 439 961 495 Quae
983 449 1079 485 gens
1103 441 1226 484 prima
1248 441 1385 487 suerit,
1421 446 1542 480 incer-

83 504 176 537 tum.
225 501 314 544 Cap.
328 499 363 536 9.

614 600 805 651 Prior
847 616 1010 667 pars,

320 706 588 753 Historia
624 691 868 765 mythice
904 706 1310 751 Barbarorum.

530 793 662 836 Lib.l.
696 796 911 845 neap-10.
942 792 994 834 11.
1029 792 1100 832 ΙΙΙ.

443 895 476 934 Ι.
524 896 901 949 Aegyptiorum
936 895 1187 934 historia.

179 981 235 1017 Ob
273 982 574 1027 magnitudinem
610 982 805 1016 Diodorus
837 981 926 1017 libri
956 982 1067 1026 primi
1102 981 1197 1016 duas
1228 984 1419 1020 sectiones
1449 984 1556 1029 fecit,

89 1041 189 1087 quod
205 1039 348 1085 cap-41.
375 1043 472 1074 extr.
496 1041 688 1085 expressis
707 1040 833 1074 verbis
851 1039 1058 1072 indicatum
1078 1039 1254 1084 legimus,

713 1117 881 1152 Sectio
906 1117 938 1154 1.

321 1173 536 1218 ‘Deorum
563 1175 795 1219 Icistoria3
832 1185 929 1210 cum
957 1172 1324 1220 chorographia-

182 1241 330 1276 Primos
354 1240 528 1276 homines
551 1244 591 1276 in
615 1244 790 1288 Aegypto
817 1246 921 1277 ortos
946 1252 1031 1275 esse
1050 1242 1228 1285 Aegyptii
1249 1253 1472 1286 persuasum
1490 1242 1561 1279 ha-

93 1300 204 1342 bent,
235 1311 317 1334 cum
338 1299 384 1333 ob
401 1301 571 1344 regionis
589 1301 813 1345 temperiem
826 1324 851 1342 ,,
875 1303 955 1333 tum
974 1299 1020 1334 ob
1039 1298 1117 1334 Nili
1133 1299 1300 1334 indolem
1317 1311 1473 1345 prorsus
1489 1304 1563 1337 sin-

95 1358 281 1402 gularem.
330 1358 419 1401 Cap.
433 1359 489 1394 10.

186 1417 232 1458 A)
263 1413 519 1458 Antiquissimi
530 1412 599 1447 Dii
619 1415 808 1448 coelestes
825 1412 891 1447 Sol
908 1417 947 1447 et
964 1412 1094 1455 Luna,
1124 1424 1153 1448 s.
1171 1414 1292 1448 Osiris
1313 1418 1352 1449 et
1370 1414 1457 1449 Isis.
1509 1416 1564 1451 Hi

97 1474 315 1507 universum
334 1473 513 1506 mundum
530 1476 669 1517 regunt
685 1475 798 1516 atque
816 1475 989 1511 tuentur,
1012 1472 1116 1504 cuius
1133 1476 1221 1504 sunt
1235 1477 1363 1516 partes
1383 1475 1567 1518 quinque:

98 1532 254 1576 πνεῦμα,
276 1531 343 1577 πῦρ
356 1555 367 1573 ,
389 1530 431 1564 τὸ
450 1529 571 1576 ξηρὸν,
600 1529 642 1564 τὸ
658 1527 783 1575 ὑγρὸν,
806 1528 848 1563 τὸ
867 1526 1030 1575 ἀερῶδες·
1064 1538 1367 1574 unamquamque
1385 1542 1476 1564 vero
1496 1542 1566 1576 pro

99 1588 184 1622 Deo
208 1588 444 1630 habuerunt,
476 1587 588 1622 ethis
607 1588 822 1621 nominibus
846 1587 1105 1631 appellarunt:
1137 1587 1326 1632 Iuppiter,
1358 1588 1566 1631 Vulcanus,

92 1646 223 1680 *Terra
240 1650 381 1688 mater,
411 1646 606 1688 Oceanus,
629 1645 819 1681 Minerva,
867 1646 957 1688 Cap.
974 1644 1029 1680 11.
1058 1647 1113 1681 12.

192 1704 417 1737 Terrestres
434 1704 521 1745 Dii,
544 1712 687 1748 genere
708 1702 913 1742 mortales,
943 1701 989 1735 ob
1011 1702 1148 1736 merita
1165 1701 1204 1734 in
1223 1712 1345 1746 genus
1362 1701 1570 1737 humanum

100 1761 427 1796 immortalitatem
455 1766 543 1795 sunt
567 1759 774 1794 consecuti.
823 1759 897 1793 Alii
922 1760 1135 1792 communia
1156 1769 1238 1792 cum
1255 1759 1486 1794 coelestibus
1506 1771 1572 1795 no-

103 1821 206 1854 mina
222 1820 487 1859 obtinuerunt3
513 1818 578 1850 alii
595 1818 766 1861 propria:
803 1814 890 1857 Sol,
915 1816 1121 1857 Saturnus,
1143 1810 1268 1859 Rhea,
1294 1817 1482 1861 Iuppiter,
1513 1818 1572 1851 lu-

103 1888 174 1920 no,
208 1878 423 1918 Vulcanus,
456 1875 599 1916 Vesta,
630 1876 858 1910 Mercurius,
917 1873 1013 1908 Sunt
1030 1875 1091 1919 qui
1112 1873 1259 1916 Solem,
1295 1879 1384 1908 sunt
1402 1876 1465 1921 qui
1482 1875 1574 1910 Vul-

106 1946 240 1968 canum
269 1937 430 1980 primum
451 1934 616 1978 Aegypti
642 1943 774 1977 regem
802 1932 943 1967 dicant.
987 1931 1137 1966 Deinde
1156 1931 1342 1966 Saturnus
1359 1933 1576 1978 imperavit,

105 1993 220 2026 (lucta
244 2002 376 2026 sorore
403 1990 529 2032 Rhea,
565 1991 627 2034 qui
647 1991 775 2024 lovem
793 1994 832 2024 et
848 1990 1030 2024 lunonem
1050 1991 1194 2034 genuit.
1238 1990 1297 2024 Ex
1317 1989 1376 2024 his
1395 1986 1474 2025 nati
1493 1991 1576 2025 Osi-

105 2051 180 2092 ris,
205 2049 298 2091 Isis,
319 2047 504 2093 Typhon,
535 2048 691 2092 Apollo,
717 2048 862 2083 Venus.
911 2047 1000 2090 Cap.
1016 2049 1070 2083 13.

201 2105 357 2140 Osiridis
385 2110 424 2140 et
454 2104 563 2139 Isidis
589 2107 727 2139 merita
753 2105 799 2139 de
824 2103 1011 2138 communi
1032 2102 1223 2137 hominum
1239 2105 1338 2148 vita3
1371 2106 1577 2140 multarum

108 2175 236 2200 rerum
263 2164 335 2207 ipsi
365 2163 586 2197 inventores
612 2167 651 2197 et
673 2167 850 2197 auctores
875 2161 1137 2203 celebrantur,
1175 2162 1336 2198 aliarum
1354 2164 1577 2198 inventores

111 2222 237 2256 studio
263 2226 302 2254 et
326 2220 457 2254 favore
484 2225 572 2254 sunt
596 2222 776 2265 amplexi.
822 2221 989 2254 Hermes
1007 2221 1234 2264 praesertim
1257 2232 1369 2256 carus
1387 2221 1434 2256 ob
1450 2222 1580 2255 inven-

112 2283 172 2316 tas
190 2279 338 2322 linguas
358 2283 396 2312 ct
411 2278 565 2320 literas,
587 2279 840 2322 palaestram,
862 2279 1007 2323 lyram,
1033 2276 1168 2313 oleam.
1200 2278 1394 2323 Cap,14-—
1409 2283 1463 2316 16.
1497 2279 1580 2312 Osi-

112 2337 208 2371 ridis
223 2336 552 2380 peregrinationes
571 2337 620 2369 ad
637 2337 884 2370 excolendum
905 2334 1097 2368 hominum
1117 2336 1233 2368 vitam
1252 2338 1469 2378 institutae,
1495 2347 1580 2369 cum

114 2395 229 2428 sociis
253 2393 444 2435 Anubide‚
476 2393 688 2427 Macedone
701 2417 712 2434 ,
739 2393 977 2438 Triptolemo
994 2392 1177 2438 aliisque,
1203 2404 1272 2437 per
1286 2393 1581 2437 Aethiopiam—-

114 2451 1326 2487 Arabiam—indiam—Thraciam——Macedoniam—Atticam.
1390 2451 1583 2485 Reversus

116 2511 155 2543 in
174 2512 388 2553 Aegyptum
404 2506 586 2541 honorem
604 2508 687 2541 Diis
705 2509 935 2543 coelestibus
953 2518 1083 2552 parem
1101 2510 1356 2554 consequitur.
1385 2510 1473 2553 Cap.
1491 2511 1582 2546 17-

117 2571 176 2604 20.
220 2566 449 2600 Interiectus
466 2575 489 2598 a
504 2564 710 2609 'I‘yphone5
743 2566 811 2600 sed
830 2565 986 2599 caedem
1003 2565 1082 2598 ulta
1098 2565 1170 2598 Isis
1183 2590 1193 2606 ‚
1223 2576 1318 2610 quae
1338 2566 1420 2599 sola
1436 2568 1587 2610 regnat»

123 2624 292 2658 Collecta
310 2624 478 2667 corporis
496 2623 634 2663 frusta3
660 2622 848 2666 pudenda,
871 2621 987 2665 phalli
1006 2623 1156 2655 nomine
1176 2626 1410 2656 consecrata.
1446 2621 1585 2655 Graeci

122 2683 162 2714 in
185 2680 325 2714 Bacchi
355 2681 472 2723 orgiis
497 2681 646 2715 imitati.
685 2681 774 2722 Cap.
790 2680 917 2716 21.22.
940 2698 986 2705 -—
1025 2679 1118 2713 Inde
1144 2680 1317 2713 excursio
1352 2678 1522 2713 historici
1546 2679 1584 2712 in

125 2738 358 2771 Graecorum
370 2737 630 2781 Theogoniam
649 2736 696 2770 (le
716 2737 882 2770 confusis
894 2736 1127 2771 Graecorum
1148 2740 1187 2769 ct
1200 2738 1471 2781 Aegyptiorum
1491 2736 1588 2779 Diis,

132 2794 300 2828 Deorum
329 2795 564 2837 nominibus,
597 2796 717 2829 sacris
745 2796 832 2839 Cap.
848 2797 905 2832 23.
924 2793 981 2830 24.
1012 2812 1055 2819 --
1101 2793 1181 2826 lam
1207 2794 1319 2827 Isidis
1344 2794 1444 2828 facta
1468 2798 1508 2828 et
1533 2794 1586 2826 in·
