<?xml version="1.0" encoding="UTF-8"?>
<!DOCTYPE html PUBLIC "-//W3C//DTD XHTML 1.0 Transitional//EN"
    "http://www.w3.org/TR/xhtml1/DTD/xhtml1-transitional.dtd">
<html xmlns="http://www.w3.org/1999/xhtml" xml:lang="en" lang="en">
 <head>
  <title>
</title>
<meta http-equiv="Content-Type" content="text/html;charset=utf-8" />
  <meta name='ocr-system' content='tesseract 3.04.00' />
  <meta name='ocr-capabilities' content='ocr_page ocr_carea ocr_par ocr_line ocrx_word'/>
</head>
<body>
  <div class='ocr_page' id='page_1' title='image "./bibliothecahisto05dioduoft_0197.png"; bbox 0 0 1891 3310; ppageno 0'>
   <div class='ocr_carea' id='block_1_1' title="bbox 374 190 1491 240">
    <p class='ocr_par' dir='ltr' id='par_1_1' title="bbox 374 190 1491 240">
     <span class='ocr_line' id='line_1_1' title="bbox 374 190 1491 240; baseline 0.005 -8"><span class='ocrx_word' id='word_1_1' title='bbox 374 193 435 232; x_wconf 81' lang='grc' dir='ltr'>ΙΝ</span> <span class='ocrx_word' id='word_1_2' title='bbox 467 192 578 231; x_wconf 86' lang='lat' dir='ltr'>LlB.</span> <span class='ocrx_word' id='word_1_3' title='bbox 610 190 762 240; x_wconf 79' lang='lat' dir='ltr'>xvn.</span> <span class='ocrx_word' id='word_1_4' title='bbox 794 190 926 231; x_wconf 77' lang='lat' dir='ltr'>CAP.</span> <span class='ocrx_word' id='word_1_5' title='bbox 953 192 1028 233; x_wconf 79' lang='lat'>66.</span> <span class='ocrx_word' id='word_1_6' title='bbox 1061 194 1135 234; x_wconf 88' lang='grc'>67.</span> <span class='ocrx_word' id='word_1_7' title='bbox 1403 198 1491 238; x_wconf 89' lang='grc'>187</span> 
     </span>
    </p>
   </div>
   <div class='ocr_carea' id='block_1_2' title="bbox 41 301 1514 2873">
    <p class='ocr_par' dir='ltr' id='par_1_2' title="bbox 41 301 1498 1533">
     <span class='ocr_line' id='line_1_2' title="bbox 43 301 1494 353; baseline 0 -9"><span class='ocrx_word' id='word_1_8' title='bbox 43 305 84 344; x_wconf 86' lang='lat'>1..</span> <span class='ocrx_word' id='word_1_9' title='bbox 105 303 219 344; x_wconf 85' lang='grc' dir='ltr'><strong>ΧΙΧ.</strong></span> <span class='ocrx_word' id='word_1_10' title='bbox 243 307 314 347; x_wconf 81' lang='grc'>17.</span> <span class='ocrx_word' id='word_1_11' title='bbox 346 307 459 344; x_wconf 83' lang='lat' dir='ltr'>unius</span> <span class='ocrx_word' id='word_1_12' title='bbox 489 304 566 343; x_wconf 87' lang='lat' dir='ltr'>diei</span> <span class='ocrx_word' id='word_1_13' title='bbox 594 305 732 343; x_wconf 83' lang='lat' dir='ltr'>itinere</span> <span class='ocrx_word' id='word_1_14' title='bbox 764 301 878 342; x_wconf 76' lang='lat' dir='ltr'>Susis</span> <span class='ocrx_word' id='word_1_15' title='bbox 897 316 982 342; x_wconf 84' lang='lat' dir='ltr'>eum</span> <span class='ocrx_word' id='word_1_16' title='bbox 1002 316 1151 342; x_wconf 86' lang='lat' dir='ltr'>amnem</span> <span class='ocrx_word' id='word_1_17' title='bbox 1175 303 1308 343; x_wconf 78' lang='lat' dir='ltr'>abesse</span> <span class='ocrx_word' id='word_1_18' title='bbox 1337 305 1415 353; x_wconf 82' lang='lat' dir='ltr'>ait,</span> <span class='ocrx_word' id='word_1_19' title='bbox 1445 309 1494 344; x_wconf 81' lang='lat' dir='ltr'>ad</span> 
     </span>
     <span class='ocr_line' id='line_1_3' title="bbox 42 359 1489 413; baseline 0 -13"><span class='ocrx_word' id='word_1_20' title='bbox 42 375 150 413; x_wconf 84' lang='lat' dir='ltr'>quem</span> <span class='ocrx_word' id='word_1_21' title='bbox 171 364 316 413; x_wconf 88' lang='lat' dir='ltr'>quartis</span> <span class='ocrx_word' id='word_1_22' title='bbox 337 364 472 399; x_wconf 84' lang='lat' dir='ltr'>castris</span> <span class='ocrx_word' id='word_1_23' title='bbox 491 360 709 398; x_wconf 75' lang='lat' dir='ltr'>Alexander</span> <span class='ocrx_word' id='word_1_24' title='bbox 729 359 840 398; x_wconf 89' lang='lat' dir='ltr'>Susis</span> <span class='ocrx_word' id='word_1_25' title='bbox 861 361 1055 409; x_wconf 87' lang='lat' dir='ltr'>profectus</span> <span class='ocrx_word' id='word_1_26' title='bbox 1075 363 1296 410; x_wconf 89' lang='lat' dir='ltr'>pervenisse</span> <span class='ocrx_word' id='word_1_27' title='bbox 1328 361 1489 400; x_wconf 86' lang='lat' dir='ltr'>dicitnr:</span> 
     </span>
     <span class='ocr_line' id='line_1_4' title="bbox 41 416 1491 469; baseline -0.002 -13"><span class='ocrx_word' id='word_1_28' title='bbox 41 432 135 469; x_wconf 86' lang='lat' dir='ltr'>quae</span> <span class='ocrx_word' id='word_1_29' title='bbox 155 419 306 469; x_wconf 84' lang='lat' dir='ltr'>quidem</span> <span class='ocrx_word' id='word_1_30' title='bbox 330 417 531 455; x_wconf 81' lang='lat' dir='ltr'>difficultas</span> <span class='ocrx_word' id='word_1_31' title='bbox 566 417 838 465; x_wconf 79' lang='lat' dir='ltr'>dissipabitur,</span> <span class='ocrx_word' id='word_1_32' title='bbox 870 418 903 453; x_wconf 85' lang='lat' dir='ltr'>si</span> <span class='ocrx_word' id='word_1_33' title='bbox 934 417 1016 454; x_wconf 86' lang='lat' dir='ltr'>illio</span> <span class='ocrx_word' id='word_1_34' title='bbox 1043 416 1089 453; x_wconf 90' lang='lat' dir='ltr'>de</span> <span class='ocrx_word' id='word_1_35' title='bbox 1118 417 1301 466; x_wconf 88' lang='lat' dir='ltr'>expedito</span> <span class='ocrx_word' id='word_1_36' title='bbox 1329 419 1491 465; x_wconf 85' lang='lat' dir='ltr'>viatore,</span> 
     </span>
     <span class='ocr_line' id='line_1_5' title="bbox 43 472 1491 525; baseline -0.001 -13"><span class='ocrx_word' id='word_1_37' title='bbox 43 475 103 512; x_wconf 93' lang='lat' dir='ltr'>hic</span> <span class='ocrx_word' id='word_1_38' title='bbox 134 475 180 511; x_wconf 90' lang='lat' dir='ltr'>de</span> <span class='ocrx_word' id='word_1_39' title='bbox 200 477 334 512; x_wconf 87' lang='lat' dir='ltr'>itinere</span> <span class='ocrx_word' id='word_1_40' title='bbox 363 475 493 525; x_wconf 83' lang='lat' dir='ltr'>gravis</span> <span class='ocrx_word' id='word_1_41' title='bbox 516 480 553 510; x_wconf 85' lang='lat' dir='ltr'>et</span> <span class='ocrx_word' id='word_1_42' title='bbox 583 472 853 522; x_wconf 84' lang='lat' dir='ltr'>inpedimentis</span> <span class='ocrx_word' id='word_1_43' title='bbox 883 474 1011 511; x_wconf 84' lang='lat' dir='ltr'>onusti</span> <span class='ocrx_word' id='word_1_44' title='bbox 1035 475 1226 510; x_wconf 83' lang='lat' dir='ltr'>exercitus</span> <span class='ocrx_word' id='word_1_45' title='bbox 1245 474 1310 523; x_wconf 85' lang='lat' dir='ltr'>agi</span> <span class='ocrx_word' id='word_1_46' title='bbox 1342 475 1491 524; x_wconf 83' lang='lat' dir='ltr'>cogita-</span> 
     </span>
     <span class='ocr_line' id='line_1_6' title="bbox 41 523 1492 596; baseline -0.001 -27"><span class='ocrx_word' id='word_1_47' title='bbox 41 533 156 569; x_wconf 78' lang='lat' dir='ltr'>veris.</span> <span class='ocrx_word' id='word_1_48' title='bbox 191 529 330 567; x_wconf 88' lang='lat' dir='ltr'>Verum</span> <span class='ocrx_word' id='word_1_49' title='bbox 362 529 515 566; x_wconf 77' lang='lat' dir='ltr'>additur</span> <span class='ocrx_word' id='word_1_50' title='bbox 545 529 634 566; x_wconf 89' lang='lat' dir='ltr'>ibid.</span> <span class='ocrx_word' id='word_1_51' title='bbox 626 555 649 576; x_wconf 80' lang='lat'>.‚</span> <span class='ocrx_word' id='word_1_52' title='bbox 678 527 744 567; x_wconf 83' lang='grc' dir='ltr'>καὶ</span> <span class='ocrx_word' id='word_1_53' title='bbox 766 523 994 596; x_wconf 64' lang='grc' dir='ltr'><strong><em>φερόμενος</em></strong></span> <span class='ocrx_word' id='word_1_54' title='bbox 1022 527 1098 578; x_wconf 75' lang='grc' dir='ltr'>μὲν</span> <span class='ocrx_word' id='word_1_55' title='bbox 1121 525 1202 568; x_wconf 77' lang='grc' dir='ltr'>ἀπὸ</span> <span class='ocrx_word' id='word_1_56' title='bbox 1234 531 1308 579; x_wconf 72' lang='grc' dir='ltr'>τῖς</span> <span class='ocrx_word' id='word_1_57' title='bbox 1331 525 1492 581; x_wconf 66' lang='grc' dir='ltr'>ιἰρειιῆς</span> 
     </span>
     <span class='ocr_line' id='line_1_7' title="bbox 41 566 1492 637; baseline -0.001 -12"><span class='ocrx_word' id='word_1_58' title='bbox 41 586 103 625; x_wconf 74' lang='grc' dir='ltr'>ἐπὶ</span> <span class='ocrx_word' id='word_1_59' title='bbox 124 585 293 626; x_wconf 77' lang='grc' dir='ltr'><strong><em>σταὸιόι·</em></strong></span> <span class='ocrx_word' id='word_1_60' title='bbox 298 599 317 631; x_wconf 88' lang='grc' dir='ltr'><strong><em>ς</em></strong></span> <span class='ocrx_word' id='word_1_61' title='bbox 335 581 580 624; x_wconf 62' lang='grc' dir='ltr'><strong><em>ἑπτακοσίων</em></strong></span> <span class='ocrx_word' id='word_1_62' title='bbox 584 599 603 631; x_wconf 86' lang='grc' dir='ltr'><strong><em>ς</em></strong></span> <span class='ocrx_word' id='word_1_63' title='bbox 623 584 678 631; x_wconf 71' lang='grc' dir='ltr'>εἷς</span> <span class='ocrx_word' id='word_1_64' title='bbox 695 581 769 635; x_wconf 69' lang='grc' dir='ltr'>τὴν</span> <span class='ocrx_word' id='word_1_65' title='bbox 785 581 969 637; x_wconf 65' lang='grc' dir='ltr'><strong><em>ἐρυθρὰν</em></strong></span> <span class='ocrx_word' id='word_1_66' title='bbox 988 580 1134 636; x_wconf 58' lang='lat'>3&#39;3‘5951&#39;7</span> <span class='ocrx_word' id='word_1_67' title='bbox 1139 598 1233 623; x_wconf 82' lang='grc' dir='ltr'>εται</span> <span class='ocrx_word' id='word_1_68' title='bbox 1253 566 1492 624; x_wconf 72' lang='grc' dir='ltr'><strong><em>θάλασσαν.</em></strong></span> 
     </span>
     <span class='ocr_line' id='line_1_8' title="bbox 42 614 1491 693; baseline 0.001 -16"><span class='ocrx_word' id='word_1_69' title='bbox 42 642 143 693; x_wconf 85' lang='lat' dir='ltr'>quod</span> <span class='ocrx_word' id='word_1_70' title='bbox 165 644 196 679; x_wconf 89' lang='lat' dir='ltr'>si</span> <span class='ocrx_word' id='word_1_71' title='bbox 215 654 300 678; x_wconf 90' lang='lat' dir='ltr'>cum</span> <span class='ocrx_word' id='word_1_72' title='bbox 320 642 421 688; x_wconf 86' lang='lat' dir='ltr'>illis,</span> <span class='ocrx_word' id='word_1_73' title='bbox 449 652 543 688; x_wconf 85' lang='lat' dir='ltr'>quae</span> <span class='ocrx_word' id='word_1_74' title='bbox 568 641 637 677; x_wconf 84' lang='lat' dir='ltr'>snb</span> <span class='ocrx_word' id='word_1_75' title='bbox 668 653 782 677; x_wconf 89' lang='lat' dir='ltr'>manu</span> <span class='ocrx_word' id='word_1_76' title='bbox 802 646 914 686; x_wconf 85' lang='lat' dir='ltr'>sunt,</span> <span class='ocrx_word' id='word_1_77' title='bbox 943 614 1210 688; x_wconf 58' lang='lat' dir='ltr'>contenderis,</span> <span class='ocrx_word' id='word_1_78' title='bbox 1234 643 1401 691; x_wconf 83' lang='lat' dir='ltr'>insignis</span> <span class='ocrx_word' id='word_1_79' title='bbox 1423 654 1491 689; x_wconf 87' lang='lat' dir='ltr'>ap-</span> 
     </span>
     <span class='ocr_line' id='line_1_9' title="bbox 42 695 1492 748; baseline -0.001 -14"><span class='ocrx_word' id='word_1_80' title='bbox 42 698 189 748; x_wconf 83' lang='lat' dir='ltr'>parebit</span> <span class='ocrx_word' id='word_1_81' title='bbox 209 697 415 736; x_wconf 83' lang='lat' dir='ltr'>discordia.</span> <span class='ocrx_word' id='word_1_82' title='bbox 446 696 479 734; x_wconf 89' lang='grc' dir='ltr'>Τ</span> <span class='ocrx_word' id='word_1_83' title='bbox 484 704 568 734; x_wconf 89' lang='lat' dir='ltr'>otus</span> <span class='ocrx_word' id='word_1_84' title='bbox 586 696 709 743; x_wconf 74' lang='lat' dir='ltr'>fluvii,</span> <span class='ocrx_word' id='word_1_85' title='bbox 736 707 847 745; x_wconf 86' lang='lat' dir='ltr'>quam</span> <span class='ocrx_word' id='word_1_86' title='bbox 869 695 1007 746; x_wconf 85' lang='lat' dir='ltr'>longus</span> <span class='ocrx_word' id='word_1_87' title='bbox 1026 703 1096 743; x_wconf 88' lang='lat' dir='ltr'>est,</span> <span class='ocrx_word' id='word_1_88' title='bbox 1116 709 1251 733; x_wconf 87' lang='lat' dir='ltr'>cursus</span> <span class='ocrx_word' id='word_1_89' title='bbox 1271 699 1492 747; x_wconf 84' lang='lat' dir='ltr'>septingen-</span> 
     </span>
     <span class='ocr_line' id='line_1_10' title="bbox 43 752 1493 803; baseline -0.001 -11"><span class='ocrx_word' id='word_1_90' title='bbox 43 757 91 793; x_wconf 85' lang='lat' dir='ltr'>tis</span> <span class='ocrx_word' id='word_1_91' title='bbox 112 755 164 792; x_wconf 89' lang='lat' dir='ltr'>ibi</span> <span class='ocrx_word' id='word_1_92' title='bbox 185 753 320 791; x_wconf 89' lang='lat' dir='ltr'>stadiis</span> <span class='ocrx_word' id='word_1_93' title='bbox 342 754 574 790; x_wconf 82' lang='lat' dir='ltr'>absolvitur:</span> <span class='ocrx_word' id='word_1_94' title='bbox 606 752 669 789; x_wconf 90' lang='lat' dir='ltr'>hic</span> <span class='ocrx_word' id='word_1_95' title='bbox 702 764 767 801; x_wconf 87' lang='lat' dir='ltr'>per</span> <span class='ocrx_word' id='word_1_96' title='bbox 785 753 890 789; x_wconf 88' lang='lat' dir='ltr'>mille</span> <span class='ocrx_word' id='word_1_97' title='bbox 911 752 1033 790; x_wconf 87' lang='lat' dir='ltr'>stadia</span> <span class='ocrx_word' id='word_1_98' title='bbox 1062 765 1241 803; x_wconf 84' lang='lat' dir='ltr'>praeceps</span> <span class='ocrx_word' id='word_1_99' title='bbox 1270 755 1372 791; x_wconf 82' lang='lat' dir='ltr'>inter</span> <span class='ocrx_word' id='word_1_100' title='bbox 1399 766 1493 791; x_wconf 85' lang='lat' dir='ltr'>saxa</span> 
     </span>
     <span class='ocr_line' id='line_1_11' title="bbox 44 807 1492 860; baseline -0.001 -13"><span class='ocrx_word' id='word_1_101' title='bbox 44 813 171 860; x_wconf 87' lang='lat' dir='ltr'>lapsus</span> <span class='ocrx_word' id='word_1_102' title='bbox 191 816 373 846; x_wconf 81' lang='lat' dir='ltr'>sexcenta</span> <span class='ocrx_word' id='word_1_103' title='bbox 396 808 519 846; x_wconf 87' lang='lat' dir='ltr'>adhue</span> <span class='ocrx_word' id='word_1_104' title='bbox 539 810 615 845; x_wconf 88' lang='lat' dir='ltr'>alia</span> <span class='ocrx_word' id='word_1_105' title='bbox 635 810 741 859; x_wconf 88' lang='lat' dir='ltr'>prius</span> <span class='ocrx_word' id='word_1_106' title='bbox 763 807 940 855; x_wconf 86' lang='lat' dir='ltr'>conficit,</span> <span class='ocrx_word' id='word_1_107' title='bbox 965 820 1075 857; x_wconf 85' lang='lat' dir='ltr'>quam</span> <span class='ocrx_word' id='word_1_108' title='bbox 1095 810 1136 847; x_wconf 90' lang='lat' dir='ltr'>in</span> <span class='ocrx_word' id='word_1_109' title='bbox 1158 821 1261 847; x_wconf 85' lang='lat' dir='ltr'>marc</span> <span class='ocrx_word' id='word_1_110' title='bbox 1282 810 1492 846; x_wconf 85' lang='lat' dir='ltr'>evolvitur.</span> 
     </span>
     <span class='ocr_line' id='line_1_12' title="bbox 44 863 1494 914; baseline -0.001 -11"><span class='ocrx_word' id='word_1_111' title='bbox 44 865 100 903; x_wconf 85' lang='lat' dir='ltr'>Cl.</span> <span class='ocrx_word' id='word_1_112' title='bbox 123 864 354 914; x_wconf 80' lang='lat' dir='ltr'>Salmasius,</span> <span class='ocrx_word' id='word_1_113' title='bbox 384 872 427 902; x_wconf 77' lang='lat' dir='ltr'>ut</span> <span class='ocrx_word' id='word_1_114' title='bbox 445 871 580 902; x_wconf 79' lang='lat' dir='ltr'>auctor</span> <span class='ocrx_word' id='word_1_115' title='bbox 599 877 726 901; x_wconf 87' lang='lat' dir='ltr'>secum</span> <span class='ocrx_word' id='word_1_116' title='bbox 746 864 825 912; x_wconf 87' lang='lat' dir='ltr'>ipse</span> <span class='ocrx_word' id='word_1_117' title='bbox 848 870 987 901; x_wconf 87' lang='lat' dir='ltr'>etcum</span> <span class='ocrx_word' id='word_1_118' title='bbox 1011 863 1144 901; x_wconf 88' lang='lat' dir='ltr'>Curtio</span> <span class='ocrx_word' id='word_1_119' title='bbox 1163 867 1396 911; x_wconf 80' lang='lat' dir='ltr'>consentiat,</span> <span class='ocrx_word' id='word_1_120' title='bbox 1426 867 1494 903; x_wconf 87' lang='lat' dir='ltr'>illa</span> 
     </span>
     <span class='ocr_line' id='line_1_13' title="bbox 42 920 1493 971; baseline -0.003 -10"><span class='ocrx_word' id='word_1_121' title='bbox 42 921 103 962; x_wconf 75' lang='grc' dir='ltr'>ἐπὶ</span> <span class='ocrx_word' id='word_1_122' title='bbox 125 920 320 967; x_wconf 76' lang='grc' dir='ltr'><strong><em>σταδίους</em></strong></span> <span class='ocrx_word' id='word_1_123' title='bbox 342 920 499 971; x_wconf 79' lang='grc' dir='ltr'><strong><em>χιλίους</em></strong></span> <span class='ocrx_word' id='word_1_124' title='bbox 528 921 870 971; x_wconf 77' lang='lat' dir='ltr'>in‘quinquaginta</span> <span class='ocrx_word' id='word_1_125' title='bbox 896 926 961 957; x_wconf 85' lang='lat' dir='ltr'>aut</span> <span class='ocrx_word' id='word_1_126' title='bbox 977 928 1129 958; x_wconf 86' lang='lat' dir='ltr'>centum</span> <span class='ocrx_word' id='word_1_127' title='bbox 1157 923 1312 959; x_wconf 87' lang='lat' dir='ltr'>circiter</span> <span class='ocrx_word' id='word_1_128' title='bbox 1334 934 1493 958; x_wconf 85' lang='lat' dir='ltr'>conmu-</span> 
     </span>
     <span class='ocr_line' id='line_1_14' title="bbox 42 976 1494 1026; baseline 0 -11"><span class='ocrx_word' id='word_1_129' title='bbox 42 977 160 1018; x_wconf 84' lang='lat' dir='ltr'>tanda</span> <span class='ocrx_word' id='word_1_130' title='bbox 178 978 387 1015; x_wconf 83' lang='lat' dir='ltr'>arbitratur</span> <span class='ocrx_word' id='word_1_131' title='bbox 405 977 452 1014; x_wconf 87' lang='lat' dir='ltr'>ad</span> <span class='ocrx_word' id='word_1_132' title='bbox 473 976 597 1016; x_wconf 85' lang='lat' dir='ltr'>Solin.</span> <span class='ocrx_word' id='word_1_133' title='bbox 619 988 654 1026; x_wconf 75' lang='lat' dir='ltr'>p.</span> <span class='ocrx_word' id='word_1_134' title='bbox 677 977 786 1017; x_wconf 81' lang='lat'>494.</span> <span class='ocrx_word' id='word_1_135' title='bbox 799 1002 811 1022; x_wconf 79' lang='lat'>‚</span> <span class='ocrx_word' id='word_1_136' title='bbox 841 987 956 1024; x_wconf 88' lang='lat' dir='ltr'>opera</span> <span class='ocrx_word' id='word_1_137' title='bbox 975 976 1174 1026; x_wconf 85' lang='lat' dir='ltr'>expedita,</span> <span class='ocrx_word' id='word_1_138' title='bbox 1203 976 1270 1014; x_wconf 87' lang='lat' dir='ltr'>sed</span> <span class='ocrx_word' id='word_1_139' title='bbox 1290 983 1327 1015; x_wconf 85' lang='lat' dir='ltr'>et</span> <span class='ocrx_word' id='word_1_140' title='bbox 1345 977 1494 1022; x_wconf 76' lang='lat' dir='ltr'>audaci,</span> 
     </span>
     <span class='ocr_line' id='line_1_15' title="bbox 42 1031 1494 1084; baseline 0.001 -15"><span class='ocrx_word' id='word_1_141' title='bbox 42 1033 217 1083; x_wconf 80' lang='lat' dir='ltr'>Namque</span> <span class='ocrx_word' id='word_1_142' title='bbox 237 1034 278 1070; x_wconf 90' lang='lat' dir='ltr'>in</span> <span class='ocrx_word' id='word_1_143' title='bbox 290 1031 425 1071; x_wconf 88' lang='lat' dir='ltr'>Curtio</span> <span class='ocrx_word' id='word_1_144' title='bbox 446 1032 607 1071; x_wconf 81' lang='lat' dir='ltr'>schedae</span> <span class='ocrx_word' id='word_1_145' title='bbox 624 1032 808 1080; x_wconf 83' lang='lat' dir='ltr'>quaedam</span> <span class='ocrx_word' id='word_1_146' title='bbox 828 1038 976 1068; x_wconf 85' lang='lat' dir='ltr'>veteres</span> <span class='ocrx_word' id='word_1_147' title='bbox 987 1045 1068 1084; x_wconf 80' lang='lat' dir='ltr'>per</span> <span class='ocrx_word' id='word_1_148' title='bbox 1087 1033 1194 1070; x_wconf 79' lang='lat' dir='ltr'>mille</span> <span class='ocrx_word' id='word_1_149' title='bbox 1213 1033 1362 1081; x_wconf 78' lang='lat' dir='ltr'>stadia,</span> <span class='ocrx_word' id='word_1_150' title='bbox 1385 1047 1494 1084; x_wconf 90' lang='lat' dir='ltr'>pror-</span> 
     </span>
     <span class='ocr_line' id='line_1_16' title="bbox 45 1086 1492 1138; baseline 0.001 -11"><span class='ocrx_word' id='word_1_151' title='bbox 45 1103 131 1138; x_wconf 82' lang='lat' dir='ltr'>sus,</span> <span class='ocrx_word' id='word_1_152' title='bbox 162 1097 205 1128; x_wconf 89' lang='lat' dir='ltr'>ut</span> <span class='ocrx_word' id='word_1_153' title='bbox 227 1089 311 1137; x_wconf 73' lang='lat' dir='ltr'>hic,</span> <span class='ocrx_word' id='word_1_154' title='bbox 343 1090 588 1138; x_wconf 83' lang='lat' dir='ltr'>praeferunt,</span> <span class='ocrx_word' id='word_1_155' title='bbox 617 1087 747 1127; x_wconf 90' lang='lat' dir='ltr'>Modio</span> <span class='ocrx_word' id='word_1_156' title='bbox 768 1088 971 1138; x_wconf 85' lang='lat' dir='ltr'>probante:</span> <span class='ocrx_word' id='word_1_157' title='bbox 1004 1095 1164 1137; x_wconf 87' lang='lat' dir='ltr'>possunt</span> <span class='ocrx_word' id='word_1_158' title='bbox 1191 1096 1389 1137; x_wconf 89' lang='lat' dir='ltr'>praeterea</span> <span class='ocrx_word' id='word_1_159' title='bbox 1411 1086 1492 1129; x_wconf 79' lang='grc' dir='ltr'>ἀπὸ</span> 
     </span>
     <span class='ocr_line' id='line_1_17' title="bbox 43 1140 1496 1198; baseline -0.003 -12"><span class='ocrx_word' id='word_1_160' title='bbox 43 1148 118 1197; x_wconf 77' lang='grc' dir='ltr'><strong><em>τῆς</em></strong></span> <span class='ocrx_word' id='word_1_161' title='bbox 152 1143 310 1198; x_wconf 74' lang='grc' dir='ltr'>ὀρεινῆς</span> <span class='ocrx_word' id='word_1_162' title='bbox 335 1144 399 1184; x_wconf 77' lang='grc' dir='ltr'>ἐπὶ</span> <span class='ocrx_word' id='word_1_163' title='bbox 429 1144 624 1192; x_wconf 75' lang='grc' dir='ltr'><strong><em>σταδίους</em></strong></span> <span class='ocrx_word' id='word_1_164' title='bbox 649 1140 919 1190; x_wconf 76' lang='grc' dir='ltr'><strong><em>ἑπτακοσίους</em></strong></span> <span class='ocrx_word' id='word_1_165' title='bbox 935 1142 1018 1182; x_wconf 80' lang='lat' dir='ltr'>Lib.</span> <span class='ocrx_word' id='word_1_166' title='bbox 1030 1143 1142 1182; x_wconf 81' lang='lat' dir='ltr'>XIX.</span> <span class='ocrx_word' id='word_1_167' title='bbox 1169 1146 1243 1185; x_wconf 84' lang='lat'>17.</span> <span class='ocrx_word' id='word_1_168' title='bbox 1266 1145 1389 1183; x_wconf 83' lang='lat' dir='ltr'>stadia</span> <span class='ocrx_word' id='word_1_169' title='bbox 1413 1159 1496 1182; x_wconf 88' lang='lat' dir='ltr'>esse</span> 
     </span>
     <span class='ocr_line' id='line_1_18' title="bbox 43 1200 1496 1252; baseline -0.001 -12"><span class='ocrx_word' id='word_1_170' title='bbox 43 1203 231 1240; x_wconf 86' lang='lat' dir='ltr'>mollioris</span> <span class='ocrx_word' id='word_1_171' title='bbox 251 1202 346 1249; x_wconf 87' lang='lat' dir='ltr'>soli,</span> <span class='ocrx_word' id='word_1_172' title='bbox 376 1214 442 1252; x_wconf 87' lang='lat' dir='ltr'>per</span> <span class='ocrx_word' id='word_1_173' title='bbox 463 1201 587 1251; x_wconf 75' lang='lat' dir='ltr'>quod,</span> <span class='ocrx_word' id='word_1_174' title='bbox 618 1200 685 1239; x_wconf 86' lang='lat' dir='ltr'>ubi</span> <span class='ocrx_word' id='word_1_175' title='bbox 713 1213 795 1238; x_wconf 89' lang='lat' dir='ltr'>sese</span> <span class='ocrx_word' id='word_1_176' title='bbox 816 1200 1012 1238; x_wconf 82' lang='lat' dir='ltr'>montibus</span> <span class='ocrx_word' id='word_1_177' title='bbox 1038 1201 1245 1249; x_wconf 83' lang='lat' dir='ltr'>explicuit,</span> <span class='ocrx_word' id='word_1_178' title='bbox 1271 1202 1350 1239; x_wconf 87' lang='lat' dir='ltr'>leni</span> <span class='ocrx_word' id='word_1_179' title='bbox 1370 1207 1496 1238; x_wconf 86' lang='lat' dir='ltr'>tractu</span> 
     </span>
     <span class='ocr_line' id='line_1_19' title="bbox 45 1256 1496 1306; baseline -0.001 -10"><span class='ocrx_word' id='word_1_180' title='bbox 45 1259 86 1296; x_wconf 90' lang='lat' dir='ltr'>in</span> <span class='ocrx_word' id='word_1_181' title='bbox 111 1258 306 1295; x_wconf 85' lang='lat' dir='ltr'>Persicum</span> <span class='ocrx_word' id='word_1_182' title='bbox 328 1258 453 1296; x_wconf 88' lang='lat' dir='ltr'>sinum</span> <span class='ocrx_word' id='word_1_183' title='bbox 471 1257 653 1294; x_wconf 87' lang='lat' dir='ltr'>decurrit.</span> <span class='ocrx_word' id='word_1_184' title='bbox 683 1256 814 1305; x_wconf 86' lang='lat' dir='ltr'>ltaque</span> <span class='ocrx_word' id='word_1_185' title='bbox 838 1258 877 1294; x_wconf 91' lang='lat' dir='ltr'>in</span> <span class='ocrx_word' id='word_1_186' title='bbox 896 1256 1012 1294; x_wconf 91' lang='lat' dir='ltr'>dubio</span> <span class='ocrx_word' id='word_1_187' title='bbox 1034 1256 1133 1306; x_wconf 83' lang='lat' dir='ltr'>apud</span> <span class='ocrx_word' id='word_1_188' title='bbox 1164 1270 1224 1293; x_wconf 87' lang='lat' dir='ltr'>me</span> <span class='ocrx_word' id='word_1_189' title='bbox 1243 1263 1324 1306; x_wconf 76' lang='lat' dir='ltr'>est,</span> <span class='ocrx_word' id='word_1_190' title='bbox 1350 1260 1429 1296; x_wconf 85' lang='lat' dir='ltr'>utri</span> <span class='ocrx_word' id='word_1_191' title='bbox 1455 1270 1496 1294; x_wconf 85' lang='lat' dir='ltr'>se</span> 
     </span>
     <span class='ocr_line' id='line_1_20' title="bbox 45 1310 1498 1363; baseline 0 -13"><span class='ocrx_word' id='word_1_192' title='bbox 45 1315 130 1354; x_wconf 93' lang='lat' dir='ltr'>loco</span> <span class='ocrx_word' id='word_1_193' title='bbox 156 1316 294 1352; x_wconf 81' lang='lat' dir='ltr'>vitium</span> <span class='ocrx_word' id='word_1_194' title='bbox 317 1316 534 1351; x_wconf 86' lang='lat' dir='ltr'>insinuarit.</span> <span class='ocrx_word' id='word_1_195' title='bbox 572 1312 808 1350; x_wconf 89' lang='lat' dir='ltr'>Blancardus</span> <span class='ocrx_word' id='word_1_196' title='bbox 836 1312 988 1361; x_wconf 87' lang='lat' dir='ltr'>quidem</span> <span class='ocrx_word' id='word_1_197' title='bbox 1009 1310 1111 1350; x_wconf 87' lang='lat' dir='ltr'>hunc</span> <span class='ocrx_word' id='word_1_198' title='bbox 1142 1314 1267 1363; x_wconf 90' lang='lat' dir='ltr'>ipsum</span> <span class='ocrx_word' id='word_1_199' title='bbox 1287 1315 1328 1351; x_wconf 92' lang='lat' dir='ltr'>in</span> <span class='ocrx_word' id='word_1_200' title='bbox 1359 1313 1498 1350; x_wconf 83' lang='lat' dir='ltr'>mendo</span> 
     </span>
     <span class='ocr_line' id='line_1_21' title="bbox 45 1364 1498 1420; baseline 0 -13"><span class='ocrx_word' id='word_1_201' title='bbox 45 1371 184 1408; x_wconf 88' lang='lat' dir='ltr'>cubare</span> <span class='ocrx_word' id='word_1_202' title='bbox 225 1377 338 1419; x_wconf 87' lang='lat' dir='ltr'>atque</span> <span class='ocrx_word' id='word_1_203' title='bbox 366 1382 415 1406; x_wconf 84' lang='lat' dir='ltr'>ex</span> <span class='ocrx_word' id='word_1_204' title='bbox 441 1369 483 1407; x_wconf 91' lang='lat' dir='ltr'>L.</span> <span class='ocrx_word' id='word_1_205' title='bbox 505 1369 633 1407; x_wconf 85' lang='lat' dir='ltr'>XVll.</span> <span class='ocrx_word' id='word_1_206' title='bbox 663 1371 731 1411; x_wconf 84' lang='lat'>17.</span> <span class='ocrx_word' id='word_1_207' title='bbox 769 1368 1035 1420; x_wconf 84' lang='lat' dir='ltr'>refingendum</span> <span class='ocrx_word' id='word_1_208' title='bbox 1068 1381 1174 1415; x_wconf 79' lang='lat' dir='ltr'>esse,</span> <span class='ocrx_word' id='word_1_209' title='bbox 1201 1369 1277 1406; x_wconf 87' lang='lat' dir='ltr'>nisi</span> <span class='ocrx_word' id='word_1_210' title='bbox 1306 1371 1339 1407; x_wconf 89' lang='lat' dir='ltr'>si</span> <span class='ocrx_word' id='word_1_211' title='bbox 1358 1364 1498 1420; x_wconf 79' lang='grc' dir='ltr'>ἁιιάρ-</span> 
     </span>
     <span class='ocr_line' id='line_1_22' title="bbox 44 1400 1497 1477; baseline -0.002 -12"><span class='ocrx_word' id='word_1_212' title='bbox 44 1440 157 1477; x_wconf 81' lang='grc' dir='ltr'><strong><em>τημα</em></strong></span> <span class='ocrx_word' id='word_1_213' title='bbox 184 1440 241 1476; x_wconf 74' lang='grc' dir='ltr'>μι</span> <span class='ocrx_word' id='word_1_214' title='bbox 246 1423 438 1476; x_wconf 75' lang='grc' dir='ltr'>νμοιικὸν</span> <span class='ocrx_word' id='word_1_215' title='bbox 468 1426 669 1474; x_wconf 85' lang='lat' dir='ltr'>scriptoris</span> <span class='ocrx_word' id='word_1_216' title='bbox 701 1425 773 1475; x_wconf 80' lang='lat' dir='ltr'>sit,</span> <span class='ocrx_word' id='word_1_217' title='bbox 802 1400 904 1462; x_wconf 70' lang='lat' dir='ltr'>hauod</span> <span class='ocrx_word' id='word_1_218' title='bbox 939 1425 1087 1462; x_wconf 84' lang='lat' dir='ltr'>dubitat</span> <span class='ocrx_word' id='word_1_219' title='bbox 1115 1424 1164 1463; x_wconf 86' lang='lat' dir='ltr'>ad</span> <span class='ocrx_word' id='word_1_220' title='bbox 1189 1424 1343 1462; x_wconf 89' lang='lat' dir='ltr'>Arrian.</span> <span class='ocrx_word' id='word_1_221' title='bbox 1365 1424 1408 1462; x_wconf 95' lang='lat' dir='ltr'>L.</span> <span class='ocrx_word' id='word_1_222' title='bbox 1430 1406 1497 1462; x_wconf 66' lang='lat'>111.</span> 
     </span>
     <span class='ocr_line' id='line_1_23' title="bbox 47 1480 1496 1538; baseline -0.003 -17"><span class='ocrx_word' id='word_1_223' title='bbox 47 1494 83 1533; x_wconf 89' lang='grc' dir='ltr'>Ρ.</span> <span class='ocrx_word' id='word_1_224' title='bbox 115 1483 216 1538; x_wconf 86' lang='lat'>199.</span> <span class='ocrx_word' id='word_1_225' title='bbox 258 1481 403 1519; x_wconf 88' lang='lat' dir='ltr'>Vellem</span> <span class='ocrx_word' id='word_1_226' title='bbox 424 1488 462 1519; x_wconf 88' lang='lat' dir='ltr'>et</span> <span class='ocrx_word' id='word_1_227' title='bbox 481 1480 663 1520; x_wconf 88' lang='lat' dir='ltr'>Salmasii</span> <span class='ocrx_word' id='word_1_228' title='bbox 692 1483 1029 1529; x_wconf 80' lang='lat' dir='ltr'>conmeminisset,</span> <span class='ocrx_word' id='word_1_229' title='bbox 1057 1481 1119 1518; x_wconf 88' lang='lat' dir='ltr'>cui</span> <span class='ocrx_word' id='word_1_230' title='bbox 1139 1493 1183 1518; x_wconf 88' lang='lat' dir='ltr'>ea</span> <span class='ocrx_word' id='word_1_231' title='bbox 1205 1481 1329 1518; x_wconf 89' lang='lat' dir='ltr'>debet.</span> <span class='ocrx_word' id='word_1_232' title='bbox 1358 1480 1496 1520; x_wconf 53' lang='lat' dir='ltr'>WVEss.</span> 
     </span>
    </p>

    <p class='ocr_par' dir='ltr' id='par_1_3' title="bbox 47 1533 1510 2261">
     <span class='ocr_line' id='line_1_24' title="bbox 160 1533 1498 1587; baseline -0.003 -8.994"><span class='ocrx_word' id='word_1_233' title='bbox 160 1539 267 1578; x_wconf 78' lang='lat'>2-12</span> <span class='ocrx_word' id='word_1_234' title='bbox 301 1538 372 1578; x_wconf 90' lang='lat'>59</span> <span class='ocrx_word' id='word_1_235' title='bbox 401 1535 666 1577; x_wconf 77' lang='grc' dir='ltr'><strong><em>Παντοδαπὰ</em></strong></span> <span class='ocrx_word' id='word_1_236' title='bbox 688 1538 740 1576; x_wconf 75' lang='grc' dir='ltr'>π)</span> <span class='ocrx_word' id='word_1_237' title='bbox 744 1533 940 1587; x_wconf 85' lang='grc' dir='ltr'><strong><em>α’σματα]</em></strong></span> <span class='ocrx_word' id='word_1_238' title='bbox 970 1535 1058 1574; x_wconf 91' lang='lat' dir='ltr'>Non</span> <span class='ocrx_word' id='word_1_239' title='bbox 1078 1538 1231 1586; x_wconf 83' lang='lat' dir='ltr'>placent</span> <span class='ocrx_word' id='word_1_240' title='bbox 1249 1539 1498 1575; x_wconf 79' lang='lat' dir='ltr'>condimenta</span> 
     </span>
     <span class='ocr_line' id='line_1_25' title="bbox 49 1591 1500 1645; baseline -0.002 -12"><span class='ocrx_word' id='word_1_241' title='bbox 49 1593 297 1643; x_wconf 79' lang='lat' dir='ltr'>Interpretis;</span> <span class='ocrx_word' id='word_1_242' title='bbox 326 1595 493 1644; x_wconf 83' lang='lat' dir='ltr'>figuras</span> <span class='ocrx_word' id='word_1_243' title='bbox 523 1595 711 1645; x_wconf 85' lang='lat' dir='ltr'>praefero.</span> <span class='ocrx_word' id='word_1_244' title='bbox 756 1591 945 1631; x_wconf 87' lang='lat' dir='ltr'>Solebant</span> <span class='ocrx_word' id='word_1_245' title='bbox 970 1592 1090 1640; x_wconf 84' lang='lat' dir='ltr'>ficus,</span> <span class='ocrx_word' id='word_1_246' title='bbox 1125 1605 1248 1643; x_wconf 84' lang='lat' dir='ltr'>pruna</span> <span class='ocrx_word' id='word_1_247' title='bbox 1281 1595 1431 1644; x_wconf 83' lang='lat' dir='ltr'>aliaque</span> <span class='ocrx_word' id='word_1_248' title='bbox 1459 1593 1500 1630; x_wconf 92' lang='lat' dir='ltr'>id</span> 
     </span>
     <span class='ocr_line' id='line_1_26' title="bbox 47 1649 1501 1703; baseline -0.001 -16"><span class='ocrx_word' id='word_1_249' title='bbox 47 1663 191 1703; x_wconf 87' lang='lat' dir='ltr'>genus,</span> <span class='ocrx_word' id='word_1_250' title='bbox 217 1650 282 1687; x_wconf 88' lang='lat' dir='ltr'>ubi</span> <span class='ocrx_word' id='word_1_251' title='bbox 297 1652 559 1697; x_wconf 84' lang='lat' dir='ltr'>siccaverant,</span> <span class='ocrx_word' id='word_1_252' title='bbox 585 1653 627 1688; x_wconf 91' lang='lat' dir='ltr'>in</span> <span class='ocrx_word' id='word_1_253' title='bbox 647 1662 810 1687; x_wconf 87' lang='lat' dir='ltr'>massam</span> <span class='ocrx_word' id='word_1_254' title='bbox 829 1650 983 1700; x_wconf 86' lang='lat' dir='ltr'>singula</span> <span class='ocrx_word' id='word_1_255' title='bbox 1003 1649 1176 1695; x_wconf 81' lang='lat' dir='ltr'>densare,</span> <span class='ocrx_word' id='word_1_256' title='bbox 1203 1650 1399 1699; x_wconf 83' lang='lat' dir='ltr'>variisque</span> <span class='ocrx_word' id='word_1_257' title='bbox 1418 1650 1501 1687; x_wconf 85' lang='lat' dir='ltr'>for-</span> 
     </span>
     <span class='ocr_line' id='line_1_27' title="bbox 48 1702 1506 1770; baseline -0.002 -25"><span class='ocrx_word' id='word_1_258' title='bbox 48 1709 121 1745; x_wconf 87' lang='lat' dir='ltr'>mis</span> <span class='ocrx_word' id='word_1_259' title='bbox 143 1709 353 1743; x_wconf 85' lang='lat' dir='ltr'>instruere:</span> <span class='ocrx_word' id='word_1_260' title='bbox 378 1702 577 1753; x_wconf 71' lang='grc' dir='ltr'><strong><em>παλάθας</em></strong></span> <span class='ocrx_word' id='word_1_261' title='bbox 593 1713 748 1744; x_wconf 86' lang='lat' dir='ltr'>vocant.</span> <span class='ocrx_word' id='word_1_262' title='bbox 795 1704 1093 1770; x_wconf 84' lang='lat' dir='ltr'>Hieronymus</span> <span class='ocrx_word' id='word_1_263' title='bbox 1082 1717 1124 1741; x_wconf 90' lang='grc' dir='ltr'>ιιι</span> <span class='ocrx_word' id='word_1_264' title='bbox 1149 1704 1273 1741; x_wconf 87' lang='lat' dir='ltr'>Oseae</span> <span class='ocrx_word' id='word_1_265' title='bbox 1293 1717 1325 1742; x_wconf 91' lang='lat' dir='ltr'>c.</span> <span class='ocrx_word' id='word_1_266' title='bbox 1352 1708 1390 1746; x_wconf 93' lang='lat' dir='ltr'>l.</span> <span class='ocrx_word' id='word_1_267' title='bbox 1428 1706 1506 1743; x_wconf 75' lang='lat' dir='ltr'>Est</span> 
     </span>
     <span class='ocr_line' id='line_1_28' title="bbox 49 1757 1503 1813; baseline -0.001 -12"><span class='ocrx_word' id='word_1_268' title='bbox 49 1769 181 1801; x_wconf 80' lang='lat' dir='ltr'>autem</span> <span class='ocrx_word' id='word_1_269' title='bbox 199 1760 302 1813; x_wconf 73' lang='grc' dir='ltr'><strong><em>(πα)</em></strong></span> <span class='ocrx_word' id='word_1_270' title='bbox 307 1757 415 1813; x_wconf 53' lang='lat' dir='ltr'>(karl)</span> <span class='ocrx_word' id='word_1_271' title='bbox 434 1774 566 1800; x_wconf 82' lang='lat' dir='ltr'>massa</span> <span class='ocrx_word' id='word_1_272' title='bbox 583 1764 679 1812; x_wconf 65' lang='lat' dir='ltr'>pinD</span> <span class='ocrx_word' id='word_1_273' title='bbox 660 1763 790 1800; x_wconf 78' lang='lat' dir='ltr'><strong><em>‹ruium</em></strong></span> <span class='ocrx_word' id='word_1_274' title='bbox 809 1763 1060 1806; x_wconf 80' lang='lat' dir='ltr'>caricarum,</span> <span class='ocrx_word' id='word_1_275' title='bbox 1089 1773 1190 1812; x_wconf 79' lang='lat' dir='ltr'>quas</span> <span class='ocrx_word' id='word_1_276' title='bbox 1213 1762 1253 1798; x_wconf 80' lang='lat' dir='ltr'>in</span> <span class='ocrx_word' id='word_1_277' title='bbox 1276 1774 1362 1799; x_wconf 82' lang='lat' dir='ltr'>mor</span> <span class='ocrx_word' id='word_1_278' title='bbox 1365 1775 1421 1799; x_wconf 85' lang='lat' dir='ltr'>em</span> <span class='ocrx_word' id='word_1_279' title='bbox 1440 1762 1503 1799; x_wconf 76' lang='lat' dir='ltr'>la—</span> 
     </span>
     <span class='ocr_line' id='line_1_29' title="bbox 52 1817 1504 1868; baseline -0.001 -11"><span class='ocrx_word' id='word_1_280' title='bbox 52 1827 179 1857; x_wconf 81' lang='lat' dir='ltr'>terum</span> <span class='ocrx_word' id='word_1_281' title='bbox 198 1818 454 1867; x_wconf 78' lang='lat' dir='ltr'>figurantes,</span> <span class='ocrx_word' id='word_1_282' title='bbox 493 1825 539 1856; x_wconf 80' lang='lat' dir='ltr'>ut</span> <span class='ocrx_word' id='word_1_283' title='bbox 566 1820 632 1857; x_wconf 77' lang='lat' dir='ltr'>diu</span> <span class='ocrx_word' id='word_1_284' title='bbox 672 1818 838 1856; x_wconf 78' lang='lat' dir='ltr'>illaesae</span> <span class='ocrx_word' id='word_1_285' title='bbox 861 1823 1152 1868; x_wconf 81' lang='lat' dir='ltr'>permaneant,</span> <span class='ocrx_word' id='word_1_286' title='bbox 1189 1817 1355 1855; x_wconf 82' lang='lat' dir='ltr'>calcant</span> <span class='ocrx_word' id='word_1_287' title='bbox 1381 1824 1504 1868; x_wconf 81' lang='lat' dir='ltr'>atque</span> 
     </span>
     <span class='ocr_line' id='line_1_30' title="bbox 50 1872 1504 1944; baseline -0.003 -31"><span class='ocrx_word' id='word_1_288' title='bbox 50 1877 303 1944; x_wconf 53' lang='lat' dir='ltr'>conpingu&#39;nt.</span> <span class='ocrx_word' id='word_1_289' title='bbox 362 1872 473 1911; x_wconf 87' lang='lat' dir='ltr'>Unde</span> <span class='ocrx_word' id='word_1_290' title='bbox 495 1874 685 1924; x_wconf 85' lang='lat' dir='ltr'>Amyntas</span> <span class='ocrx_word' id='word_1_291' title='bbox 715 1874 761 1911; x_wconf 90' lang='lat' dir='ltr'>de</span> <span class='ocrx_word' id='word_1_292' title='bbox 788 1875 894 1911; x_wconf 69' lang='lat' dir='ltr'>aerio</span> <span class='ocrx_word' id='word_1_293' title='bbox 921 1874 1033 1910; x_wconf 88' lang='lat' dir='ltr'>melle</span> <span class='ocrx_word' id='word_1_294' title='bbox 1054 1873 1097 1910; x_wconf 90' lang='lat' dir='ltr'>in</span> <span class='ocrx_word' id='word_1_295' title='bbox 1125 1873 1313 1910; x_wconf 89' lang='lat' dir='ltr'>eiusmodi</span> <span class='ocrx_word' id='word_1_296' title='bbox 1338 1886 1504 1910; x_wconf 85' lang='lat' dir='ltr'>massam</span> 
     </span>
     <span class='ocr_line' id='line_1_31' title="bbox 53 1924 1506 1983; baseline -0.001 -15"><span class='ocrx_word' id='word_1_297' title='bbox 53 1934 192 1979; x_wconf 88' lang='lat' dir='ltr'>stipato</span> <span class='ocrx_word' id='word_1_298' title='bbox 221 1929 276 1976; x_wconf 76' lang='grc' dir='ltr'><strong><em>εἷς</em></strong></span> <span class='ocrx_word' id='word_1_299' title='bbox 303 1924 498 1981; x_wconf 69' lang='grc' dir='ltr'><strong><em>παλαθης</em></strong></span> <span class='ocrx_word' id='word_1_300' title='bbox 529 1929 738 1983; x_wconf 78' lang='grc' dir='ltr'>Συριακῆς</span> <span class='ocrx_word' id='word_1_301' title='bbox 761 1924 917 1982; x_wconf 83' lang='grc' dir='ltr'><strong><em>τρόπον</em></strong></span> <span class='ocrx_word' id='word_1_302' title='bbox 947 1927 1382 1968; x_wconf 78' lang='grc' dir='ltr'><em>ΙῚΛΑΤΤΟΝΊἘΣ</em></span> <span class='ocrx_word' id='word_1_303' title='bbox 1404 1928 1506 1979; x_wconf 85' lang='lat' dir='ltr'>apud</span> 
     </span>
     <span class='ocr_line' id='line_1_32' title="bbox 55 1984 1505 2036; baseline -0.001 -12"><span class='ocrx_word' id='word_1_304' title='bbox 55 1986 194 2024; x_wconf 83' lang='lat' dir='ltr'>Athen.</span> <span class='ocrx_word' id='word_1_305' title='bbox 218 1985 261 2023; x_wconf 90' lang='lat' dir='ltr'>L.</span> <span class='ocrx_word' id='word_1_306' title='bbox 280 1984 335 2023; x_wconf 91' lang='lat' dir='ltr'>X.</span> <span class='ocrx_word' id='word_1_307' title='bbox 357 1998 392 2036; x_wconf 86' lang='lat' dir='ltr'>p.</span> <span class='ocrx_word' id='word_1_308' title='bbox 418 1987 521 2026; x_wconf 84' lang='lat'>500.</span> <span class='ocrx_word' id='word_1_309' title='bbox 541 1984 582 2022; x_wconf 92' lang='lat' dir='ltr'>C</span> <span class='ocrx_word' id='word_1_310' title='bbox 612 1993 651 2023; x_wconf 88' lang='lat' dir='ltr'>et</span> <span class='ocrx_word' id='word_1_311' title='bbox 671 1985 960 2035; x_wconf 87' lang='lat' dir='ltr'>Theophrastus</span> <span class='ocrx_word' id='word_1_312' title='bbox 980 1984 1027 2022; x_wconf 86' lang='lat' dir='ltr'>de</span> <span class='ocrx_word' id='word_1_313' title='bbox 1053 1986 1188 2035; x_wconf 86' lang='lat' dir='ltr'>prunis</span> <span class='ocrx_word' id='word_1_314' title='bbox 1205 1984 1408 2036; x_wconf 84' lang='lat' dir='ltr'>Aegyptiis</span> <span class='ocrx_word' id='word_1_315' title='bbox 1429 1988 1505 2022; x_wconf 89' lang='lat' dir='ltr'>sic·-</span> 
     </span>
     <span class='ocr_line' id='line_1_33' title="bbox 53 2036 1508 2095; baseline 0 -16"><span class='ocrx_word' id='word_1_316' title='bbox 53 2045 149 2080; x_wconf 85' lang='lat' dir='ltr'>catis</span> <span class='ocrx_word' id='word_1_317' title='bbox 172 2057 239 2080; x_wconf 89' lang='grc' dir='ltr'>και</span> <span class='ocrx_word' id='word_1_318' title='bbox 261 2039 334 2081; x_wconf 83' lang='grc' dir='ltr'>τὸν</span> <span class='ocrx_word' id='word_1_319' title='bbox 355 2044 517 2093; x_wconf 77' lang='grc' dir='ltr'><strong><em>πυρῆνα</em></strong></span> <span class='ocrx_word' id='word_1_320' title='bbox 538 2041 792 2095; x_wconf 74' lang='grc' dir='ltr'><strong><em>ἐξαιροῦντες</em></strong></span> <span class='ocrx_word' id='word_1_321' title='bbox 812 2036 1009 2080; x_wconf 85' lang='grc' dir='ltr'><strong><em>κόπτουσι</em></strong></span> <span class='ocrx_word' id='word_1_322' title='bbox 1036 2039 1105 2079; x_wconf 80' lang='grc' dir='ltr'>καὶ</span> <span class='ocrx_word' id='word_1_323' title='bbox 1123 2043 1287 2080; x_wconf 78' lang='grc' dir='ltr'>ποιοῦσι</span> <span class='ocrx_word' id='word_1_324' title='bbox 1307 2037 1508 2087; x_wconf 70' lang='grc' dir='ltr'><strong><em>παλάθας</em></strong></span> 
     </span>
     <span class='ocr_line' id='line_1_34' title="bbox 54 2096 1510 2150; baseline -0.002 -13"><span class='ocrx_word' id='word_1_325' title='bbox 54 2099 156 2137; x_wconf 88' lang='lat' dir='ltr'>Hist.</span> <span class='ocrx_word' id='word_1_326' title='bbox 178 2099 294 2148; x_wconf 85' lang='lat' dir='ltr'>plant.</span> <span class='ocrx_word' id='word_1_327' title='bbox 312 2096 352 2134; x_wconf 90' lang='lat' dir='ltr'>L.</span> <span class='ocrx_word' id='word_1_328' title='bbox 370 2097 434 2137; x_wconf 88' lang='lat' dir='ltr'>lv.</span> <span class='ocrx_word' id='word_1_329' title='bbox 450 2098 490 2137; x_wconf 87' lang='lat'>3.</span> <span class='ocrx_word' id='word_1_330' title='bbox 519 2099 604 2142; x_wconf 79' lang='lat' dir='ltr'>Quo</span> <span class='ocrx_word' id='word_1_331' title='bbox 623 2111 672 2135; x_wconf 86' lang='lat' dir='ltr'>ex</span> <span class='ocrx_word' id='word_1_332' title='bbox 690 2111 831 2150; x_wconf 86' lang='lat' dir='ltr'>genere</span> <span class='ocrx_word' id='word_1_333' title='bbox 837 2109 1057 2148; x_wconf 82' lang='lat' dir='ltr'>prunorum</span> <span class='ocrx_word' id='word_1_334' title='bbox 1073 2096 1212 2146; x_wconf 82' lang='lat' dir='ltr'>globus</span> <span class='ocrx_word' id='word_1_335' title='bbox 1230 2104 1350 2148; x_wconf 80' lang='lat' dir='ltr'>atque</span> <span class='ocrx_word' id='word_1_336' title='bbox 1373 2103 1510 2135; x_wconf 79' lang='lat' dir='ltr'>cocta-</span> 
     </span>
     <span class='ocr_line' id='line_1_35' title="bbox 53 2153 1508 2203; baseline -0.002 -10"><span class='ocrx_word' id='word_1_337' title='bbox 53 2168 192 2193; x_wconf 79' lang='lat' dir='ltr'>norum</span> <span class='ocrx_word' id='word_1_338' title='bbox 206 2154 421 2192; x_wconf 83' lang='lat' dir='ltr'>celebratur</span> <span class='ocrx_word' id='word_1_339' title='bbox 437 2167 458 2192; x_wconf 84' lang='lat' dir='ltr'>a</span> <span class='ocrx_word' id='word_1_340' title='bbox 470 2154 611 2202; x_wconf 73' lang='lat' dir='ltr'>Statio,</span> <span class='ocrx_word' id='word_1_341' title='bbox 629 2161 667 2192; x_wconf 91' lang='lat' dir='ltr'>et</span> <span class='ocrx_word' id='word_1_342' title='bbox 681 2154 895 2194; x_wconf 76' lang='lat' dir='ltr'>Palathion</span> <span class='ocrx_word' id='word_1_343' title='bbox 914 2153 1193 2203; x_wconf 74' lang='lat' dir='ltr'>Caryotarum‚</span> <span class='ocrx_word' id='word_1_344' title='bbox 1211 2159 1255 2190; x_wconf 90' lang='lat' dir='ltr'>ut</span> <span class='ocrx_word' id='word_1_345' title='bbox 1267 2155 1408 2202; x_wconf 88' lang='lat' dir='ltr'>optime</span> <span class='ocrx_word' id='word_1_346' title='bbox 1419 2153 1508 2190; x_wconf 81' lang='lat' dir='ltr'>Sal-</span> 
     </span>
     <span class='ocr_line' id='line_1_36' title="bbox 55 2208 1510 2261; baseline -0.002 -12"><span class='ocrx_word' id='word_1_347' title='bbox 55 2213 212 2256; x_wconf 82' lang='lat' dir='ltr'>masins,</span> <span class='ocrx_word' id='word_1_348' title='bbox 232 2223 254 2247; x_wconf 90' lang='lat' dir='ltr'>a</span> <span class='ocrx_word' id='word_1_349' title='bbox 271 2209 446 2247; x_wconf 87' lang='lat' dir='ltr'>Martiale</span> <span class='ocrx_word' id='word_1_350' title='bbox 455 2210 566 2261; x_wconf 86' lang='lat' dir='ltr'>Epig.</span> <span class='ocrx_word' id='word_1_351' title='bbox 579 2211 653 2251; x_wconf 87' lang='lat'>24.</span> <span class='ocrx_word' id='word_1_352' title='bbox 671 2210 849 2257; x_wconf 66' lang='lat' dir='ltr'>xenion,</span> <span class='ocrx_word' id='word_1_353' title='bbox 866 2210 933 2248; x_wconf 86' lang='lat' dir='ltr'>ubi</span> <span class='ocrx_word' id='word_1_354' title='bbox 952 2208 1191 2247; x_wconf 82' lang='lat' dir='ltr'>Scriverium</span> <span class='ocrx_word' id='word_1_355' title='bbox 1204 2209 1362 2259; x_wconf 87' lang='lat' dir='ltr'>inspice.</span> <span class='ocrx_word' id='word_1_356' title='bbox 1374 2209 1510 2247; x_wconf 78' lang='lat' dir='ltr'>VVEss.</span> 
     </span>
    </p>

    <p class='ocr_par' dir='ltr' id='par_1_4' title="bbox 60 2261 1512 2484">
     <span class='ocr_line' id='line_1_37' title="bbox 169 2261 1509 2318; baseline -0.003 -12"><span class='ocrx_word' id='word_1_357' title='bbox 169 2268 277 2307; x_wconf 90' lang='grc'>212.</span> <span class='ocrx_word' id='word_1_358' title='bbox 298 2268 372 2307; x_wconf 86' lang='grc'>62.</span> <span class='ocrx_word' id='word_1_359' title='bbox 399 2261 502 2306; x_wconf 67' lang='grc' dir='ltr'>εΥπό</span> <span class='ocrx_word' id='word_1_360' title='bbox 524 2265 743 2318; x_wconf 74' lang='grc' dir='ltr'><strong><em>Μαδέτου]</em></strong></span> <span class='ocrx_word' id='word_1_361' title='bbox 769 2265 856 2304; x_wconf 87' lang='lat' dir='ltr'>Hoc</span> <span class='ocrx_word' id='word_1_362' title='bbox 874 2267 1062 2315; x_wconf 89' lang='lat' dir='ltr'>tantisper</span> <span class='ocrx_word' id='word_1_363' title='bbox 1080 2278 1134 2317; x_wconf 36' lang='lat' dir='ltr'>ex·</span> <span class='ocrx_word' id='word_1_364' title='bbox 1149 2263 1273 2314; x_wconf 87' lang='lat' dir='ltr'>Cospo</span> <span class='ocrx_word' id='word_1_365' title='bbox 1291 2265 1509 2302; x_wconf 85' lang='lat' dir='ltr'>adsciscen-</span> 
     </span>
     <span class='ocr_line' id='line_1_38' title="bbox 60 2318 1508 2369; baseline 0 -9"><span class='ocrx_word' id='word_1_366' title='bbox 60 2322 149 2360; x_wconf 89' lang='lat' dir='ltr'>dum</span> <span class='ocrx_word' id='word_1_367' title='bbox 169 2323 285 2369; x_wconf 86' lang='lat' dir='ltr'>duxi,</span> <span class='ocrx_word' id='word_1_368' title='bbox 314 2322 435 2360; x_wconf 91' lang='lat' dir='ltr'>donec</span> <span class='ocrx_word' id='word_1_369' title='bbox 455 2318 631 2360; x_wconf 81' lang='lat' dir='ltr'>meliores</span> <span class='ocrx_word' id='word_1_370' title='bbox 652 2322 813 2360; x_wconf 86' lang='lat' dir='ltr'>schedae</span> <span class='ocrx_word' id='word_1_371' title='bbox 843 2335 978 2360; x_wconf 89' lang='lat' dir='ltr'>verum</span> <span class='ocrx_word' id='word_1_372' title='bbox 1001 2320 1146 2359; x_wconf 90' lang='lat' dir='ltr'>homini</span> <span class='ocrx_word' id='word_1_373' title='bbox 1166 2334 1306 2358; x_wconf 88' lang='lat' dir='ltr'>nomen</span> <span class='ocrx_word' id='word_1_374' title='bbox 1325 2322 1508 2361; x_wconf 82' lang='lat' dir='ltr'>reddant:</span> 
     </span>
     <span class='ocr_line' id='line_1_39' title="bbox 61 2377 1512 2430; baseline -0.001 -14"><span class='ocrx_word' id='word_1_375' title='bbox 61 2380 197 2427; x_wconf 88' lang='lat' dir='ltr'>scripti</span> <span class='ocrx_word' id='word_1_376' title='bbox 214 2377 332 2415; x_wconf 86' lang='lat' dir='ltr'>Codd.</span> <span class='ocrx_word' id='word_1_377' title='bbox 350 2391 428 2415; x_wconf 87' lang='lat' dir='ltr'>non</span> <span class='ocrx_word' id='word_1_378' title='bbox 449 2380 562 2430; x_wconf 86' lang='lat' dir='ltr'>longe</span> <span class='ocrx_word' id='word_1_379' title='bbox 581 2379 736 2416; x_wconf 87' lang='lat' dir='ltr'>abeunt.</span> <span class='ocrx_word' id='word_1_380' title='bbox 768 2377 900 2416; x_wconf 87' lang='lat' dir='ltr'>Curtio</span> <span class='ocrx_word' id='word_1_381' title='bbox 921 2377 1110 2416; x_wconf 72' lang='lat' dir='ltr'>Madates</span> <span class='ocrx_word' id='word_1_382' title='bbox 1131 2383 1202 2424; x_wconf 82' lang='lat' dir='ltr'>est,</span> <span class='ocrx_word' id='word_1_383' title='bbox 1229 2390 1248 2413; x_wconf 90' lang='lat' dir='ltr'>e</span> <span class='ocrx_word' id='word_1_384' title='bbox 1269 2390 1342 2426; x_wconf 86' lang='lat' dir='ltr'>quo</span> <span class='ocrx_word' id='word_1_385' title='bbox 1353 2377 1512 2414; x_wconf 77' lang='lat' dir='ltr'>Freins-</span> 
     </span>
     <span class='ocr_line' id='line_1_40' title="bbox 62 2432 1510 2503; baseline -0.002 -31"><span class='ocrx_word' id='word_1_386' title='bbox 62 2435 160 2472; x_wconf 86' lang='lat' dir='ltr'>hem.</span> <span class='ocrx_word' id='word_1_387' title='bbox 182 2432 329 2474; x_wconf 71' lang='grc' dir='ltr'><strong><em>,Μέτου</em></strong></span> <span class='ocrx_word' id='word_1_388' title='bbox 352 2435 436 2471; x_wconf 59' lang='lat' dir='ltr'>aize</span> <span class='ocrx_word' id='word_1_389' title='bbox 455 2432 643 2503; x_wconf 61' lang='grc' dir='ltr'><strong><em>111αὸΜέου</em></strong></span> <span class='ocrx_word' id='word_1_390' title='bbox 653 2433 725 2472; x_wconf 88' lang='lat' dir='ltr'>hoc</span> <span class='ocrx_word' id='word_1_391' title='bbox 744 2447 885 2472; x_wconf 89' lang='lat' dir='ltr'>nomen</span> <span class='ocrx_word' id='word_1_392' title='bbox 903 2434 1128 2484; x_wconf 82' lang='lat' dir='ltr'>refingebat,</span> <span class='ocrx_word' id='word_1_393' title='bbox 1148 2433 1189 2470; x_wconf 90' lang='lat' dir='ltr'>L.</span> <span class='ocrx_word' id='word_1_394' title='bbox 1205 2432 1250 2469; x_wconf 90' lang='lat' dir='ltr'>V.</span> <span class='ocrx_word' id='word_1_395' title='bbox 1265 2435 1305 2473; x_wconf 87' lang='lat'>3.</span> <span class='ocrx_word' id='word_1_396' title='bbox 1319 2435 1361 2474; x_wconf 97' lang='grc'><strong>4.</strong></span> <span class='ocrx_word' id='word_1_397' title='bbox 1376 2433 1425 2470; x_wconf 86' lang='lat' dir='ltr'>W</span> <span class='ocrx_word' id='word_1_398' title='bbox 1429 2445 1510 2471; x_wconf 67' lang='lat' dir='ltr'>iss.</span> 
     </span>
    </p>

    <p class='ocr_par' dir='ltr' id='par_1_5' title="bbox 64 2481 1512 2650">
     <span class='ocr_line' id='line_1_41' title="bbox 175 2481 1512 2543; baseline -0.003 -12"><span class='ocrx_word' id='word_1_399' title='bbox 175 2492 281 2531; x_wconf 86' lang='grc'><strong>212.</strong></span> <span class='ocrx_word' id='word_1_400' title='bbox 314 2491 385 2530; x_wconf 87' lang='grc'>71.</span> <span class='ocrx_word' id='word_1_401' title='bbox 420 2487 514 2543; x_wconf 72' lang='grc' dir='ltr'>Ἐφ’</span> <span class='ocrx_word' id='word_1_402' title='bbox 541 2505 598 2529; x_wconf 81' lang='grc' dir='ltr'>ων</span> <span class='ocrx_word' id='word_1_403' title='bbox 619 2483 670 2542; x_wconf 70' lang='grc' dir='ltr'>ἦν</span> <span class='ocrx_word' id='word_1_404' title='bbox 701 2485 995 2542; x_wconf 71' lang='grc' dir='ltr'><strong><em>ἐνδεχόμενον]</em></strong></span> <span class='ocrx_word' id='word_1_405' title='bbox 1026 2488 1160 2527; x_wconf 84' lang='lat' dir='ltr'>Fuisse</span> <span class='ocrx_word' id='word_1_406' title='bbox 1182 2491 1319 2537; x_wconf 89' lang='lat' dir='ltr'>opinor</span> <span class='ocrx_word' id='word_1_407' title='bbox 1343 2487 1413 2543; x_wconf 70' lang='grc' dir='ltr'>ἀφ’</span> <span class='ocrx_word' id='word_1_408' title='bbox 1443 2481 1512 2527; x_wconf 69' lang='grc' dir='ltr'>ὧν.</span> 
     </span>
     <span class='ocr_line' id='line_1_42' title="bbox 64 2543 1511 2596; baseline -0.003 -13"><span class='ocrx_word' id='word_1_409' title='bbox 64 2545 209 2583; x_wconf 82' lang='lat' dir='ltr'>Alibi</span> <span class='ocrx_word' id='word_1_410' title='bbox 192 2561 234 2585; x_wconf 75' lang='grc' dir='ltr'>εκ</span> <span class='ocrx_word' id='word_1_411' title='bbox 255 2547 338 2585; x_wconf 83' lang='grc' dir='ltr'>τῶν</span> <span class='ocrx_word' id='word_1_412' title='bbox 357 2543 630 2596; x_wconf 24' lang='grc' dir='ltr'>ἓιὸιεχομέιωι</span> <span class='ocrx_word' id='word_1_413' title='bbox 641 2573 654 2593; x_wconf 77' lang='lat'>‚</span> <span class='ocrx_word' id='word_1_414' title='bbox 682 2547 740 2584; x_wconf 89' lang='lat' dir='ltr'>uti</span> <span class='ocrx_word' id='word_1_415' title='bbox 759 2548 800 2583; x_wconf 88' lang='lat' dir='ltr'>in</span> <span class='ocrx_word' id='word_1_416' title='bbox 821 2545 978 2583; x_wconf 86' lang='lat' dir='ltr'>Stobaei</span> <span class='ocrx_word' id='word_1_417' title='bbox 999 2544 1122 2583; x_wconf 88' lang='lat' dir='ltr'>Serm.</span> <span class='ocrx_word' id='word_1_418' title='bbox 1144 2545 1172 2582; x_wconf 93' lang='lat'>1.</span> <span class='ocrx_word' id='word_1_419' title='bbox 1192 2558 1228 2596; x_wconf 83' lang='lat' dir='ltr'>p.</span> <span class='ocrx_word' id='word_1_420' title='bbox 1255 2545 1324 2586; x_wconf 79' lang='grc'><strong>14.</strong></span> <span class='ocrx_word' id='word_1_421' title='bbox 1356 2545 1511 2595; x_wconf 87' lang='lat' dir='ltr'>Archy-</span> 
     </span>
     <span class='ocr_line' id='line_1_43' title="bbox 64 2600 967 2650; baseline -0.002 -10"><span class='ocrx_word' id='word_1_422' title='bbox 64 2611 146 2649; x_wconf 89' lang='lat' dir='ltr'>tas,</span> <span class='ocrx_word' id='word_1_423' title='bbox 174 2609 212 2638; x_wconf 90' lang='lat' dir='ltr'>et</span> <span class='ocrx_word' id='word_1_424' title='bbox 232 2614 346 2650; x_wconf 86' lang='lat' dir='ltr'>supra</span> <span class='ocrx_word' id='word_1_425' title='bbox 366 2600 407 2638; x_wconf 90' lang='lat' dir='ltr'>L.</span> <span class='ocrx_word' id='word_1_426' title='bbox 430 2601 456 2638; x_wconf 87' lang='lat'>1.</span> <span class='ocrx_word' id='word_1_427' title='bbox 483 2603 555 2642; x_wconf 81' lang='grc'>54.</span> <span class='ocrx_word' id='word_1_428' title='bbox 590 2601 796 2639; x_wconf 86' lang='lat' dir='ltr'>Diodorus.</span> <span class='ocrx_word' id='word_1_429' title='bbox 828 2602 967 2639; x_wconf 75' lang='lat' dir='ltr'>WESS.</span> 
     </span>
    </p>

    <p class='ocr_par' dir='ltr' id='par_1_6' title="bbox 67 2653 1514 2873">
     <span class='ocr_line' id='line_1_44' title="bbox 178 2653 1514 2709; baseline -0.003 -12"><span class='ocrx_word' id='word_1_430' title='bbox 178 2659 285 2698; x_wconf 89' lang='lat'>212.</span> <span class='ocrx_word' id='word_1_431' title='bbox 315 2659 388 2698; x_wconf 82' lang='lat'>78.</span> <span class='ocrx_word' id='word_1_432' title='bbox 419 2656 505 2697; x_wconf 87' lang='grc' dir='ltr'>Και</span> <span class='ocrx_word' id='word_1_433' title='bbox 527 2672 623 2708; x_wconf 68' lang='grc' dir='ltr'><strong><em>ταχε</em></strong></span> <span class='ocrx_word' id='word_1_434' title='bbox 609 2656 684 2704; x_wconf 81' lang='grc' dir='ltr'>’ως</span> <span class='ocrx_word' id='word_1_435' title='bbox 707 2660 854 2697; x_wconf 81' lang='grc' dir='ltr'><strong><em>πασῶν</em></strong></span> <span class='ocrx_word' id='word_1_436' title='bbox 877 2679 923 2686; x_wconf 86' lang='grc'><strong>-</strong></span> <span class='ocrx_word' id='word_1_437' title='bbox 946 2653 1134 2708; x_wconf 76' lang='grc' dir='ltr'><strong><em>πόλεων]</em></strong></span> <span class='ocrx_word' id='word_1_438' title='bbox 1166 2657 1288 2694; x_wconf 85' lang='lat' dir='ltr'>Voces</span> <span class='ocrx_word' id='word_1_439' title='bbox 1316 2654 1348 2709; x_wconf 60' lang='grc' dir='ltr'>ἕ)</span> <span class='ocrx_word' id='word_1_440' title='bbox 1352 2653 1514 2707; x_wconf 77' lang='grc' dir='ltr'><strong><em>κρατὴς</em></strong></span> 
     </span>
     <span class='ocr_line' id='line_1_45' title="bbox 67 2708 1512 2764; baseline -0.004 -12"><span class='ocrx_word' id='word_1_441' title='bbox 67 2708 268 2764; x_wconf 77' lang='grc' dir='ltr'>ῧπῆρξεν,</span> <span class='ocrx_word' id='word_1_442' title='bbox 291 2722 387 2762; x_wconf 84' lang='lat' dir='ltr'>quae</span> <span class='ocrx_word' id='word_1_443' title='bbox 419 2716 609 2751; x_wconf 84' lang='lat' dir='ltr'>artissime</span> <span class='ocrx_word' id='word_1_444' title='bbox 626 2712 686 2750; x_wconf 90' lang='lat' dir='ltr'>his</span> <span class='ocrx_word' id='word_1_445' title='bbox 716 2713 996 2761; x_wconf 85' lang='lat' dir='ltr'>adhaerebant,</span> <span class='ocrx_word' id='word_1_446' title='bbox 1023 2715 1184 2762; x_wconf 88' lang='lat' dir='ltr'>imperio</span> <span class='ocrx_word' id='word_1_447' title='bbox 1206 2711 1323 2749; x_wconf 87' lang='lat' dir='ltr'>Codd.</span> <span class='ocrx_word' id='word_1_448' title='bbox 1354 2712 1512 2749; x_wconf 85' lang='lat' dir='ltr'>induxi:</span> 
     </span>
     <span class='ocr_line' id='line_1_46' title="bbox 69 2767 1514 2818; baseline -0.002 -12"><span class='ocrx_word' id='word_1_449' title='bbox 69 2777 220 2806; x_wconf 83' lang='lat' dir='ltr'>constat</span> <span class='ocrx_word' id='word_1_450' title='bbox 247 2770 329 2806; x_wconf 88' lang='lat' dir='ltr'>sine</span> <span class='ocrx_word' id='word_1_451' title='bbox 349 2771 427 2807; x_wconf 74' lang='lat' dir='ltr'>illis</span> <span class='ocrx_word' id='word_1_452' title='bbox 447 2772 650 2807; x_wconf 87' lang='lat' dir='ltr'>sententia.</span> <span class='ocrx_word' id='word_1_453' title='bbox 677 2769 725 2806; x_wconf 87' lang='lat' dir='ltr'>N.</span> <span class='ocrx_word' id='word_1_454' title='bbox 742 2767 947 2807; x_wconf 84' lang='lat' dir='ltr'>Blancardi</span> <span class='ocrx_word' id='word_1_455' title='bbox 971 2770 1101 2807; x_wconf 85' lang='lat' dir='ltr'>eadem</span> <span class='ocrx_word' id='word_1_456' title='bbox 1119 2769 1270 2818; x_wconf 87' lang='lat' dir='ltr'>quidem</span> <span class='ocrx_word' id='word_1_457' title='bbox 1289 2769 1334 2804; x_wconf 88' lang='lat' dir='ltr'>ad</span> <span class='ocrx_word' id='word_1_458' title='bbox 1360 2768 1514 2806; x_wconf 82' lang='lat' dir='ltr'>Arrian.</span> 
     </span>
     <span class='ocr_line' id='line_1_47' title="bbox 71 2824 1513 2873; baseline -0.001 -12"><span class='ocrx_word' id='word_1_459' title='bbox 71 2825 110 2861; x_wconf 74' lang='lat'>1..</span> <span class='ocrx_word' id='word_1_460' title='bbox 126 2824 191 2861; x_wconf 79' lang='grc' dir='ltr'><strong>ΙΙΙ.</strong></span> <span class='ocrx_word' id='word_1_461' title='bbox 205 2837 238 2873; x_wconf 87' lang='grc' dir='ltr'>Ρ.</span> <span class='ocrx_word' id='word_1_462' title='bbox 250 2826 356 2865; x_wconf 85' lang='grc'><strong>200.</strong></span> <span class='ocrx_word' id='word_1_463' title='bbox 367 2838 488 2872; x_wconf 87' lang='lat' dir='ltr'>mens,</span> <span class='ocrx_word' id='word_1_464' title='bbox 499 2825 563 2862; x_wconf 87' lang='lat' dir='ltr'>sed</span> <span class='ocrx_word' id='word_1_465' title='bbox 578 2825 781 2862; x_wconf 84' lang='lat' dir='ltr'>verborum</span> <span class='ocrx_word' id='word_1_466' title='bbox 795 2825 929 2863; x_wconf 78' lang='lat' dir='ltr'>seriem</span> <span class='ocrx_word' id='word_1_467' title='bbox 941 2827 1037 2863; x_wconf 81' lang='lat' dir='ltr'>citra</span> <span class='ocrx_word' id='word_1_468' title='bbox 1047 2838 1219 2863; x_wconf 85' lang='lat' dir='ltr'>caussam</span> <span class='ocrx_word' id='word_1_469' title='bbox 1231 2831 1363 2861; x_wconf 88' lang='lat' dir='ltr'>mutat.</span> <span class='ocrx_word' id='word_1_470' title='bbox 1382 2824 1513 2861; x_wconf 62' lang='lat' dir='ltr'>wass.</span> 
     </span>
    </p>
   </div>
  </div>
 </body>
</html>
