1859 3326
280 190 403 223 xxiv
794 188 1220 222 RHODOMANNI

283 287 512 322 laudabilem
555 290 611 323 rei
643 289 856 323 litterariae
892 297 1048 331 operam
1082 289 1289 328 navzmtes,
1334 286 1488 320 tandem
1536 285 1740 321 inveniret.

282 345 462 391 Ἀφορμὴν
483 346 610 390 itaque
636 351 674 380 et
699 355 943 392 progressum
969 344 1115 387 operis,
1144 344 1264 377 amice
1290 343 1430 384 lector,
1462 342 1591 379 habes.

376 403 475 443 lam,
503 413 600 446 quae
636 403 962 445 interpretationis
1001 401 1098 433 ratio
1124 401 1174 433 sit
1199 400 1385 445 requiris‘l
1435 400 1492 434 Ea
1514 410 1620 441 sane,
1643 409 1740 444 quae

285 459 333 493 ad
361 462 540 493 amussim
568 471 641 492 non
666 464 812 499 exacta,
850 469 918 491 neo
943 458 1116 492 omnibus
1144 458 1311 491 numeris
1336 458 1510 491 absoluta
1536 461 1604 491 est.
1653 457 1743 490 Pro-

287 517 346 550 cul
373 519 471 549 onim
496 518 614 558 absit,
651 521 692 549 ut
717 515 812 548 hanc
846 514 933 564 milii
969 516 1235 549 excellentiam
1265 525 1454 558 arrogem.
1501 514 1622 554 Quam
1648 516 1745 547 citra

285 574 464 608 invidiam
499 574 748 608 libentissime
774 573 849 605 illis
874 572 1060 614 concedo,
1099 584 1192 617 quos
1226 573 1364 607 divinis
1398 572 1561 616 ingeniis
1594 572 1745 615 praedi-

287 634 348 663 tos
375 630 624 664 fortunatiore
651 630 755 663 Deus
777 631 975 664 occasione
999 630 1149 671 beavit,
1181 640 1291 674 quam
1317 639 1401 668 me,·
1430 631 1494 673 qui
1520 629 1744 663 eruditionis

285 688 579 730 supellectilem,
623 692 766 722 curtam
797 687 966 730 profecto
993 693 1032 721 et
1056 688 1325 732 perexiguam,
1363 697 1431 730 per
1455 688 1656 721 maximam
1684 697 1746 720 ae-

286 746 377 778 tatis
406 749 570 787 partem,
599 745 699 777 inter
725 744 967 778 difficultates
994 747 1095 781 vitae
1125 749 1341 789 perpetuas,
1373 743 1460 777 hinc
1482 744 1569 777 inde
1595 744 1746 788 collegi.

286 800 387 835 Satis
413 806 538 834 autem
565 800 653 834 mihi
684 800 774 842 fuit,
803 804 835 834 si
862 802 1038 837 dictionis
1067 802 1208 844 forma,
1242 803 1333 835 licet
1357 813 1429 835 nou
1456 812 1548 845 pura
1573 803 1746 843 omnino;

287 858 374 896 (linc
403 861 500 891 enim
529 860 565 891 in
595 864 682 893 vnto
709 861 830 903 magis
857 865 895 893 et
922 864 1057 892 conatu
1086 870 1196 904 quam
1225 858 1363 892 effectu
1390 858 1480 893 mihi
1507 859 1586 902 est)
1623 870 1644 893 a
1677 869 1746 892 na-

288 920 373 948 tura
398 920 524 951 tamen
550 916 677 949 Latini
702 919 888 950 sermonis
924 928 996 951 non
1030 917 1281 957 abhorrente,
1317 920 1458 951 uterer.
1509 916 1590 950 Neo
1616 926 1746 950 cacoe-

285 972 370 1006 thes
395 973 544 1006 illorum
572 973 661 1006 mihi
688 975 827 1007 imitari
855 975 1008 1018 placuit,
1038 976 1099 1019 qui
1127 985 1252 1007 meros
1276 978 1476 1017 crepantes
1501 973 1746 1017 archaismos,

284 1041 421 1066 novum
449 1031 628 1076 loquendi
654 1042 797 1075 genus,
834 1032 880 1065 ab
906 1031 1039 1065 inferis
1066 1033 1356 1072 resuscitatum,
1398 1041 1489 1075 prae
1520 1032 1747 1066 nitidissima

284 1087 478 1123 Romanae
502 1089 677 1123 dictionis
702 1091 867 1133 puritate
883 1116 890 1129 ,
914 1094 970 1122 tot
996 1089 1188 1122 laboribus
1216 1094 1254 1122 et
1281 1089 1392 1127 curiS‚
1421 1097 1489 1133 per
1513 1088 1746 1132 decrepitam

284 1143 383 1179 lianc
408 1146 535 1179 mundi
562 1151 774 1186 senectam,
818 1158 840 1179 a
865 1148 1020 1179 summis
1045 1147 1209 1191 ingeniis
1234 1149 1434 1189 reparata,
1478 1145 1586 1178 nobis
1621 1147 1748 1181 obtru-

284 1202 396 1243 dunt3
445 1207 482 1235 et
517 1213 599 1239 cum
634 1204 826 1248 elegantia
851 1204 1100 1236 Ciceroniana
1124 1203 1314 1237 excellere
1342 1205 1553 1246 nequeant,
1578 1205 1748 1249 antiqua-

284 1260 342 1291 ria
368 1260 504 1293 saltem
534 1262 700 1295 novitate
726 1262 1014 1296 admirationem
1044 1262 1102 1293 sui
1136 1260 1274 1294 leviter
1305 1269 1350 1292 ao
1383 1259 1522 1292 stolide
1556 1259 1751 1295 affectant.

287 1317 431 1356 Quibus
466 1322 507 1350 ut
540 1329 670 1352 omnes
704 1329 819 1352 sanae
855 1320 993 1352 mentis
1027 1317 1188 1351 studiosi
1219 1315 1262 1350 τὸ
1291 1315 1429 1361 μακρὰν
1451 1319 1585 1361 χαίρειν
1610 1318 1749 1360 dicant,

284 1378 387 1407 totus
414 1375 582 1410 fidelium
608 1377 875 1420 magistrorum
913 1374 1048 1408 chorus
1082 1384 1150 1419 per
1184 1374 1443 1417 elegantiores
1475 1374 1607 1408 Musas
1646 1376 1749 1410 obte-

286 1437 431 1474 statur,
467 1438 580 1478 atqne
616 1434 762 1466 suadet.
808 1434 854 1466 At
881 1443 949 1465 noc
983 1433 1030 1467 ad
1062 1432 1178 1465 verba
1211 1433 1386 1465 Auctoris
1422 1432 1476 1464 ita
1512 1443 1571 1465 me
1597 1443 1750 1478 semper

286 1490 463 1531 alligavi,
496 1496 537 1523 ut
563 1491 718 1524 liberius
748 1491 931 1536 quaedam
961 1490 1122 1523 reddere
1150 1489 1340 1522 interdum
1367 1489 1544 1533 religioni
1570 1490 1657 1526 mibi
1686 1492 1750 1525 du.

285 1548 420 1582 xci-im.
471 1547 556 1583 Non
591 1559 676 1581 raro
714 1550 811 1581 enim
848 1549 1075 1583 sententiam
1110 1548 1322 1590 exprimere
1355 1548 1448 1580 satis
1481 1546 1571 1580 mihi
1607 1550 1746 1584 visum:

288 1615 398 1649 quem
423 1609 550 1638 tamen
579 1605 853 1649 interpretandi
877 1605 1026 1639 modum
1055 1606 1109 1637 sio
1132 1604 1364 1648 temperavi,
1391 1607 1432 1636 ut
1456 1605 1573 1638 verba
1595 1608 1749 1640 interim

289 1662 502 1706 emphatica
533 1664 644 1696 simul
673 1665 987 1709 exprimerentur.
1044 1663 1117 1696 Hic
1144 1673 1216 1696 non
1243 1671 1361 1705 pauca
1395 1661 1552 1696 subesse
1585 1664 1750 1708 ingenue

289 1720 435 1762 fate-or,
462 1722 500 1753 in
525 1721 660 1764 quibus
685 1731 753 1755 nce
779 1720 892 1764 mibi,
918 1721 1054 1755 nedum
1083 1723 1281 1755 emunctae
1306 1719 1408 1751 naris
1431 1719 1579 1761 lectori,
1603 1721 1752 1755 satisfe„

290 1780 419 1813 cerini.
468 1779 586 1821 Quam
625 1778 736 1813 facile
772 1783 831 1812 est
863 1780 899 1812 in
935 1788 1072 1822 magno
1107 1787 1244 1820 opere,
1281 1776 1344 1810 ubi
1380 1777 1528 1811 animus
1559 1777 1607 1811 ad
1636 1780 1751 1813 tinem

291 1846 498 1879 properans
533 1836 577 1869 ad
612 1837 796 1869 ulteriora
832 1840 1015 1878 perpetuo
1049 1838 1251 1875 avocatur,
1294 1839 1360 1866 aut
1392 1834 1516 1867 minus
1555 1837 1751 1870 commode

290 1897 442 1928 vertere
469 1893 624 1937 aliquid,
653 1898 718 1927 aut
743 1894 967 1935 praeterire,
998 1897 1063 1927 aut
1088 1892 1221 1936 quovis
1248 1891 1323 1925 alio
1349 1891 1460 1926 modo
1488 1892 1685 1928 allucinari
1715 1898 1754 1929 et:

290 1950 392 1985 labi?
442 1950 619 1985 Profecto
649 1953 680 1983 si
711 1951 758 1984 ad
786 1952 920 1984 iustam
949 1949 1201 1986 examinanda
1224 1950 1404 1985 trutinam
1436 1950 1586 1994 singula
1614 1952 1752 1995 forent,

293 2007 340 2042 ad
365 2008 465 2041 vitae
493 2010 595 2052 prius
620 2010 842 2051 terminum,
883 2020 991 2054 quam
1027 2010 1122 2042 tanti
1155 2009 1281 2052 operis
1310 2011 1449 2042 metam
1476 2011 1756 2050 perveniretur.

293 2065 341 2098 At
364 2065 576 2100 defectibus
603 2072 641 2099 et
667 2068 825 2107 erratis,
869 2067 931 2101 uhi
967 2068 1030 2100 ubi
1064 2069 1283 2104 occurrent,
1326 2066 1530 2108 aequitatis
1560 2067 1753 2101 studiosus

295 2122 443 2154 veniam
476 2122 573 2157 baud
602 2125 788 2166 gravatim
815 2125 1072 2167 impertietur:
1116 2122 1341 2167 praesertim
1367 2122 1429 2154 ubi
1457 2132 1583 2155 seeum
1616 2133 1754 2168 perpu-

296 2179 405 2219 tarit,
448 2182 634 2213 neminem
668 2186 745 2213 tam
782 2191 866 2213 esse
902 2181 1075 2220 doctum,
1115 2181 1324 2222 linceisque
1362 2179 1481 2212 oculis
1526 2182 1753 2224 praeditum,

297 2237 384 2278 quin
407 2237 548 2281 aliquid
574 2240 747 2282 ignoret,
771 2239 928 2283 visuque
955 2241 1203 2271 transcurrat.
1250 2236 1356 2276 Quod
1377 2237 1407 2268 si
1435 2238 1549 2271 etiam
1577 2239 1663 2280 illis,
1691 2241 1754 2285 qul

298 2295 361 2326 uni
390 2298 531 2329 tantum
561 2297 718 2339 negocio
746 2300 898 2336 vacant,
928 2296 1104 2338 contigit,
1145 2294 1231 2338 quid
1258 2293 1316 2327 liis
1341 2305 1413 2326 non
1440 2299 1661 2328 eventurum
1694 2307 1756 2340 pu.

298 2354 370 2391 tati,
397 2353 457 2396 qui
485 2353 611 2387 multis
639 2358 676 2385 et
702 2354 816 2386 variis
842 2353 952 2385 simul
978 2353 1148 2395 occupati
1174 2351 1476 2396 distringunturl
1524 2353 1572 2385 Ut
1595 2364 1685 2387 vero
1710 2355 1757 2388 do

300 2410 559 2452 magnitudine
587 2412 730 2453 open-isi,
769 2410 814 2444 (le
841 2410 1086 2445 festinatione
1114 2409 1161 2444 ad
1187 2410 1323 2450 linem,
1362 2409 1408 2442 de
1444 2409 1668 2443 eruditionis
1704 2413 1757 2445 in..

302 2468 410 2509 opia‚
451 2472 488 2501 et
513 2469 699 2501 varietate
725 2467 896 2501 laborum
924 2466 1015 2502 nihil
1043 2467 1200 2507 addam,
1242 2476 1364 2501 nonne
1398 2466 1565 2500 locorum
1601 2470 1758 2512 (quales

302 2525 440 2566 passim
473 2528 694 2564 occurrunt)
731 2524 952 2558 obscuritati
979 2529 1017 2558 et
1040 2526 1232 2572 perplexis
1259 2525 1533 2558 sententiarum
1560 2526 1666 2558 nodis
1693 2528 1758 2560 ali.

302 2581 388 2624 quid
415 2586 609 2624 acceptum
638 2580 765 2615 fares}
806 2582 1030 2624 praesertim
1062 2592 1174 2626 quum
1210 2581 1503 2624 exemplarium,
1542 2592 1638 2625 quae
1671 2595 1755 2619 cum

303 2639 413 2672 unico
440 2645 568 2674 nostro
595 2639 909 2679 contulissemus,
947 2641 1054 2683 eopia
1085 2639 1201 2672 fuerit
1228 2643 1382 2682 negata:
1419 2649 1464 2671 ne
1492 2639 1580 2682 quid
1605 2639 1650 2673 de
1676 2652 1761 2674 een·

306 2705 393 2727 sura
427 2695 616 2731 hominum
649 2696 857 2730 doctiorum
896 2697 1047 2730 minime
1082 2697 1189 2729 nobis
1222 2697 1373 2729 interim
1407 2705 1586 2729 concessa
1626 2698 1760 2745 dicam-

309 2751 473 2787 Nasutus
500 2758 625 2788 autem
652 2753 805 2792 sciolos,
830 2763 1034 2798 omnesque
1062 2753 1227 2787 invidiae
1255 2756 1294 2787 et
1318 2754 1604 2787 obtrectationis
1629 2757 1759 2790 morbo

311 2810 546 2853 laborantes,
590 2821 636 2844 ne
670 2810 776 2845 flocci
808 2810 957 2854 quidem
986 2809 1097 2845 facio.
1144 2811 1249 2851 Hos,
1292 2811 1325 2845 si
1358 2815 1487 2844 nostra
1521 2810 1614 2845 haec
1647 2815 1761 2847 inter-
