1859 3326
289 191 380 234 180
759 184 1280 227 ANNO‘I'ATIONES

401 302 509 344 202
536 301 609 342 71·
641 298 750 353 Περὶ
773 285 915 351 κώμην
938 318 985 328 —-
999 273 1202 351 Ἄρβηλα]
1232 295 1430 347 Plerisque
1451 297 1538 335 aliis
1553 293 1645 336 urba
1668 304 1726 335 est

289 357 378 398 Vid.
396 360 548 397 Arrian.
575 352 731 407 ’.Αναβ
761 355 806 396 L.
828 355 896 394 111.
920 357 961 397 8.
989 360 1027 392 et
1045 354 1151 393 Curt.
1175 353 1239 393 lv.
1264 355 1308 396 9.
1331 356 1372 395 9.
1411 353 1557 393 Nostro
1577 367 1740 392 consen-

289 414 617 455 taneun1.Wssss.

404 473 512 512 202
545 471 618 511 86
668 461 868 508 Τάλαντα
898 464 1094 521 ἀργυρίου
1123 464 1351 533 τρισχίλια]
1397 463 1584 517 Ibiginta
1612 466 1740 503 millia

293 529 482 567 talentum
502 526 616 573 auri,
656 535 751 575 quae
769 537 915 562 summa
944 524 1058 560 fidem
1084 526 1169 561 veri
1196 525 1418 574 longissime
1438 523 1612 569 excedit,
1642 523 1743 570 apud

292 585 399 623 Curt.
418 584 461 622 L.
485 583 548 620 lV.
573 583 644 622 ll.
670 584 711 622 7·
746 594 833 618 cum
861 578 1042 617 Loccenii
1072 578 1175 617 nota.
1197 579 1333 618 Wssss.
1379 573 1527 629 Ι1Ἰυρια
1559 549 1749 618 τοξλαντα

292 648 441 692 ponunt
454 637 682 676 Plutarchus
702 637 811 674 Alex.
832 649 864 675 c.
886 637 961 676 29.
988 635 1174 672 Arrianus
1196 635 1330 676 11.25.
1349 636 1402 682 1.,
1433 642 1482 672 tr-
1475 636 1603 685 ginta
1619 636 1744 672 millia

296 699 487 736 talentum
499 696 594 732 auri
606 692 762 730 Curtius
776 692 1010 733 bislV.11
1029 693 1069 731 6.
1079 699 1118 728 et
1131 693 1200 732 12.
1193 718 1215 739 .,
1235 687 1546 743 τετρακιςιιὺρια
1560 687 1689 730 τάλαν
1694 705 1744 730 τοι

293 753 490 791 Diodorus
518 751 613 788 Exc.
646 750 769 788 Vatic.
797 762 833 799 p.
867 750 958 796 77.,
994 749 1165 797 triginta
1196 749 1324 786 millia
1358 748 1547 784 talentum
1577 747 1747 784 Iustinus

294 810 368 848 XI.
398 811 465 849 12.
495 808 625 846 decies
643 812 797 843 centum
813 805 983 843 millibus
1004 806 1194 842 talentum
1218 804 1393 841 Valerius
1412 802 1603 840 Maximus
1620 802 1684 841 Vl.
1704 801 1748 842 4'.

295 873 374 904 ext.
396 866 450 911 3.,
477 865 540 900 cui
560 863 691 900 decem
710 861 879 899 millibus
898 862 1127 898 restituebat
1146 860 1443 899 Sanctocrucius
1469 860 1647 898 Examen
1667 860 1749 897 cri-

296 925 405 974 tique
429 921 496 959 des
515 919 678 957 anciens
692 918 820 956 histor
824 917 962 956 ienecl’
979 917 1093 955 Alex.
1122 929 1157 966 p
1184 917 1290 958 283.
1316 915 1374 953 ed.
1395 929 1469 953 sec.

412 978 520 1016 202.
552 976 626 1015 98.
664 970 817 1029 Κᾴγώ,
855 972 889 1014 εἲ
916 971 1168 1027 Παρμενίων
1196 967 1271 1025 ην]
1311 970 1421 1010 Conf.
1445 973 1547 1010 Plut.
1568 970 1677 1009 Alex.
1710 983 1747 1020 p.

299 1035 406 1075 681.
434 1032 507 1080 Ε.,
536 1037 575 1069 et
596 1042 692 1081 quae
711 1015 839 1094 Curtii
868 1028 912 1069 L.
928 1028 993 1068 IV.
1036 1031 1106 1071 ll·
1131 1029 1201 1071 14.
1229 1029 1436 1079 adscripsit
1455 1027 1753 1066 Freinshemius

296 1090 432 1128 wass.

411 1143 521 1184 203.
555 1143 598 1184 8
638 1140 691 1183 Εἴ
715 1138 792 1195 μὲν
813 1142 898 1183 τῶν
924 1138 1134 1196 πρωτείων
1165 1137 1376 1210 ὀρέγεται]
1417 1139 1571 1190 Optime
1590 1136 1750 1191 Reg.1.

298 1198 530 1266 Προτέρων
549 1200 720 1249 ineptum
743 1213 900 1250 prorsus
919 1205 989 1236 est.
1031 1199 1229 1250 Πρωτεῖα
1249 1194 1453 1251 (Ῑὲρεσθαι
1478 1203 1514 1233 et
1543 1195 1754 1249 πρωτείων

300 1253 512 1309 τυγχάνειν
530 1257 645 1292 toties
664 1255 725 1293 his
744 1263 782 1292 et
799 1258 960 1293 aliorum
978 1256 1020 1292 in
1039 1255 1150 1292 libris
1177 1262 1404 1302 recurrunt,
1433 1259 1475 1290 ut
1496 1254 1573 1291 otio
1588 1253 1755 1290 abuten

302 1316 355 1352 tis
376 1316 442 1358 sit,
468 1312 643 1360 exempla
676 1312 866 1351 conferre
889 1311 1031 1349 WESS.

416 1369 524 1410 203
557 1369 628 1408 16.
666 1364 794 1419 ”Αμα
827 1365 872 1407 δὲ
902 1364 1066 1413 τουτοις
1082 1360 1380 1419 πραττομένοις
1401 1360 1501 1417 οἱα]
1543 1363 1757 1413 Antequam

304 1425 478 1475 superior
498 1422 610 1460 Darii
639 1425 802 1473 epistola
830 1423 1052 1462 Alexandro
1080 1424 1352 1474 porrigeretur.
1389 1420 1544 1459 Curtius
1567 1423 1608 1459 in
1635 1426 1758 1459 niorte

303 1483 439 1520 uxoris
456 1479 568 1517 Darii
589 1484 627 1516 et
645 1480 781 1517 funere
805 1483 975 1532 tragicos
995 1487 1132 1528 aequat
1151 1478 1643 1519 L.1V.10.12.W1·:ss.

417 1537 524 1578 203.
552 1537 626 1575 23.
669 1533 948 1584 Ἐξαπέστειλε
975 1531 1202 1589 napacpw‘
1180 1535 1331 1582 αξοντα
1360 1531 1434 1585 τὴν
1465 1529 1657 1584 διάβασιν
1683 1534 1758 1572 τοῦ

304 1607 381 1634 ποτ
390 1590 521 1644 αμοῦ]
549 1591 610 1628 Ex
629 1590 700 1629 hac
720 1598 757 1628 et
777 1594 1017 1643 sequentium
1036 1592 1315 1640 descriptione,
1343 1591 1495 1628 dubites
1514 1597 1598 1627 uter
1617 1589 1759 1627 fluvius

304 1648 583 1700 intelligendus
605 1649 679 1694 sit,
707 1646 840 1699 Tigris
859 1661 910 1686 an
930 1646 1173 1698 Euphrates?
1201 1644 1346 1685 Auctor
1365 1647 1517 1697 quidem
1537 1653 1638 1683 certe
1658 1648 1761 1683 intra

307 1705 622 1755 Mesopotamiam
640 1704 903 1743 Alexandrum
921 1705 1138 1742 traduxisse
1161 1704 1286 1742 videri
1305 1709 1446 1754 posset,
1471 1704 1547 1740 nisi
1561 1701 1761 1740 Mazaeum

308 1764 429 1800 ceteri
452 1773 584 1798 omnes
600 1760 846 1811 ablegassent
865 1760 915 1799 ad
933 1760 1141 1811 Euphratis
1160 1761 1368 1797 transitum
1385 1758 1658 1807 occupandum.
1683 1758 1762 1795 Adi

306 1817 409 1855 Plut.
437 1818 483 1854 de
505 1816 619 1855 Alex.
635 1816 741 1855 Fort.
761 1816 810 1856 11.
827 1818 982 1868 p.339.
1001 1816 1072 1866 A.‚
1099 1814 1274 1855 Curtium
1296 1816 1361 1856 lv.
1384 1816 1425 1856 9.
1449 1817 1519 1857 12.
1550 1821 1588 1866 et
1609 1814 1762 1852 Arrian.

308 1873 379 1914 111.
404 1875 444 1914 7.
471 1872 609 1910 Wass.

421 1930 529 1970 203
558 1929 632 1969 33.
653 1923 815 1982 Χώραν
835 1950 885 1960 -
907 1925 1086 1981 ἄβατον]
1116 1928 1176 1968 Γ
1152 1943 1203 1980 ην
1220 1946 1269 1957 —-·
1284 1923 1534 1979 ἀνεπίβατον
1554 1939 1621 1965 ora
1630 1924 1764 1978 Steph.

310 1998 399 2024 cum
417 1983 516 2036 Reg.
541 1986 581 2026 1
610 1997 689 2023 non
710 1987 823 2024 male.
851 1985 941 2024 Vid.
961 1985 1004 2023 L.
1023 1984 1139 2023 XIX.
1160 1985 1236 2025 94.
1264 1984 1406 2022 WEss.

424 2042 532 2082 203.
559 2040 635 2081 45.
664 2037 1047 2095 ’.Αντιμαχόμενος]
1084 2040 1176 2079 Non
1192 2042 1379 2090 inprob03
1400 2040 1433 2078 si
1453 2045 1578 2077 tamen
1597 2034 1767 2090 ἀντιμη-

308 2091 550 2148 χανώμενος
577 2097 704 2147 potius
735 2099 959 2145 arbitreris,
993 2103 1038 2134 ut
1065 2098 1219 2147 elegans
1248 2097 1421 2147 profecto
1453 2102 1534 2145 est,
1571 2096 1767 2144 suppetias

312 2155 386 2190 ibit
404 2153 566 2203 Appian.
587 2152 682 2189 Bell.
703 2151 817 2193 civil.
835 2154 877 2192 L.
900 2154 965 2193 lV.
983 2166 1021 2204 p.
1038 2155 1173 2194 1052
1193 2158 1285 2204 etp.
1311 2154 1446 2194 1056.
1473 2158 1511 2189 et
1530 2157 1664 2189 auctor
1683 2152 1766 2200 ipse

312 2210 406 2247 infr.
427 2222 462 2246 c.
486 2210 557 2249 57.
585 2207 726 2246 wass.

425 2265 532 2305 204.
566 2264 638 2305 56.
655 2260 744 2304 ”Em
765 2261 810 2304 δὲ
829 2260 905 2316 τὴν
923 2261 1015 2317 περὶ
1036 2265 1120 2304 τῶν
1141 2261 1250 2304 ὅλων
1271 2259 1440 2316 ἀγώνων
1459 2259 1620 2318 κρίσιν]
1650 2261 1769 2301 Aufer

311 2316 483 2374 ἀγώνων
508 2333 662 2366 vocem,
689 2331 784 2370 quae
803 2321 991 2358 absurdae
1009 2323 1162 2372 glossae
1182 2321 1343 2358 debetur
1367 2327 1405 2357 et
1436 2322 1667 2357 sententiam
1685 2326 1767 2356 tur-

312 2378 391 2416 bat.
424 2375 659 2429 Κρίνεσθαι
679 2382 719 2413 et
746 2375 1033 2442 διακρίνεσθαι
1053 2375 1144 2430 περὶ
1172 2378 1255 2416 τῶν
1286 2374 1394 2416 ὅλων
1423 2377 1644 2425 saepissime
1673 2375 1768 2412 Dio-

314 2434 409 2472 doro
431 2438 507 2470 est
522 2432 567 2469 de
597 2444 746 2470 summa
770 2445 812 2469 re
833 2435 875 2470 in
905 2438 1098 2470 certamen
1131 2432 1383 2479 descendere,
1410 2431 1541 2485 κρίσις
1567 2430 1658 2500 περὶ
1682 2433 1767 2471 τῶν

313 2486 423 2529 ὅλων
449 2500 578 2539 pugna
597 2487 874 2526 huiuscemodi.
922 2488 981 2526 Ita
1010 2488 1122 2526 huius
1151 2490 1218 2527 1²..b
1248 2502 1281 2526 c.
1301 2489 1375 2528 33.
1415 2484 1441 2540 ἡ
1472 2487 1549 2539 μὲν
1578 2484 1692 2553 μάχη
1717 2507 1765 2514 --

313 2543 546 2612 ἀμφιδοξον
579 2539 657 2594 εἶχε
683 2541 759 2596 τὴν
786 2546 870 2583 τῶν
894 2540 1003 2584 ὅλων
1033 2542 1177 2598 κρί.σιν
1216 2551 1254 2583 et
1283 2544 1326 2582 L.
1347 2542 1463 2584 XIX.
1487 2545 1561 2584 39
1595 2539 1651 2590 ὡς
1676 2541 1769 2596 περὶ

311 2603 397 2641 τῶν
421 2597 530 2640 ὅλων
548 2599 719 2649 κρίσεως
747 2597 955 2666 ἐσομένης.
987 2600 1127 2638 WEss.

425 2657 531 2696 204
559 2658 632 2696 67.
667 2650 984 2706 Ἑτοιμάζεσθαι
1003 2653 1055 2696 τὰ
1081 2653 1185 2710 πρὸς
1205 2671 1281 2709 την
1303 2651 1470 2708 μάχην]
1511 2653 1653 2692 Confer
1673 2651 1770 2692 Cur-

314 2713 421 2751 tiana
443 2726 462 2748 e
485 2711 527 2748 L.
551 2712 613 2748 lV.
641 2712 710 2753 13
733 2712 808 2751 20.
833 2711 971 2750 Wssss.

428 2768 536 2808 204.
570 2769 641 2808 81.
671 2763 819 2815 ’Έταξε
847 2764 924 2819 τὴν
956 2765 1071 2819 ἶλην,
1099 2759 1260 2819 ηςῑῖχε
1294 2782 1369 2820 την
1390 2764 1492 2819 etc.]
1536 2764 1625 2804 Non
1646 2773 1704 2803 est
1722 2766 1769 2802 de
1808 2760 1811 2763 ’

317 2823 460 2874 iubilo,
489 2822 590 2874 quod
612 2824 654 2863 in
679 2820 774 2875 Reg.
794 2835 851 2873 pr.
877 2821 954 2876 τὴν
984 2820 1203 2876 βασιλικὴν
1233 2822 1340 2876 ἴλην.
1393 2823 1460 2862 Sic
1483 2825 1585 2861 enim
1613 2822 1765 2860 Arrian.
