1859 3326
324 211 508 246 CLXXIV
668 205 954 240 OECONOMIA
992 205 1261 238 HISTORIAE
1288 205 1510 245 DIODORI.

322 312 488 346 iunctae.
533 305 808 339 Hermocrates
823 302 1033 336 occisorum
1052 301 1377 346 Syracusanorum
1396 312 1484 337 ossa
1499 302 1714 346 colligenda
1731 313 1789 337 en-

324 372 405 410 rat,
427 370 471 399 ut
489 364 658 398 favorem
677 362 751 396 sibi
769 365 807 396 et
825 359 1009 396 redeundi
1024 360 1173 393 veniam
1191 360 1380 397 conciliet.
1424 358 1679 395 Nihilominus
1697 361 1791 393 occl-

323 425 438 460 ditur.
465 433 496 457 c.
515 425 572 458 75.

414 479 512 512 Αηη.
537 482 572 515 2.
618 478 769 516 Conon,
801 472 1089 507 Atheniensium
1116 474 1345 518 imperator,
1382 473 1541 508 classem
1563 473 1609 506 ad
1627 482 1787 517 pugnam

325 539 492 573 instruit.
542 533 646 578 Apud
665 531 990 565 Lacedaemonios
1011 531 1272 565 Callicratides
1297 532 1438 576 excipit
1464 531 1725 576 Lysandrum,
1753 535 1791 562 et

326 597 454 631 statim
480 591 730 628 Athenienses
758 589 795 620 in
825 587 916 620 Chio
944 591 982 619 et
1008 587 1132 622 Lesbo
1161 590 1349 632 opprimit,
1407 588 1585 634 Sequitur
1605 588 1788 631 proelium

324 653 462 688 navale
483 650 580 695 apud
598 647 832 691 Mitylenen,
857 655 928 689 quo
949 644 1200 678 Athenienses
1219 645 1266 678 ad
1286 645 1412 691 sugam
1433 647 1552 680 coacti
1571 650 1675 679 sunt:
1711 649 1787 678 tum

324 711 458 746 urbem
479 710 595 752 ipsam
617 706 808 748 oppugnat
825 704 963 737 Conon.
999 712 1029 734 c.
1047 705 1207 739 76—79,

420 766 461 798 ln
490 764 655 797 Siciliam
678 761 832 804 respicit
858 758 1061 794 Diodorus.
1117 759 1345 804 Syracusani
1367 771 1495 805 pacem
1515 771 1537 794 a
1555 758 1789 803 Carthagini-

329 824 482 859 ensibus
507 820 671 853 nondum
701 819 916 861 impetrant.
966 816 1075 851 Nova
1102 818 1192 850 urbs
1211 818 1484 860 Thermarum,
1517 819 1556 852 in
1577 828 1687 862 quam
1707 827 1791 850 con-

324 882 447 917 fluunt
467 880 712 911 Himerenses
734 874 905 915 exsuleS‚
930 874 1069 917 Poeni,
1095 875 1186 908 Afri.
1219 886 1249 908 c.
1267 878 1310 910 79
1327 880 1424 909 extr.

416 935 511 970 Anu.
530 938 565 971 3.
613 933 747 965 Manet
765 929 966 964 historicus
987 933 1023 964 in
1042 933 1154 965 rebus
1175 932 1324 966 Siculis,
1359 932 1692 975 Carthaginienses
1709 941 1791 975 pro·

326 1005 437 1040 spere
465 992 585 1037 gestis
612 990 720 1030 freti,
745 994 835 1028 {tota
859 990 983 1022 insula
1004 991 1114 1033 potiri
1136 991 1370 1024 annituntur.
1422 989 1513 1023 Pars
1532 991 1663 1023 classis
1685 1000 1791 1033 prae-

325 1054 444 1087 missa
476 1061 498 1083 a
523 1047 772 1092 Syracusanis
798 1046 978 1079 funditur.
1025 1046 1204 1091 Sequitur
1226 1049 1351 1080 statim
1374 1048 1581 1086 Hannibal,
1616 1049 1673 1079 cui
1695 1048 1792 1080 lmil-

326 1120 457 1144 conem
486 1108 627 1140 socium
656 1105 760 1137 (lant.
809 1103 1036 1148 Syracusani
1069 1110 1108 1138 et
1133 1106 1370 1148 Agrigentini
1398 1116 1467 1138 sua
1493 1110 1531 1138 et
1551 1105 1728 1137 alienavi
1749 1114 1790 1138 se

325 1167 534 1201 defendere
553 1163 718 1196 student.
766 1163 899 1195 Omnis
917 1172 1008 1194 vero
1024 1162 1115 1194 belli
1139 1163 1301 1204 impetus
1317 1163 1563 1207 Agrigentum
1583 1162 1791 1205 spectabat.

326 1237 356 1260 e.
378 1229 432 1261 80.
466 1226 526 1257 81.
577 1217 794 1263 Descriptio
818 1219 922 1252 urbis
950 1228 973 1251 a
998 1217 1197 1251 fertilitate
1216 1228 1415 1262 agrorum,
1446 1229 1468 1252 a
1486 1223 1718 1260 mercatura,
1744 1219 1801 1251 aly

329 1280 525 1326 opulentia
540 1278 675 1311 civium
694 1282 732 1310 et
750 1287 772 1309 a
794 1274 1077 1320 magnificentia
1092 1276 1255 1310 aedium.
1286 1286 1316 1309 c.
1333 1275 1500 1312 82—84.
1539 1277 1635 1310 Urbs
1654 1286 1792 1320 oppug-

325 1345 428 1372 nata.
464 1337 634 1371 Fortuna
655 1336 815 1367 invicem
834 1334 1080 1378 pugnantium
1101 1334 1207 1366 varia
1225 1338 1319 1366 erat.
1357 1335 1490 1368 Castra
1509 1332 1793 1376 Carthaginien-

326 1399 422 1431 sium
451 1399 558 1439 peste
585 1393 859 1435 corripiuntur,
903 1400 976 1435 qua
1005 1390 1196 1422 Hannibal
1223 1392 1303 1435 ipse
1332 1392 1567 1435 opprimitur.
1608 1390 1711 1424 (κεῖ).
1735 1391 1789 1425 86,

325 1454 497 1488 Tandem
520 1450 756 1495 Agrigentini
776 1449 876 1482 fame
897 1448 1029 1488 coacti,
1056 1447 1198 1481 relictis
1218 1449 1256 1480 in
1275 1448 1369 1480 urbe
1387 1448 1540 1481 senibus
1551 1450 1597 1480 ⁴et
1621 1446 1795 1485 infirmis,

326 1512 460 1546 Gelam
492 1510 667 1553 migrant.
702 1517 733 1540 c.
750 1510 806 1544 87.
828 1509 883 1541 88.
909 1509 967 1542 89.
990 1532 992 1534 ,
1013 1503 1110 1538 Urbs
1137 1512 1246 1548 capta
1269 1515 1291 1537 a
1311 1504 1469 1547 Poenis,
1505 1514 1592 1538 mox
1619 1502 1792 1536 devasta-

326 1575 383 1603 ta:
418 1568 540 1602 relicti
559 1575 689 1599 omnes
713 1565 835 1605 caesi,
869 1562 1012 1607 praeda
1030 1562 1091 1595 vel
1110 1562 1231 1595 divisa
1248 1562 1309 1595 vel
1330 1561 1596 1606 Carthaginem
1618 1565 1792 1593 transve-

330 1631 409 1668 cta,
432 1623 659 1669 praesertim
681 1621 809 1653 ablata
827 1621 920 1654 artis
937 1630 1074 1663 opera,
1100 1623 1138 1652 et
1159 1619 1196 1651 in
1216 1617 1273 1650 his
1288 1622 1421 1651 taurus
1438 1617 1663 1654 Phalaridis,
1692 1617 1792 1652 ‚Obi-

324 1689 385 1717 ter
406 1680 697 1726 reprehenditur
715 1679 916 1719 Timaeus,
952 1677 1014 1721 qui
1037 1687 1120 1711 eum
1143 1681 1290 1709 taurum
1309 1686 1471 1720 unquam
1491 1675 1609 1709 fuisse
1629 1684 1792 1718 negave-

324 1745 395 1776 rat.
439 1749 468 1772 c.
488 1740 544 1774 90.
594 1736 650 1769 Ob
677 1740 869 1779 acceptam
895 1735 1039 1768 cladem
1069 1744 1216 1767 summa
1241 1744 1308 1777 per
1325 1733 1490 1766 Siciliam
1515 1732 1725 1776 indignatio
1752 1732 1790 1764 in

325 1798 440 1831 (luces
461 1795 785 1840 Syracusanorum
802 1793 934 1829 oritur,
983 1793 1077 1826 Eam
1098 1792 1235 1824 alendo
1255 1792 1462 1834 Dionysius
1479 1790 1628 1833 plebem
1648 1789 1684 1820 in
1706 1798 1790 1820 ma-

323 1857 509 1899 gistratus
535 1852 756 1885 concitavit:
789 1860 860 1894 quo
888 1850 988 1884 facto
1015 1850 1118 1883 solus
1146 1859 1331 1882 summum
1355 1849 1554 1892 imperium
1586 1850 1626 1880 et
1648 1846 1790 1879 sensim

323 1910 564 1957 tyrannidem
589 1912 814 1942 consecutus
836 1911 905 1940 est.
935 1918 965 1942 c.
984 1908 1150 1943 91—96.

416 1969 526 2001 Haec
542 1969 763 2011 persecutus
782 1964 992 2006 Diodorus,
1016 1965 1107 1998 belli
1128 1962 1440 2007 Peloponnesiaci
1460 1958 1655 1993 historiam
1673 1959 1791 1993 conti·

324 2029 428 2058 nuat.
474 2024 745 2066 Athenienses,
776 2024 988 2056 instaurata
1008 2023 1147 2063 classe,
1182 2021 1352 2065 quamvis
1373 2009 1679 2052 dissuadentibus
1695 2018 1790 2050 vati-

322 2082 411 2123 bus,
446 2081 771 2115 Lacedaemonios
798 2081 895 2124 apud
917 2079 1059 2113 insulas
1076 2079 1282 2122 Arginusas
1303 2076 1350 2110 ad
1369 2075 1553 2120 proelium
1572 2078 1790 2118 provocant.

326 2138 621 2182 Proeliiipsius,
664 2139 777 2182 longe
804 2138 1050 2177 atrocissimi,
1083 2136 1300 2179 descriptio.
1349 2132 1642 2165 Lacedaemonii
1667 2132 1703 2162 in
1733 2130 1786 2163 fu-

325 2207 413 2240 gam
444 2198 538 2237 aeti,
575 2197 715 2228 amisso
733 2197 962 2238 imperatore
982 2193 1236 2227 Callicratide.
1273 2201 1304 2226 e.
1326 2191 1509 2226 97—'1oo.
1556 2187 1800 2230 Supplicium·

325 2256 490 2286 sumtum
522 2254 569 2286 de
588 2253 743 2285 ducibus
762 2252 1005 2286 nobilissimis
1027 2250 1376 2293 meritissimisque,
1409 2246 1471 2291 qui
1494 2245 1705 2289 insepultos
1722 2255 1788 2279 re-

323 2310 527 2354 liquissent
549 2320 680 2344 caesos
698 2311 735 2342 in
751 2319 888 2353 pugna.
924 2310 1050 2344 c.101.
1076 2311 1154 2342 102.
1184 2311 1261 2345 103-

418 2378 436 2392 *
464 2367 609 2400 Notitia
630 2367 674 2400 de
695 2366 869 2406 Philist03
907 2375 1033 2397 rerum
1051 2364 1259 2397 Sicularum
1280 2362 1477 2407 scriptore.
1501 2380 1544 2386 —-
1580 2357 1786 2403 Sophocles

324 2429 438 2470 atque
458 2425 659 2468 Euripides
680 2426 778 2457 circa
796 2422 865 2455 hoc
885 2426 1032 2466 tempus
1054 2423 1132 2454 vita
1149 2421 1278 2455 functi.
1315 2431 1345 2452 c.
1367 2421 1431 2455 103
1455 2422 1554 2455 extr,

415 2482 511 2518 Αιιη.
536 2483 568 2517 4.
614 2482 760 2514 Bellum
783 2480 1146 2522 Peloponnesiacum
1173 2480 1293 2522 prima
1317 2487 1419 2510 cura.
1463 2476 1561 2508 Dum
1584 2472 1785 2509 Athenien-

324 2551 387 2574 ses
405 2542 594 2574 Cononem
617 2544 655 2572 et
673 2537 880 2571 Philoclem
899 2547 980 2568 cum
1000 2537 1121 2569 classe
1138 2537 1174 2568 in
1196 2536 1486 2577 Hellespontum
1513 2533 1683 2571 mittunt,
1713 2530 1784 2562 La-

326 2597 580 2636 cedaemonii,
618 2606 641 2629 a
670 2594 798 2628 Persis
820 2594 979 2637 pecunia
1005 2593 1212 2633 sublevati,
1249 2593 1409 2625 classem
1429 2591 1644 2623 instaurant
1664 2593 1701 2620 et
1720 2598 1784 2619 au-

328 2659 439 2697 gent,
476 2653 725 2696 Lampsacum
750 2653 901 2695 capiunt
921 2652 1011 2683 etin
1027 2651 1187 2684 Atticam
1207 2650 1452 2683 excursiones
1468 2648 1622 2684 faciunt.
1653 2656 1681 2680 e.
1704 2644 1783 2681 104.

325 2710 457 2754 Pugna
479 2711 623 2743 navalis
642 2710 690 2743 ad
705 2711 830 2752 Aegos
858 2707 995 2742 flumen
1008 2733 1017 2749 ,
1052 2718 1125 2753 qua
1139 2706 1389 2741 Athenienses
1407 2704 1669 2738 succumbunt:
1702 2704 1784 2734 tota

324 2769 456 2802 classis
476 2768 539 2802 vel
557 2777 712 2810 eversa,
733 2766 796 2800 vel
814 2770 936 2810 capta.
977 2764 1275 2810 InsuperAttica
1289 2763 1470 2806 obsessa,
1501 2761 1586 2796 urbi
1600 2768 1784 2794 commea-
