1891 3310
362 165 434 195 DE
468 166 782 196 FONTIBUS
820 165 1299 196 nlsT.DIODOR1.
1490 163 1571 192 (ΗΠ

106 261 255 295 venisse
281 264 472 301 narratur,
497 261 543 306 (c.
571 262 637 295 20.
663 261 745 296 21³
767 261 992 305 interposita
1017 262 1197 294 nonnulla
1224 264 1311 293 sunt
1336 270 1357 293 a
1382 258 1563 296 Diodoro,

104 317 257 351 aliunde
278 323 455 361 accepta,
489 319 608 362 primo
634 319 680 353 de
707 320 801 352 mira
825 317 1007 362 Ligurum
1035 317 1177 351 laboris
1206 319 1408 362 patientia,
1447 316 1562 348 etiam

102 375 141 407 in
167 374 317 408 feminis
345 376 642 419 parturientibus
667 375 845 417 notabili,
869 376 930 419 qui
955 375 1058 408 locus
1078 385 1098 408 e
1121 373 1313 408 Posidonio
1334 375 1474 418 petitus
1492 377 1564 414 est,

102 436 179 465 tum
205 432 252 465 de
285 443 441 465 accessu
470 433 518 465 acl
543 432 714 467 Tiberim
740 436 780 467 et
804 443 912 467 sacro
940 433 990 466 ibi
1016 433 1208 466 instituto:
1243 441 1341 476 quae
1365 431 1402 463 in
1428 429 1562 462 Roma-

101 491 160 522 nis
195 500 343 535 quoque
377 489 623 532 scriptoribus
655 494 867 524 occurrunt.
914 490 973 524 Dr·
1007 488 1233 535 Gigantibus
1272 488 1321 522 ad
1360 486 1562 530 Phlegram

38 564 46 574 α
100 548 360 582 internecione
393 546 531 580 deletis
569 556 651 580 cum
693 547 741 580 ad
775 546 896 589 alios,
934 552 1012 580 tum
1057 548 1105 581 ad
1154 545 1341 580 Timaeum
1382 545 1563 588 provocat

99 606 145 650 (c.
170 605 237 638 21.
261 606 374 643 extr.)
418 605 592 640 Ceterum
620 603 845 648 Dionysium
874 604 1086 650 Milesium,
1114 604 1225 639 modo
1251 603 1316 637 ille
1343 611 1417 635 non
1444 609 1561 644 pravo

100 662 279 696 narrandi
313 661 470 696 consilio
505 661 544 693 in
577 664 835 696 transversum
870 665 999 704 raptus
1035 661 1189 703 fuisset,
1227 657 1560 704 diligentissimum

100 719 312 753 fabularum
341 719 564 762 scriptorem
599 717 738 758 fuisse,
772 724 957 762 agnoscas
989 720 1152 753 maxime
1185 720 1221 751 in
1249 715 1426 751 Herculis
1447 714 1561 747 rebus

100 782 140 811 et
175 778 214 811 in
247 778 549 820 Argonautarum
584 774 837 819 expeditione.
882 775 1090 810 Diodorum
1127 777 1163 808 iu
1190 774 1248 809 his
1275 772 1454 808 nonnulla
1477 771 1558 804 sive

99 834 147 867 de
172 843 241 868 suo
275 833 356 866 sive
393 842 440 870 ex
467 832 552 866 aliis
584 832 859 875 interposuisse
888 843 961 866 non
988 844 1145 878 negem,
1177 836 1219 866 ut
1253 841 1335 864 cum
1361 840 1392 863 c.
1418 828 1482 864 56.
1509 828 1559 862 de

98 889 309 924 fabularum
348 889 395 923 de
430 888 569 923 Medea
599 888 701 922 inter
732 888 937 932 tragoedos
965 892 1152 924 varietate
1188 892 1337 929 monet,
1376 890 1415 921 et
1445 895 1557 931 quam

98 946 197 980 falsa
227 947 304 980 sint
335 946 382 979 de
414 947 717 991 Argonautarum
750 945 876 978 reditu
908 947 1061 980 tradita.
1106 947 1319 980 Secundum
1358 944 1558 988 superiora

99 1005 282 1049 suspicari
301 1005 402 1045 licet,
419 1007 575 1047 propter
590 1003 803 1046 argumenti
822 1003 1054 1038 vicinitatem
1070 1004 1153 1049 [99]
1169 1003 1472 1045 nai-rationisque
1495 1009 1559 1044 ge-

99 1063 220 1104 nium,
246 1072 319 1095 nou
344 1062 466 1095 minus
492 1071 537 1094 ex
565 1060 751 1103 Dionysio
778 1064 948 1094 mutuata
976 1072 1083 1103 esse,
1108 1072 1204 1106 quae
1233 1067 1442 1094 extremam
1469 1056 1556 1089 libri

98 1119 222 1163 quarti
246 1122 391 1163 partem
418 1118 670 1158 constituunt,
704 1116 852 1150 fabulas
878 1119 1069 1152 miscellas
1096 1124 1133 1151 et
1161 1129 1229 1162 per
1252 1122 1418 1151 saturam
1445 1124 1556 1157 appo-

97 1178 210 1211 sitas:
233 1177 279 1209 de
310 1176 465 1221 reliquis
484 1185 530 1208 ex
555 1173 661 1207 Aeoli
686 1174 804 1218 stirpe
831 1178 1046 1219 prognatis‚
1071 1177 1288 1221 (Οἳ-76.)
1314 1174 1360 1207 de
1385 1170 1558 1230 Lapithis

99 1238 137 1267 et
164 1234 362 1267 Centauris
398 1235 446 1277 (c.
476 1232 554 1276 71.)
599 1232 646 1265 de
679 1229 902 1275 Aesculapio
939 1234 985 1274 (c,
1017 1235 1098 1278 72,)
1144 1234 1190 1267 de
1216 1233 1328 1276 Asopi
1372 1235 1411 1264 et
1443 1228 1557 1263 Aeaei

99 1291 217 1335 stirpe
252 1292 297 1334 (c.
329 1292 423 1335 72).
473 1290 562 1324 lude
596 1290 643 1324 de
680 1288 830 1333 Pelopis
855 1291 972 1334 stirpe
1000 1301 1045 1323 xc.
1073 1289 1134 1325 73.
1160 1290 1241 1334 74.)
1274 1289 1320 1323 de
1355 1288 1399 1321 lli
1439 1287 1556 1328 stirpe

101 1356 149 1390 (c.
181 1348 245 1382 75.
295 1349 343 1382 de
378 1348 551 1382 Daedalo
585 1351 624 1380 et
659 1340 878 1380 Minotauro
907 1347 1123 1391 Minoisque
1154 1349 1191 1381 in
1215 1346 1381 1380 Siciliam
1409 1343 1560 1388 expedi-

101 1407 205 1439 tione
235 1405 350 1444 (c.70'
372 1426 414 1432 --
436 1406 514 1449 80.)
538 1405 773 1448 interpositis
798 1407 926 1438 tamen
960 1404 1008 1438 de
1043 1415 1112 1438 suo
1141 1414 1164 1438 a
1198 1404 1390 1444 Diodoro,
1429 1404 1559 1445 utpote
1601 1388 1610 1397 ’

96 1463 258 1506 Agyrio,
283 1461 435 1495 Siciliae
462 1463 575 1504 urbe,
598 1462 781 1503 oriundo,
806 1463 873 1501 ii5‚
897 1472 994 1506 quae
1021 1461 1067 1496 de
1091 1462 1352 1507 Engyinorum
1377 1461 1414 1494 iu
1432 1459 1561 1493 Sicilia

98 1520 253 1554 Drabus
278 1520 461 1553 matribus
487 1520 685 1564 leguntur3
724 1518 810 1552 hinc
843 1519 890 1552 de
916 1520 1089 1552 Aristaeo
1118 1519 1165 1562 (c.
1191 1519 1255 1553 81.
1282 1519 1363 1559 82.)
1417 1520 1455 1550 et
1479 1522 1558 1550 tau-

98 1577 183 1610 dem
221 1579 266 1619 (c.
294 1575 374 1622 83.)
402 1577 449 1610 de
476 1578 600 1621 Eryce
628 1581 668 1611 et
692 1575 910 1620 Daphnide:
946 1577 983 1608 in
1007 1577 1140 1621 quibus
1165 1576 1212 1611 (le
1239 1575 1402 1610 Veneris
1430 1573 1560 1617 Eryci-

100 1645 172 1669 nae
198 1634 338 1679 templo
372 1635 552 1669 nonnulla
585 1635 735 1669 adiecta
766 1639 854 1668 sunt
882 1633 929 1667 ab
960 1635 1042 1677 ipso
1068 1634 1258 1669 Diodoro:
1292 1636 1331 1666 et
1361 1642 1392 1668 c.
1422 1631 1487 1666 85,
1513 1630 1560 1664 de

96 1693 249 1726 Orione.

190 1748 299 1790 Quod
325 1749 356 1781 si
385 1748 479 1782 haee
505 1759 528 1782 a
561 1759 621 1783 me
647 1751 783 1793 partim
810 1759 855 1783 ex
893 1748 970 1782 fido
1003 1749 1130 1793 aliqua
1163 1747 1387 1790 scriptorum
1420 1747 1557 1790 partim

98 1818 180 1842 cum
207 1808 395 1852 opinionis
421 1806 687 1850 probabilitate
722 1811 825 1841 recte
854 1807 955 1841 (licta
979 1810 1087 1839 sunt&
1123 1805 1254 1838 licebit
1281 1805 1316 1837 iu
1340 1808 1447 1838 tanta
1476 1814 1558 1836 nar-

97 1867 286 1899 rationum
323 1864 510 1897 varietate
546 1862 700 1898 fundum
735 1866 899 1910 aliquem
937 1864 1042 1909 quasi
1069 1863 1289 1896 substruere
1318 1860 1482 1905 mythis,
1517 1864 1559 1893 ut

99 1934 170 1964 ea,
198 1932 294 1967 quae
322 1921 479 1955 Diodori
507 1923 715 1955 narrationi
742 1927 998 1956 consentanea
1023 1922 1122 1961 sint,
1154 1920 1203 1953 ad
1228 1929 1340 1952 unum
1367 1923 1560 1951 auctorem

97 1979 323 2023 Dionysium
372 1978 564 2012 Milesium
613 1980 908 2026 cyclographum
955 1978 1191 2019 referantur3
1238 1979 1560 2020 secernanturque

97 2037 194 2070 adeo
218 2036 264 2070 ab
293 2036 400 2075 aliis,
426 2046 523 2080 quae
549 2041 587 2069 et
613 2037 716 2080 ipsa,
742 2037 856 2070 simili
888 2037 1084 2080 exemplo,
1112 2035 1159 2069 ad
1185 2036 1279 2068 alios
1306 2037 1479 2066 auctores
1504 2042 1560 2064 re-

99 2095 192 2129 ferri
225 2099 414 2139 poterunt.
463 2093 518 2126 lta
553 2093 704 2127 tandem
733 2104 779 2126 eo
807 2095 996 2138 perveniri
1023 2094 1182 2139 poterit,
1216 2097 1256 2125 ut
1282 2094 1316 2128 in
1345 2090 1559 2135 mythorum

98 2153 335 2196 expositione
366 2161 433 2190 ea,
467 2160 564 2194 quae
597 2155 730 2186 vetere
761 2150 863 2184 fama
887 2156 1045 2196 acoepta
1070 2156 1194 2193 erant,
1234 2160 1257 2183 a
1279 2154 1474 2194 poetarum
1505 2158 1561 2180 or-

99 2209 287 2242 namentis
310 2213 386 2240 tum
412 2217 434 2240 a
457 2207 816 2252 mytliographorum
842 2210 1066 2243 cmnmeutis
1091 2209 1313 2242 liberentur.
1346 2208 1452 2247 Quae
1473 2217 1564 2239 vero

101 2266 277 2308 Dionysii
320 2266 534 2306 auctoritas
562 2257 737 2299 habenda
773 2267 844 2307 sit,
878 2276 993 2310 supra
1026 2276 1108 2299 cum
1146 2266 1193 2298 (le
1220 2266 1301 2298 eius
1330 2264 1487 2297 oonsilio
1514 2264 1564 2295 iu-

100 2322 313 2366 terpolandi
339 2322 484 2355 fabulas
509 2332 688 2366 agerem,
712 2325 925 2367 expositum
957 2329 1037 2366 est3
1063 2323 1396 2366 subscribenti-que
1422 2320 1518 2353 adeo
1544 2330 1566 2352 a

101 2381 193 2413 viris
217 2378 349 2413 harum
377 2389 502 2412 rerum
527 2380 829 2425 intelligentibus
854 2381 994 2415 iudicio
1023 2390 1130 2421 meo,
1166 2381 1376 2415 fabularum
1405 2377 1567 2410 Graeca„

101 2447 184 2471 rum
213 2446 282 2469 nec
306 2437 544 2470 narrationes
570 2447 639 2471 nec
663 2439 833 2471 rationes
858 2449 880 2472 a
905 2438 1076 2472 Diodoro
1104 2442 1206 2471 recu—
1232 2438 1306 2481 peti
1331 2445 1453 2479 posse.

195 2493 233 2527 ln
261 2501 404 2531 QUlN'rO
431 2501 545 2526 mano
571 2493 618 2526 de
647 2492 781 2527 Iusulis
803 2495 984 2538 inscripto
1010 2492 1229 2537 (Νησιωτικὴ
1259 2505 1289 2526 o.
1316 2493 1368 2534 2.)
1396 2492 1568 2524 diversos

104 2555 280 2585 auctores
300 2554 482 2594 sequutus
505 2555 583 2591 est3
608 2556 647 2584 et
670 2551 819 2596 quidem
843 2553 962 2595 primo
983 2552 1068 2596 loco
1080 2550 1231 2597 fabulas
1244 2549 1385 2584 Siculas
1397 2551 1470 2594 (oi
1492 2548 1568 2590 -O.)

105 2608 260 2651 exponit
291 2606 502 2650 Diodorus,
536 2607 624 2642 inde
659 2607 701 2641 do
732 2606 860 2642 insulis
892 2606 1046 2650 Aeoliis,
1082 2613 1120 2642 et
1158 2609 1294 2642 ceteris
1326 2605 1438 2640 maris
1464 2605 1569 2639 medi<

108 2700 124 2719 a
153 2700 294 2719 uvnune
319 2687 444 2719 saetam
471 2686 642 2726 memini,
677 2693 919 2729 praeterquam
952 2687 994 2718 ab
1035 2687 1213 2719 Athenaeo
1239 2685 1280 2726 X,
1308 2697 1341 2727 p.
1366 2686 1445 2719 412.
1468 2684 1505 2715 Β·
1538 2692 1571 2715 et

109 2735 206 2764 ilem
238 2732 334 2765 aiiutl
367 2732 526 2764 Herculis
560 2732 773 2764 Encomiuiu
808 2731 926 2765 laudat
965 2732 1118 2766 Caucali
1151 2732 1253 2773 Chii,
1295 2731 1469 2771 rhetoris,
1511 2732 1572 2772 qui

113 2781 216 2811 [azer
241 2779 469 2822 Theopompi
496 2778 652 2811 nium-ici
678 2779 752 2812 suit.
