1891 3310
284 185 350 225 1N
380 180 726 225 EXCERPTA
754 181 835 222 DE
870 181 1040 222 viar.
1077 183 1158 223 ET
1193 185 1312 226 vir.
1435 191 1529 231 470

78 302 247 350 leagrum
275 300 443 351 legatum
475 295 635 335 Romam
665 298 792 345 misit,
835 299 901 346 qui
925 295 1087 335 Senatui
1109 298 1270 336 referret
1285 300 1428 338 bellum
1453 303 1531 339 sibi

77 364 228 406 praeter
253 356 313 393 fas
344 370 366 393 a
394 357 616 393 Ptolemaeo
646 355 804 401 inferri,
836 361 882 391 ut
908 361 967 391 est
989 356 1030 391 in
1052 356 1244 405 legatione
1270 358 1342 397 71.
1373 357 1530 408 Polybii

77 420 115 450 et
137 415 208 452 72.
268 412 428 449 Interim
458 414 539 460 ipse
558 412 735 448 celeriter
754 413 963 447 contractis
983 413 1126 459 copiis,
1156 424 1242 448 cum
1264 412 1377 450 (luces
1400 414 1531 451 Ptole—

76 473 175 506 maei
195 471 365 520 segniter
384 475 544 519 agerent
564 474 601 504 et
622 468 662 503 in
685 465 840 516 Syriam
860 469 1070 515 irrumpere
1093 475 1368 506 cunctarentur
1382 497 1392 515 ,
1425 472 1530 507 ultro

77 527 126 564 iis
155 526 307 563 obviam
335 527 544 574 processit,
585 524 864 571 commissoque
887 525 1034 571 proelio
1056 526 1156 562 inter
1184 534 1352 562 montem
1375 525 1530 564 Casium

77 596 121 619 ac
141 582 337 619 Pelusium
358 595 421 619 eos
440 580 673 631 profligavit.
718 578 886 629 Cumque
908 580 1184 631 Aegyptiorum
1204 583 1333 629 copias
1357 584 1530 619 interne-

77 641 187 675 cione
217 639 343 675 delere
374 644 524 686 posset,
568 648 664 684 equo
687 637 966 674 circumvectus
999 637 1123 674 occidi
1154 651 1218 674 eos
1238 641 1384 685 vetuit,
1414 641 1528 676 vivos

76 695 341 732 tantummodo
371 695 456 743 capi
483 695 609 731 iussit.
668 691 802 740 Itaque
823 693 869 730 ob
890 693 988 730 hanc
1008 692 1282 731 humanitatem
1302 708 1392 731 mox
1413 694 1529 732 Pelu-

77 754 157 798 sio,
196 764 240 788 ac
268 751 376 788 brevi
398 751 582 787 universa
602 748 779 799 Aegypto
801 756 858 785 est
878 753 1045 798 potitus,
1082 756 1127 786 ut
1146 758 1279 788 narrat
1298 750 1359 787 hic
1382 750 1530 788 Diodo-

74 821 152 844 ruS.
193 806 264 844 Cui
283 809 474 844 consentit
495 805 759 855 Hieronymus
781 807 820 841 in
842 805 1003 852 cap.Xl.
1023 804 1217 853 Danielis,
1243 820 1291 844 ex
1311 806 1529 857 Porphyrio

77 871 116 900 et
136 862 321 900 Callinico
342 863 500 899 Sutorio
531 861 625 899 haec
651 863 844 898 referens:
879 862 935 898 Et
966 869 1159 913 cumpost
1174 871 1339 901 mortem
1362 865 1530 915 Cleopa-

77 927 167 957 trae
187 919 358 956 Eului'us
384 918 585 956 eunuchus
611 919 808 956 nutricius
829 917 1108 956 Philometor-is
1131 927 1172 956 et
1194 920 1382 959 Lenaeus.
1398 922 1530 971 Aegy-

67 983 182 1028 ptum
199 983 407 1026 regerent,
440 982 482 1012 et
509 981 738 1026 repeterent
761 974 945 1024 Syricwn,
982 989 1098 1026 quam
1129 976 1347 1014 Antiochus
1365 978 1528 1024 fraude

75 1038 365 1083 occupaverffizt
394 1039 524 1069 ortum
545 1039 606 1069 est
621 1034 728 1069 inter
748 1032 985 1079 avunculum
1016 1038 1174 1082 etpue7
1178 1047 1239 1069 77777
1259 1034 1529 1071 Ptolemaeum

64 1102 122 1141 pr
126 1091 278 1127 oelium.
342 1088 509 1139 Cumque
538 1091 642 1126 iuter
670 1076 870 1126 Pelusium
895 1094 936 1125 et
958 1095 1126 1126 montem
1155 1089 1311 1126 Casium
1331 1092 1528 1141 proelium

75 1148 378 1193 commisissent,
406 1147 508 1183 victi
521 1152 615 1183 sunt
637 1146 756 1183 duces
776 1144 1009 1182 Ptolemaei.
1071 1144 1175 1182 Haec
1205 1147 1334 1197 pugna
1365 1150 1496 1197 conti‹
1501 1150 1530 1183 it

73 1202 221 1240 Marcio
251 1202 427 1252 Philippo
446 1212 489 1239 n.
522 1209 560 1238 et
588 1201 759 1239 Servilio
790 1200 980 1249 Caepione
1012 1199 1118 1239 Coss.
1140 1202 1398 1253 Olymp.CL11.
1425 1216 1527 1240 anno

75 1260 116 1298 3.
141 1266 184 1296 ut
212 1265 318 1308 patet
346 1272 395 1295 ex
424 1260 521 1295 serie
550 1260 631 1307 ipsa
660 1260 894 1295 narrationis
914 1257 1078 1296 Diodori
1097 1262 1220 1296 nostri
1240 1267 1277 1296 et
1296 1262 1461 1296 maxime
1480 1272 1529 1296 ex

74 1329 155 1366 cap.
181 1318 219 1356 S.
254 1316 491 1366 legationum
518 1315 684 1364 Polybii.
743 1313 890 1352 Bellum
911 1317 1033 1363 ipsum
1052 1317 1223 1364 coepisse
1245 1316 1400 1353 videtur
1421 1317 1529 1353 bien-

71 1375 138 1409 nio
157 1378 268 1419 ante,
297 1373 499 1408 consulatu
519 1370 664 1409 Licinii
689 1369 818 1408 Crassi
841 1377 878 1408 et
902 1369 1026 1409 Cassii
1045 1372 1234 1423 Longini,
1264 1381 1306 1410 ut
1328 1373 1438 1410 docet
1460 1372 1530 1410 Li-

46 1475 49 1477 ,
71 1431 158 1467 vius
180 1429 279 1465 libro
293 1427 415 1465 XLII.
434 1429 508 1467 29.
565 1429 716 1465 VALES.

187 1485 291 1524 579.
313 1486 386 1524 37.
409 1481 584 1523 Ἀκονιτὶ
607 1485 909 1536 παραχωρῆσαι
929 1481 1167 1534 βασιλείας]
1201 1483 1439 1522 Philometor
1460 1499 1530 1522 au-

74 1541 156 1577 dita
180 1554 336 1578 suorum
358 1541 486 1589 clade,
519 1554 563 1577 ac
584 1541 781 1577 deditione
801 1540 945 1577 Pelusii
963 1542 1199 1590 aliarumque
1220 1543 1393 1588 urbium,
1424 1549 1530 1579 metu

71 1598 271 1646 perculsus
300 1611 344 1634 ac
361 1598 525 1635 fortasse
546 1599 663 1634 etiam
684 1597 939 1634 Alexandrini
961 1599 1089 1646 populi
1111 1598 1298 1635 seditione
1319 1599 1530 1648 impetitus,

70 1655 173 1705 fugit
188 1653 437 1691 Alexandria.
481 1652 651 1704 Cumque
673 1655 714 1691 in
736 1666 872 1691 manus
893 1653 1074 1690 Antiochi
1092 1657 1282 1703 venisset,
1315 1654 1530 1692 Antiochus

71 1723 189 1761 puero
213 1712 382 1759 pepercit
402 1717 440 1748 et
459 1712 666 1748 amicitiam
687 1724 771 1747 cum
793 1723 836 1746 eo
860 1709 1053 1756 firmavit,
1094 1723 1296 1759 curamque
1317 1714 1423 1749 illius
1445 1724 1531 1748 sus-

73 1769 201 1815 cipere
230 1780 269 1803 se
304 1768 521 1814 simulavit,
569 1767 884 1815 quemadmodum
915 1766 1062 1802 indicat
1093 1765 1378 1816 Hieronymus,
1419 1769 1529 1804 cuius

71 1822 167 1860 haec
185 1823 302 1860 verba
324 1830 414 1859 sunt
452 1823 531 1859 illis
561 1835 656 1871 quae
686 1835 800 1870 supra
829 1824 943 1859 attuli
982 1835 1176 1860 convexa:
1224 1823 1353 1860 Porro
1386 1824 1529 1860 Antio-

74 1879 170 1916 chus
190 1892 369 1930 parcens
396 1891 526 1930 puero
555 1886 597 1916 et
621 1880 825 1916 amicitias
849 1878 1062 1925 simulans,
1105 1882 1289 1918 ascendit
1305 1880 1530 1932 lilempltim,

75 1943 116 1973 et
131 1936 186 1972 ibi
203 1949 253 1973 ex
272 1949 379 1972 more
400 1935 576 1986 Aegypti
591 1950 613 1972 7·
617 1949 755 1986 egnum
772 1937 994 1986 accipiens,
1014 1947 1122 1986 puer
1127 1938 1216 1986 ique
1240 1936 1356 1974 rebus
1375 1950 1415 1974 se
1427 1949 1530 1988 pro-

72 1994 210 2030 videm
239 1993 394 2038 dicens,
433 2006 519 2030 cum
547 1994 697 2030 modico
715 1993 866 2044 populo
891 2004 1038 2028 omnem
1059 1990 1158 2029 Aem
1117 2000 1280 2043 gyptum
1300 1994 1532 2043 subiugavit

72 2049 160 2086 sibi
219 2048 344 2099 igitur
373 2061 458 2085 cum
488 2048 700 2086 Antiochus
719 2048 941 2097 Epiphanes
970 2061 1088 2097 puero
1109 2050 1283 2086 diadema
1309 2051 1529 2096 ademisset,

71 2112 189 2154 atque
221 2107 301 2154 ipse
325 2104 495 2156 Aegypti
527 2118 691 2157 regnum
721 2107 954 2154 accepisset,
991 2105 1246 2143 Alexandrini
1270 2107 1528 2143 Ptolemaeum

70 2164 285 2208 iuniorem,
313 2164 378 2209 qui
402 2162 613 2213 Euergetes
635 2168 674 2198 et
696 2161 876 2212 Physcon
898 2161 1026 2198 dictus
1047 2168 1127 2209 est,
1156 2163 1315 2200 fratrem
1335 2162 1529 2199 Philome-

71 2220 190 2264 toris,
221 2231 351 2269 regem
368 2222 663 2266 renunciarunt,
691 2232 735 2255 ac
757 2226 910 2255 strenue
932 2217 1122 2255 Antiocho
1148 2220 1391 2256 restiterunt.
1449 2218 1530 2256 Sed

71 2274 290 2316 Antiochus
309 2276 424 2311 victis
447 2277 577 2314 navali
596 2276 743 2324 proelio
764 2275 812 2312 ad
826 2274 1021 2311 Pelusium
1032 2275 1331 2322 Alexandrinis,
1354 2282 1392 2312 et
1413 2282 1530 2323 ponte

71 2342 140 2379 per
160 2330 291 2367 Nilum
311 2331 413 2368 facto
445 2338 710 2382 transgressus
742 2344 828 2368 cum
859 2333 1003 2378 copiis,
1044 2331 1321 2369 Alexandriam
1354 2332 1529 2369 obsidere

71 2389 256 2433 instituit,
286 2388 471 2424 simulans
491 2401 529 2425 se
549 2388 769 2425 Ptolemaeo
790 2389 926 2424 maiori
947 2400 1108 2438 regnum
1130 2401 1367 2436 recuperare.
1416 2387 1529 2424 Hanc

71 2442 276 2480 historiam
306 2443 471 2488 (caetera
492 2447 593 2481 enim
616 2446 711 2481 satis
733 2446 807 2482 iam
829 2457 877 2481 ex
899 2442 947 2482 T.
972 2444 1084 2482 Livio
1104 2452 1196 2481 nota
1218 2442 1326 2496 sunt)
1357 2447 1412 2482 ita
1435 2457 1530 2481 con-

73 2502 252 2547 cinnavi,
289 2502 429 2549 partim
457 2513 504 2536 ex
535 2503 778 2548 coniectura,
817 2502 954 2548 partim
977 2513 1023 2536 ex
1054 2504 1279 2539 auctoritate
1300 2503 1527 2551 optimorum

72 2563 293 2603 auctorum,
329 2554 370 2593 in
403 2569 477 2605 qua
507 2559 571 2606 qui
595 2564 683 2594 ante
712 2570 782 2594 nos
802 2559 1013 2606 scripsere,
1054 2560 1193 2595 mirum
1216 2565 1275 2594 est
1294 2564 1528 2606 quantopere

71 2611 378 2660 hallucinentur3
424 2626 495 2649 nec-
523 2616 757 2650 recentiorcs
785 2620 952 2660 tantum,
991 2613 1057 2650 sed
1092 2621 1130 2651 et
1150 2614 1325 2652 Zonaras
1356 2621 1458 2651 tomo
1482 2612 1531 2650 ll.

70 2682 106 2719 p.
125 2671 225 2709 110.
245 2668 371 2720 (348.
401 2669 459 2706 ed.
483 2667 681 2722 Venetae.)
738 2669 886 2706 VALES.

188 2727 291 2766 580.
325 2727 399 2765 46.
438 2726 512 2771 Εἷς
543 2723 617 2765 τὸν
648 2722 873 2776 σπάδωιά]
918 2724 1105 2763 Eulaeum
1130 2727 1333 2778 intelligo,
1373 2727 1438 2775 qui
1460 2738 1530 2762 au-

73 2787 157 2818 ctor
175 2780 332 2819 huiusce
355 2783 446 2820 belli
464 2783 554 2829 fuit,
586 2789 629 2819 ut
649 2795 697 2820 ex
710 2782 950 2833 Hieronymo
972 2795 1086 2832 supra
1104 2784 1252 2821 notavi.
1303 2783 1412 2826 Quod
1436 2795 1529 2818 con-

72 2838 199 2874 firmat
231 2838 413 2888 Polybius
444 2853 475 2876 c.
501 2841 572 2878 82.
602 2839 874 2889 Legationum:
927 2835 1017 2889 Τὴν
1055 2837 1132 2889 μὲν
1170 2837 1247 2892 γὰρ
1279 2838 1415 2878 αἰτίαν
1447 2839 1530 2878 τῶν
