1891 3310
376 184 441 226 IN
471 183 585 224 LIB.
612 181 744 223 XIX.
773 180 902 222 CAP.
926 183 1085 226 8407-
1109 184 1184 224 87.
1432 187 1525 229 317

70 306 261 349 quaerunt
287 298 431 346 nodos,
458 298 525 336 ubi
554 299 652 336 nulli
669 297 776 337 sun't.
824 294 1045 335 Audiamus·
1061 293 1266 336 Rzibanuni
1284 296 1463 335 Maurum
1484 298 1529 336 L.

71 357 120 394 11.
142 359 182 393 in
215 356 289 395 los.
314 369 351 406 p.
377 357 481 395 728.
521 354 633 392 Tom.
653 353 726 391 IX.
757 354 883 402 Ampl.
907 352 1065 393 Collect.
1093 353 1152 390 ed.
1187 353 1383 401 Martene,
1410 361 1531 393 vocat

71 420 205 451 autem
227 434 275 441 ›—
299 413 422 450 etiam
444 423 531 458 eos,
558 413 628 462 qui
646 414 760 449 circa
782 410 967 449 Sidonem
979 420 1171 461 *magnam
1192 417 1310 455 377777.Δ
1334 410 1421 460 Ego
1441 413 1530 462 qui-

72 471 160 508 dem
187 483 274 507 cum
297 470 336 506 in
367 469 467 506 locis
495 467 656 506 Sidonis
683 469 923 519 aliquotiens
953 468 1182 506 demoratus
1208 469 1299 515 sim,
1327 481 1530 518 nunquam

71 528 255 577 comperi,
301 526 402 563 duas
443 537 527 562 esse
564 524 760 571 sidonas,
796 538 914 566 unam
942 537 1150 574 magnam,
1186 525 1310 560 aliam
1338 525 1530 575 parvam,

70 589 261 634 quantum
279 583 334 619 ad
351 583 743 632 terrenumpertinet
758 581 898 620 locum.
929 579 1032 618 Tum
1049 594 1131 618 rem
1150 586 1194 617 ut
1216 580 1409 630 expediat,
1435 582 1531 617 alle-

73 640 196 690 goriis
220 645 258 675 et
276 638 454 688 mysticis
478 637 803 686 (lisputationibus
822 637 1094 686 absurdissime
1114 637 1307 683 abutitur,
1324 648 1424 685 ,quas
1444 644 1531 674 tan-

71 708 162 746 gere
183 695 286 731 nolo.
326 693 422 730 Vide
441 707 535 731 vero
556 694 648 742 quid
668 693 819 731 Rabani
850 707 898 731 ex
925 694 1056 731 verbis
1085 694 1266 732 conficiat
1286 693 1530 741 doctissimus

71 751 165 788 libri
186 751 311 787 editor
329 750 422 787 ibid.
443 764 478 800 p.
501 753 606 791 668.
638 749 755 788 Inter
773 752 858 788 alia
874 751 1122 800 praeclara,
1146 752 1295 799 inquit,
1322 751 1532 802 qnaeplzcj-

64 822 95 846 <1
98 820 177 845 777777
208 806 300 844 huic
325 807 440 858 operi
464 808 677 859 inspersit,
703 809 831 845 disces
851 803 1041 860 (Lector)
1070 808 1416 854 commorationem
1447 809 1532 854 eius

71 864 300 902 nonnullam
320 865 360 900 in
393 862 573 902 Orientis
590 876 677 914 pm·
681 864 804 911 tibus,
836 864 949 901 cuius
977 877 1051 901 nec
1080 863 1303 910 Rudolfus,
1333 876 1405 900 nec
1439 851 1533 900 'Ini-

66 920 241 961 ,themius
257 920 481 963 meminere.
528 919 599 956 Sic
620 921 721 956 enim
740 919 860 956 habet
878 921 917 956 in
945 919 1017 957 illm
1039 919 1163 957 verba
1193 921 1340 971 capitis
1364 919 1448 959 XI.
1462 923 1531 969 8,

71 987 192 1024 usque
215 975 262 1013 ad
283 974 468 1012 Sidonem
488 988 539 1012 m
529 989 680 1026 hig-nam
708 975 793 1027 Ego
814 976 968 1024 quidem
986 989 1072 1013 cum
1099 977 1142 1012 in
1168 976 1265 1012 locis
1286 972 1531 1019 Sidonisctc.

72 1031 203 1083 Atque
231 1031 332 1069 haec
356 1032 520 1070 Rabam·
533 1046 614 1084 per
618 1034 818 1087 egr-insitio
841 1031 959 1085 refe?
961 1034 1062 1071 enda
1091 1033 1252 1070 videtur
1281 1035 1320 1070 7”77
1340 1020 1533 1070 iuveniles

73 1090 159 1127 eius
192 1101 340 1137 annos,
368 1103 455 1127 eum
484 1091 649 1126 necdum
684 1096 789 1127 esset
813 1082 970 1126 Fuldae
997 1091 1214 1138 magister,
1237 1085 1318 1135 for
1322 1089 1428 1126 tasse
1458 1102 1533 1126 nec

71 1144 308 1194 monachus,
336 1147 476 1183 nedum
505 1146 628 1183 abbas
658 1145 888 1192 liddensis,
917 1151 993 1183 (cut
1016 1143 1341 1197 archiepiscopus
1362 1146 1533 1195 111037777-

64 1203 191 1243 ,ῖίηα8.
221 1202 430 1250 Ecquando
453 1215 565 1254 ergo,
593 1203 710 1240 liceat
730 1202 825 1240 mihi
843 1200 1009 1253 rogare‘z
1047 1201 1195 1252 Operae
1215 1205 1361 1251 utique
1357 1203 1533 1252 pretium

70 1259 212 1297 fuisset
230 1265 530 1306 conmonstrare,
550 1257 739 1296 Ludovici
757 1251 842 1305 Pii,
871 1231 1048 1296 [ὃοὼῑιϊίἰ
1066 1265 1104 1297 et
1124 1256 1254 1295 Caroli
1274 1254 1385 1296 Calvi
1404 1262 1533 1296 aetate

72 1313 231 1366 Syliam
250 1322 288 1352 et
311 1314 569 1352 Palaestinam
588 1314 893 1354 Christianorum
913 1328 963 1352 ex
982 1314 1136 1364 Europa
1155 1303 1535 1366 peregrinationibus

69 1371 169 1423 *adeo
186 1373 306 1409 fuisse
326 1372 604 1422 frequentatam,
625 1379 672 1410 ut
692 1371 873 1409 Rabanus
896 1370 1043 1414 Sidone
1062 1369 1278 1422 aliquoties
1305 1372 1538 1409 conmomri

72 1429 157 1465 sine
189 1427 421 1466 inconmodo
451 1431 631 1477 quiverit.
682 1428 760 1465 Sed
799 1427 892 1477 quid
932 1423 1162 1466 circuitione
1203 1435 1295 1466 utor
1334 1435 1373 1465 et
1403 1429 1534 1466 virum

74 1484 229 1522 doctum
260 1485 309 1522 ad
328 1486 476 1522 incitas
493 1483 638 1536 urgeo?
679 1480 887 1533 Nunquam
916 1484 962 1527 de
988 1497 1054 1528 se
1047 1483 1272 1534 Rabanus,
1301 1487 1377 1523 etsi
1400 1498 1469 1522 suo
1489 1483 1534 1522 in

66 1541 197 1594 libro,
226 1542 421 1607 professus
449 1548 507 1578 est
528 1555 583 1580 ea.
624 1541 806 1579 Codicem
826 1543 946 1580 enim.
957 1554 1008 1579 ex
1032 1548 1195 1579 sanctor
1198 1555 1260 1579 77777
1277 1548 1444 1593 patrum
1473 1543 1536 1579 di-

71 1600 171 1644 ctis,
200 1599 239 1635 in
269 1597 479 1635 histor-iam
503 1597 598 1637 Iesu
621 1597 734 1636 Nave
763 1611 880 1636 sensu
908 1590 1015 1648 alleg
993 1600 1127 1636 “mico
1138 1599 1343 1651 prolatis,
1371 1600 1431 1635 uti
1450 1599 1533 1646 ipse

71 1654 120 1692 ad
138 1653 170 1691 F
171 1654 400 1704 ridericum
429 1662 586 1692 nostrae
607 1656 713 1692 urbis
731 1657 822 1692 olim
841 1656 1071 1704 praesulem,
1096 1656 1335 1704 perscripsit,
1361 1653 1535 1700 studiose

73 1712 242 1761 collegit,
270 1717 308 1748 et
331 1724 374 1748 ea
398 1711 555 1760 quidem
573 1713 778 1763 religione,
803 1718 848 1748 ut
869 1724 948 1748 una
967 1725 1053 1748 cum
1071 1713 1303 1763 pulvisculo,
1331 1710 1434 1762 quod
1456 1709 1535 1747 dici

72 1769 193 1815 solet,
225 1780 274 1803 ex
297 1766 478 1818 Origenis
506 1770 548 1804 in
569 1768 719 1805 losuam
740 1767 923 1805 Homiliis
951 1766 1134 1805 aRufino
1164 1768 1303 1806 Latina
1335 1773 1443 1805 veste
1472 1768 1537 1804 in-

75 1823 204 1871 (lutis,
230 1824 419 1861 abraserit
446 1825 587 1863 omnia.
639 1823 838 1862 Contende
867 1829 1072 1874 utrumque
1101 1836 1221 1890 opus,
1249 1830 1288 1861 et
1319 1822 1422 1861 nihil
1441 1823 1535 1862 olim

74 1893 124 1917 ex
141 1880 291 1928 tripode
309 1882 440 1918 verius
461 1882 753 1930 pronuntiatum
771 1883 951 1930 reperies.
991 1882 1125 1933 Quin'
1116 1894 1199 1930 ipsa
1219 1882 1301 1928 illa,
1321 1876 1420 1929 quae
1436 1882 1537 1918 scri-

73 1936 181 1974 benti
199 1950 331 1974 ansam
348 1938 618 1986 praebuerunt,
639 1938 760 1976 verba
776 1936 921 1974 Homil.
939 1935 1072 1975 Rufini
1084 1936 1195 1976 XlV.
1215 1939 1258 1974 in
1276 1937 1352 1976 Ios.
1374 1949 1410 1986 p
1424 1938 1535 1977 430·

74 1994 134 2031 ed.
152 1994 277 2031 Paris.
300 1995 483 2044 leguntur
503 1997 642 2031 omnia.
671 1994 716 2031 Id
736 2007 830 2032 vero
852 1992 1053 2046 Theologo
1073 1995 1234 2031 latuisse
1255 1999 1293 2031 et
1313 1989 1537 2031 Benedieti‘-

72 2061 126 2088 no
148 2064 167 2087 e
188 2047 229 2086 S.
254 2049 380 2087 Mauri
399 2051 588 2088 societate
608 2051 773 2088 mirarer
792 2048 988 2100 profecto,
1017 2052 1061 2088 ni
1079 2057 1229 2088 vastam
1250 2049 1536 2088 considerarem

71 2112 430 2155 monumentorum,
457 2106 630 2157 undique
648 2107 780 2145 labore
810 2106 1031 2145 incredibili
1052 2106 1351 2154 conductorum,
1381 2108 1536 2154 molem,

71 2174 169 2212 quae
190 2164 357 2214 singulis
387 2165 638 2203 attentiorem
659 2166 780 2204 animi
799 2176 931 2202 curam
953 2163 1125 2216 negavit.
1161 2161 1292 2201 Redeo
1315 2163 1365 2201 ad
1384 2161 1537 2201 Diodo-

67 2232 166 2259 rum.
195 2219 331 2257 WEss.

188 2277 294 2317 385.
320 2278 395 2316 29.
421 2273 693 2332 Ἐλοιδόρησε
714 2276 950 2333 φορτικῶς]
981 2276 1224 2316 Sententiam
1241 2287 1323 2315 non
1344 2276 1444 2315 male
1461 2288 1536 2315 ex-

73 2335 215 2382 pressit
233 2333 427 2383 Interpres
445 2337 698 2384 gravissimis
721 2331 910 2373 convii-iis
930 2337 1107 2382 incessit,
1128 2335 1210 2375 ,etsi
1230 2334 1402 2371 odiosum
1423 2334 1535 2384 quid-

77 2389 162 2426 dam
187 2395 298 2437 atque
319 2391 489 2428 insolens
510 2392 686 2443 designet
704 2393 934 2430 vocabulum
952 2391 1069 2428 istud.
1107 2390 1278 2429 Non-me
1300 2391 1453 2440 quidem
1471 2392 1536 2428 fu-

74 2448 133 2497 git
151 2445 203 2484 M.
221 2446 309 2482 Ant.
331 2445 472 2484 Mureti
491 2447 744 2487 inAristotel.
764 2448 892 2486 Ethic.
914 2448 955 2485 L
977 2448 1006 2485 I.
1023 2447 1063 2487 5.
1085 2450 1257 2495 asperior
1275 2447 1535 2485 contraLam-

74 2503 206 2539 binum
227 2502 450 2550 disputatio,
478 2511 519 2540 at
540 2518 562 2541 7
566 2506 752 2543 idiculum
771 2511 810 2542 et
828 2505 1028 2543 sordidum
1047 2510 1091 2541 ut
1110 2504 1249 2552 ubique
1269 2506 1327 2543 τῶ
1348 2504 1533 2558 ‹poc-candi

74 2559 300 2608 probissime
321 2567 566 2609 congrueret,
599 2572 794 2609 nunquam
813 2560 962 2598 efficere
992 2561 1131 2611 potuit.
1160 2560 1211 2598 W
1215 2571 1298 2600 Ess,

189 2616 294 2656 386.
325 2616 407 2654 537Ἶ
442 2613 530 2663 Τὰς
548 2615 624 2666 μὲν
647 2619 750 2663 ταῦς
774 2637 822 2644 ——
847 2614 1059 2668 ἀπέδωκε]
1098 2617 1188 2654 Non
1211 2616 1409 2665 proscribo
1437 2611 1536 2654 ἀπέ-

77 2669 194 2718 δωκε,
220 2685 292 2709 nec
312 2685 484 2709 caussam
505 2673 633 2721 video,
658 2687 727 2711 cur
744 2670 919 2713 ἀπέδοτο
934 2675 1097 2711 aliarum
1115 2673 1343 2710 schedarum
1360 2673 1536 2710 damnari

76 2727 224 2764 debeat.
266 2729 400 2766 Potuit
420 2728 679 2779 Telesphorus
701 2736 857 2778 accepto
877 2732 1000 2779 pretio
1022 2741 1140 2768 naves
1160 2729 1334 2767 hostibus
1352 2728 1535 2775 vendere,

74 2786 199 2832 potuit
233 2785 385 2822 easdem
418 2786 606 2838 Antigoni
635 2784 1043 2837 praefectisireddere.
1089 2785 1242 2825 Tacent
1271 2791 1534 2836 monumenta,

74 2840 349 2892 arbitriumque
368 2844 528 2895 eligenti
548 2844 785 2895 relinquunt.
810 2842 950 2883 WESS.
