1859 3326
305 201 468 235 CLXXII
607 199 893 232 OECONOMIA
930 199 1210 230 HISTORIAE
1247 199 1474 240 DIODORI.

304 303 368 334 tra
390 296 675 332 Atheniensium
702 297 835 330 classis
862 295 1034 330 adoritur
1053 295 1273 330 Laconiam.
1319 296 1363 329 In
1379 295 1509 331 Sicilia
1531 298 1657 332 autem
1678 297 1771 331 belli

307 357 421 391 sedes
445 355 653 389 communis
680 358 719 387 et
740 355 797 387 vis
819 353 995 386 maxima.
1029 362 1060 390 c.
1080 355 1114 388 9.
1159 353 1302 388 Iterato
1332 354 1577 397 proeliantur.
1624 355 1770 398 Ubique

305 418 436 448 autem
463 413 639 445 vicuntur
668 410 933 446 Athenienses.
966 409 1173 446 c.1o—15.
1228 412 1473 444 Ati-ocissima
1502 415 1546 448 et,
1566 412 1772 445 novissima

306 479 435 515 pugna
452 468 691 502 describitur.
722 477 752 503 e.
775 471 827 503 16.
853 469 908 503 17.
954 464 1047 499 Pars
1065 467 1232 500 maxima
1249 466 1532 501 Atheniensium
1557 479 1688 510 caesa3
1715 479 1774 502 re-

306 528 401 572 liqui
430 536 512 559 cum
540 524 650 559 Nicia
677 527 715 557 et
735 521 995 557 Demosthene
1023 523 1133 567 capti.
1179 523 1239 557 De
1257 526 1489 568 captivorum
1511 530 1614 560 sorte
1633 526 1774 560 delibe-

306 585 419 620 ratio.
443 593 475 616 e.
493 584 548 618 18.
570 585 624 618 19.
669 579 817 614 Nicolai
834 581 955 613 oratio
975 580 1022 614 ad
1040 582 1278 614 elementiam
1298 580 1535 616 adhortantis
1556 593 1585 618 c.
1604 585 1773 619 20—527.

308 640 463 685 Gylippi
482 639 603 672 oratio
623 638 724 671 omni
744 637 971 672 clementiae
993 642 1031 671 et
1049 637 1274 672 humanitati
1295 640 1527 676 adversaria.
1565 650 1596 673 e.
1610 640 1774 674 28—32.

307 696 522 733 Secundum
549 694 646 727 hanc
668 695 920 738 imperatores
935 694 1221 729 Atheniensium
1249 696 1450 738 trucidati,
1487 697 1624 741 reliqui
1650 695 1702 729 ad
1723 695 1775 729 la-

305 756 445 791 tomias
466 753 651 794 damnati,
676 761 800 796 poena
816 751 970 785 liberati
988 753 1035 795 ii,
1061 753 1122 797 qui
1141 753 1286 787 artibus
1305 758 1414 788 erant
1432 753 1584 789 exculti.
1621 764 1650 790 c.
1669 756 1727 790 33·

405 813 581 846 Ceterum
610 809 815 843 observatu
838 808 1012 853 dignum,
1047 809 1107 844 hic
1136 811 1297 854 primum
1317 812 1485 846 Diodoro
1510 810 1699 856 placuisse
1721 810 1777 842 iu-

308 874 389 906 stas
415 868 624 901 narrationi
651 868 823 900 inserere
854 867 1059 901 orationes.
1104 867 1163 901 De
1182 869 1229 901 iis
1247 879 1354 911 raro,
1384 879 1455 903 nec
1476 869 1548 902 nisi
1569 867 1651 901 loco
1673 870 1712 900 et
1733 876 1775 899 re

305 927 547 973 postulante,
576 922 821 965 adhibendis,
853 923 916 956 ubi
933 923 1034 959 haud
1049 934 1148 960 vana
1164 930 1388 963 ornamenta
1413 927 1507 968 sint,
1538 924 1676 971 ipsein
1693 933 1777 969 pro-

309 984 434 1019 oemio
453 982 503 1018 ad
523 982 588 1020 lib.
611 980 696 1024 XX,
721 992 752 1016 c.
771 985 804 1024 1,
828 980 1021 1018 disseruit.

885 1054 1011 1120 σιμὴ,
1019 1084 1057 1120 ρ.
1078 1073 1198 1111 Xon.

399 1151 498 1186 Αηη.
516 1152 549 1189 1.
597 1152 688 1188 Post
704 1154 760 1185 tot
772 1152 907 1200 tristes
935 1157 1116 1198 eventus,
1145 1153 1361 1199 respublica
1375 1151 1660 1188 Atheniensium
1671 1159 1704 1186 a
1720 1157 1779 1183 so-

310 1212 378 1247 ciis
404 1211 559 1245 deserta
586 1215 656 1244 est.
712 1208 791 1253 Ipsi
816 1209 1086 1244 democratiam
1111 1213 1149 1244 in
1181 1211 1463 1244 aristocratiam
1492 1206 1778 1247 transformant,

309 1269 451 1305 creatis
472 1268 586 1303 CCCC
602 1268 704 1309 viris,
732 1267 794 1311 qui
813 1273 1037 1310 praeessent
1053 1268 1297 1313 reipublicae.
1333 1267 1478 1302 Novam
1499 1265 1642 1299 cladem
1661 1263 1778 1296 iidem

309 1326 501 1370 accipiunt
517 1325 662 1369 proelio
686 1324 829 1368 navali,
865 1325 966 1369 apud
987 1326 1153 1370 Oropum
1172 1335 1255 1358 cum
1273 1324 1589 1359 Lacedaemoniis
1607 1322 1779 1355 commis-

310 1394 368 1418 so.
402 1384 562 1425 Insuper
578 1381 808 1425 Syracusani
828 1381 1142 1416 Lacedaemoniis
1160 1391 1258 1415 nova
1277 1381 1420 1414 auxilia
1438 1381 1677 1425 praedaeque
1696 1387 1779 1423 par-

309 1444 388 1473 tem
415 1440 581 1474 mittunt.
623 1449 654 1472 c·
680 1439 737 1475 34.
803 1437 1130 1483 Syracusanorum
1159 1449 1257 1472 nova
1281 1439 1500 1472 constitutio
1526 1436 1686 1480 reipubl.
1711 1444 1780 1478 per

309 1498 497 1534 Dioclem.
531 1507 562 1529 c.
578 1498 632 1531 33.
682 1496 773 1529 Cum
790 1497 916 1529 omnia
935 1501 1063 1529 essent
1081 1497 1229 1540 iniqua,
1265 1494 1405 1528 Darius
1432 1495 1568 1535 etiam,
1602 1502 1671 1526 rex
1690 1491 1780 1525 Per-

312 1566 461 1596 sarum,
496 1554 658 1587 classem
679 1554 766 1587 CCC
788 1554 937 1586 navium
960 1556 1091 1586 contra
1106 1552 1358 1587 Athenienses
1376 1552 1527 1584 mittere
1543 1543 1672 1594 parat3
1710 1547 1781 1581 sed

295 1612 526 1648 >Alcibiades
554 1609 651 1644 hanc
679 1620 814 1644 novam
833 1610 924 1644 belli
949 1610 1088 1646 molem
1112 1620 1136 1644 a
1160 1612 1284 1656 patria
1310 1611 1468 1652 avertit,
1500 1618 1573 1654 quo
1591 1607 1673 1651 ipso
1694 1615 1779 1639 cum

311 1671 438 1716 patria
455 1671 493 1702 in
514 1670 678 1713 gratiam
700 1668 826 1702 rediit.
859 1677 888 1701 e.
907 1671 964 1705 36.
988 1671 1046 1705 37.

406 1725 502 1760 Anu.
527 1729 559 1761 2.
608 1726 650 1760 In
675 1725 871 1770 republica
890 1727 1014 1760 Attica
1032 1737 1052 1760 e
1069 1725 1226 1759 consilio
1245 1723 1497 1758 Theramenis
1524 1719 1780 1755 democratica

310 1785 412 1821 ratio
430 1784 663 1825 restituitur,
687 1784 764 1816 alia
783 1784 896 1816 etiam
914 1785 953 1816 in
967 1784 1113 1827 patriae
1130 1782 1365 1816 commodum
1384 1781 1632 1814 instituuntur
1650 1791 1657 1810 :
1683 1782 1776 1818 tum,

313 1852 415 1878 novo
443 1844 627 1886 apparatu
652 1845 765 1874 aucta
795 1841 939 1882 classe,
978 1840 1305 1874 Lacedaemonios
1337 1839 1584 1877 insectantur.
1647 1835 1780 1878 Pugna

293 1899 476 1933 ‚navalis
495 1899 596 1932 inter
625 1897 774 1932 Sestum
803 1901 842 1932 et
857 1897 1049 1942 Abydum,
1080 1908 1154 1942 qua
1173 1897 1390 1940 superiores
1408 1898 1497 1928 sunt
1513 1892 1778 1928 Athenienses.

313 1955 476 1990 Praeter
500 1966 664 2001 pugnam
688 1959 917 2000 tempestate
937 1956 1051 1988 etiam
1073 1954 1212 1987 afflicta
1227 1952 1616 1987 Lacedaemoniorum
1636 1949 1782 1985 elassis.

314 2015 402 2048 Hoc
422 2018 614 2059 tempore,
649 2011 825 2048 hortante
842 2012 1106 2055 Theramene,
1138 2011 1352 2047 Alcibiades
1371 2010 1517 2056 patriae
1534 2008 1717 2044 redditus.
1746 2015 1779 2043 c.

317 2072 479 2110 38—42.
1710 2091 1730 2100 ,,

394 2135 427 2163 Α*
451 2128 677 2172 Adiungitur
700 2128 836 2161 notitia
862 2128 1035 2162 literaria
1062 2127 1109 2161 de
1135 2124 1357 2171 'l‘hucydide
1387 2124 1544 2161 finiente
1569 2121 1782 2162 historiam,

318 2185 367 2220 de
384 2184 635 2229 Xenophonte
657 2189 695 2218 et
711 2184 957 2228 Theopompo
977 2196 1060 2219 eum
1080 2183 1368 2228 excipientibuS.
1415 2181 1682 2217 Continuatum
1702 2178 1780 2220 bel-

317 2243 396 2278 lum
412 2244 513 2276 inter
528 2243 719 2276 Romanos
738 2246 776 2275 et
792 2243 940 2286 Aequos
958 2243 1083 2275 obiter
1100 2242 1427 2275 commemoratur.
1795 2235 1806 2241 ‘

409 2300 508 2333 Αηη.
531 2302 563 2336 3.
611 2300 764 2332 Interea
788 2299 825 2331 in
851 2298 979 2332 Sicilia
999 2298 1180 2342 Egestaei
1196 2322 1206 2339 ,
1240 2307 1332 2342 agi-0
1351 2296 1388 2330 vi
1408 2296 1539 2339 rapto,
1569 2302 1592 2327 a
1609 2286 1780 2327 Selinun-

318 2358 384 2393 tiis
411 2357 460 2391 ad
480 2357 621 2390 bellum
649 2357 855 2400 provocati.
923 2354 1258 2399 Carthaginienses
1288 2353 1510 2398 Egestaeis3
1551 2350 1782 2396 Syracusani

320 2415 543 2449 Selinuntiis
563 2414 706 2446 auxilio
722 2413 890 2446 veniunt.
945 2413 1005 2447 lta
1022 2423 1156 2447 novum
1175 2412 1317 2446 bellum
1340 2409 1651 2454 Carthaginiense
1670 2410 1710 2443 in
1727 2408 1782 2442 Si-

288 2497 291 2502 ,
321 2474 410 2507 eilia
431 2474 563 2508 oritur.
599 2480 629 2505 c.
653 2469 709 2507 43.
733 2470 790 2505 44.

412 2528 804 2563 Lacedaemoniorum
830 2526 981 2568 classis,
1026 2526 1137 2560 obvia
1162 2525 1263 2560 facta
1287 2522 1597 2564 Atheniensibus,
1636 2521 1781 2566 proelio

324 2588 451 2621 navali
478 2587 524 2619 ad
552 2585 786 2619 Dardanium
813 2583 994 2617 funditur.
1033 2593 1063 2618 c,
1082 2583 1138 2618 45.
1162 2586 1220 2620 46,
1274 2582 1356 2622 Quo
1384 2581 1484 2615 facto
1510 2579 1783 2620 Theramenes,

324 2644 608 2679 Atheniensium
626 2644 852 2687 imperator,
874 2651 920 2675 ex
940 2640 1103 2675 hostium
1121 2641 1244 2684 agris,
1270 2649 1362 2684 quos
1383 2638 1579 2677 devastat,
1606 2646 1781 2679 magnam

324 2703 400 2734 vini
419 2701 602 2746 pecuniae
619 2702 656 2733 in
673 2699 763 2733 belli
781 2709 888 2733 usum
908 2699 1020 2743 cogit.
1066 2698 1245 2739 Euboea,
1282 2697 1422 2738 Euripo
1449 2704 1589 2737 aggere
1614 2683 1797 2736 expleto,⁴

326 2762 457 2794 conti-a
488 2767 555 2793 eos
582 2762 624 2793 se
650 2760 808 2795 tutatur.
849 2767 881 2795 c.
908 2757 967 2795 47.
1011 2754 1055 2790 In
1081 2755 1207 2789 insula.
1232 2755 1398 2799 Corcyra
1420 2751 1557 2787 seditio
1583 2755 1621 2784 et
1643 2750 1780 2785 caedes
