1891 3310
0 2639 1 2670 ι

0 2678 1 2726 1

0 2735 3 2848 4

392 187 453 227 ΙΝ
485 186 1174 230 Llss.xv.CA1’.36.·-38.
1422 191 1485 231 27

153 302 227 343 30
256 302 330 342 26
358 297 424 341 Δι’
449 296 641 353 ἀνδρείων
663 298 730 339 καὶ
751 295 1023 352 στρατηγίαι]
1050 297 1102 337 Η.
1120 297 1341 348 Stephanus
1356 300 1490 340 videro*

39 359 244 410 legendum
263 360 319 394 ait
338 354 386 395 δι’
411 354 601 410 ἀνδρείας
618 355 685 395 καὶ
711 370 894 409 στρατη)
897 355 974 402 lag,
997 361 1044 394 ut
1059 357 1167 394 dixit
1184 352 1253 395 διὰ
1271 370 1346 408 της
1364 353 1490 396 δυνά-

39 430 160 468 μεως.
179 413 364 451 Cuinunc
383 413 534 462 quidem
554 413 745 464 refragari
764 413 869 451 nolo.
891 411 958 449 Sic
970 411 1083 449 huius
1102 412 1168 449 lib.
1188 425 1223 451 c.
1237 413 1309 453 56.
1329 412 1488 461 deEpa-

41 470 225 510 minonda
251 466 319 508 διὰ
348 484 424 522 της
452 468 559 515 ῗὸιάς
578 466 770 522 ἀνδρείας
789 467 857 507 καὶ
879 470 1151 521 στρατηγικῆς
1171 466 1373 516 συνέσεως
1393 467 1491 517 τοὺς

41 535 112 566 etc.
131 524 498 578 κατημυνισμένος.
532 524 675 563 Confer
696 531 823 562 tamen
844 537 876 562 c.
899 525 971 565 39
1000 524 1136 564 WEss.

153 583 226 622 31.
257 583 330 622 38
372 579 579 621 Οὗὸέποτε
611 584 734 621 τοῦτο
763 578 915 633 συνέβη
944 579 1140 633 γενέσθαι
1165 577 1269 632 etc]
1298 579 1491 619 Memora-

40 639 117 678 bile
142 638 216 676 hoc
234 638 283 675 ad
305 637 482 689 Tegyras
500 637 707 686 Pelopidae
727 638 842 675 ductu
867 644 1077 706 pugnatum
1095 643 1288 675 certamen
1306 637 1493 676 describit

38 695 140 733 Plut.
161 697 202 733 in
217 695 347 744 Pelop.
368 707 404 744 p.
425 697 548 742 287.,
568 695 701 732 itidem
715 694 925 731 subiiciens
952 689 1174 747 πρότερον
1176 690 1372 735 οὐδέποτε
1391 693 1492 734 Λα-

40 746 292 819 κεὸαιξιόνιοι
321 750 502 798 πλείονες
529 748 645 798 ὄντες
676 746 742 789 vn’
775 746 1006 790 ἐλαττόνων
1036 742 1356 818 ἐκρατήθησαν,
1400 747 1488 789 ἀλλ’

41 805 170 848 οὐὸὲ’
158 806 239 847 ι’σοι
260 804 365 860 πρὸς
386 805 502 854 ἷσους
523 806 566 846 ἐκ
586 801 857 860 παρατάξεως
876 802 1176 858 συμβαλόντες,
1205 806 1308 857 quod
1325 808 1494 859 gloriam

41 864 216 915 profecto
237 862 510 901 Thebanorum
531 862 632 901 haud
651 876 785 913 parum
806 869 933 914 auget.
966 863 1101 901 VVESS.

154 921 231 960 31.
261 920 337 961 40.
367 917 686 972 ’Em'pmhava
722 916 1012 972 Ἔμπίπλαντο
1041 918 1138 972 Reg.
1159 921 1204 960 2.
1237 920 1355 958 sicuti
1380 917 1424 957 L.
1443 917 1494 958 ΙΙ.

39 975 118 1018 45.
146 976 284 1016 Wssss.

155 1034 229 1074 31.
256 1031 332 1073 44.
377 1027 468 1083 Τὴν
497 1033 583 1072 τῶν
612 1030 835 1072 Σικελικῶν
868 1027 1090 1085 σύνταξιν]
1129 1031 1280 1070 Laudat
1311 1029 1494 1070 Hermiae

41 1087 305 1140 Methymnaei
318 1086 461 1139 τρίτην
473 1087 694 1128 Σικελικῶν
705 1087 926 1126 Athenaeus
938 1087 1200 1139 Deipnosoph.
1212 1088 1255 1126 L.
1266 1087 1322 1126 X.
1334 1100 1369 1138 p.
1384 1089 1493 1130 438.

42 1143 85 1183 C.
116 1158 239 1196 neque
269 1145 309 1183 id
339 1144 388 1181 G.
409 1144 464 1182 Io.
487 1145 667 1182 Vossium
684 1146 808 1197 fugit,
838 1145 904 1182 sed
925 1146 1134 1183 difficulter
1152 1145 1419 1193 obtenturum,
1450 1151 1496 1183 ut

42 1208 192 1251 cetera,
237 1214 335 1253 quae
373 1199 556 1239 Hermiae
597 1204 751 1240 nomine
793 1204 983 1251 citantur,
1031 1200 1147 1239 huius
1184 1203 1265 1240 siut
1299 1202 1495 1252 opuscula.

40 1257 178 1299 WEss.

157 1315 232 1356 31.
265 1314 342 1354 49.
391 1309 578 1354 Λευκιον
614 1310 844 1370 Οὐαλέριον
878 1313 977 1364 ete.]
1020 1312 1217 1352 Tribunos
1244 1314 1412 1352 militum
1441 1315 1497 1352 sic

44 1374 218 1424 corrige·
256 1371 320 1410 A.
350 1367 479 1410 Οὐαλ.
498 1369 711 1438 Κρίσπον,
737 1364 885 1412 Αὖλον
904 1366 1177 1417 Mamm...
1143 1366 1341 1423 Σερουὶον
1366 1369 1500 1410 Σουλ-

44 1427 204 1477 πίκιον,
236 1422 424 1467 Λευκιον
450 1423 734 1479 Λουκρήτιον.
773 1426 885 1466 Fasti
915 1433 1173 1464 annumerant
1196 1426 1240 1464 L.
1268 1426 1499 1476 Aemilium,

47 1483 103 1524 M.
136 1484 385 1523 Trebonium.
436 1481 576 1523 RHOD.
627 1482 869 1522 Correctioni
901 1481 1177 1521 Rhodomanni
1216 1483 1325 1521 obest
1362 1483 1499 1521 Livius

47 1539 91 1578 L.
123 1540 188 1579 VI.
218 1542 293 1581 21.
284 1567 317 1587 ι,
356 1539 399 1577 Ι..
422 1538 619 1578 Valerium
639 1539 880 1578 Publicolam
902 1540 1123 1591 designans.
1170 1539 1305 1590 Itaque
1334 1539 1500 1592 Crispus

45 1599 229 1636 aliorsum
256 1598 435 1646 pertinet.
479 1595 703 1647 Onuphrius
732 1597 951 1635 Panvinius
979 1596 1085 1636 Fast.
1112 1595 1174 1634 ad.
1202 1609 1292 1634 ann.
1313 1606 1501 1634 CCCLXXI.

51 1650 231 1707 Crispum
263 1653 452 1691 Trebonii
479 1665 563 1690 esse
591 1666 829 1704 cognomen,
865 1652 1028 1704 Pighius
1050 1665 1144 1691 vero
1164 1653 1329 1690 eundem
1359 1655 1401 1690 in
1430 1665 1501 1689 an-

47 1723 164 1760 num,
204 1709 330 1760 Crispi
361 1722 574 1761 cognomen
601 1713 664 1747 cui
691 1709 962 1756 tribuendum,
997 1723 1038 1747 se
1058 1722 1137 1746 non
1157 1709 1290 1747 videre
1311 1710 1378 1746 ait.
1423 1707 1501 1746 Fa-

47 1767 155 1806 bium
182 1768 333 1804 nullum
360 1765 432 1803 hoc
463 1778 566 1803 anno
595 1766 697 1815 apud
726 1765 880 1803 Livium
902 1764 1058 1814 haberi,
1096 1764 1164 1801 sed
1184 1764 1353 1802 Flavum
1374 1765 1502 1804 videri

48 1822 264 1861 Diodorum
281 1823 465 1868 voluisse,
498 1821 600 1870 quod
618 1822 656 1859 id
678 1834 893 1872 cognomen
905 1821 958 1860 M.
979 1820 1178 1859 Trebonio
1199 1822 1405 1861 tribuatur.
1429 1821 1503 1859 At-

52 1891 126 1929 que
145 1879 218 1916 hoc
235 1879 400 1915 fortasse
418 1890 555 1916 verum
574 1884 643 1915 est.
671 1877 718 1915 ln
732 1878 872 1930 Crispo
895 1876 1049 1926 haereo,
1067 1889 1191 1927 neque
1208 1886 1268 1916 sat
1287 1880 1382 1926 scio,
1399 1877 1503 1916 unde
1556 1872 1567 1877 ”

50 1938 216 1975 venerit.
240 1934 375 1973 WEss.

131 1993 239 2032 31.
269 1992 345 2031 47
367 1984 646 2044 Ἱπποδάμου]
674 1988 721 2028 In
737 1985 1073 2057 Ἱπποδάμαντος
1092 1991 1342 2028 consentiunt
1359 1990 1504 2030 inscri-

51 2051 203 2100 ptiones
234 2047 470 2084 Odericiana
496 2053 535 2083 et
559 2060 656 2097 quae
690 2049 842 2096 saepius
866 2049 1006 2096 repetit
1027 2046 1250 2085 Sandvicia.

165 2106 238 2145 31
268 2104 338 2144 57.
383 2099 494 2147 Τοὺς
514 2101 884 2156 παρακαλέσοντας
904 2110 975 2142 etc.
1005 2100 1145 2155 κοινὴν
1165 2099 1330 2155 ειρὴνην
1352 2099 1505 2143 συνθέ-

52 2162 185 2213 σθαι]
221 2160 281 2198 De
309 2159 446 2210 legatis
474 2158 535 2196 his
564 2160 664 2197 nihil
689 2158 936 2210 Xenophon,
976 2166 1131 2198 tantum
1145 2173 1362 2197 memorans
1383 2159 1506 2198 Athe-

52 2220 210 2256 nienses
246 2217 375 2254 missis
413 2213 593 2263 Spartam
622 2218 764 2268 legatis
790 2229 921 2265 pacem
951 2219 1117 2254 sociasse
1149 2215 1192 2253 L.
1227 2215 1294 2255 Vl.
1329 2229 1366 2266 p.
1395 2217 1504 2258 456.

29 2308 35 2312 .
53 2273 146 2315 Rer.
170 2273 327 2321 Graec.,
362 2279 489 2310 cetera
506 2275 732 2325 negligens,
773 2273 876 2323 quod
896 2286 975 2324 pax
995 2286 1040 2311 ea
1059 2276 1102 2311 in
1129 2273 1247 2312 breve
1268 2280 1417 2323 tempus
1435 2286 1507 2312 va-

51 2333 184 2372 luerit.
209 2330 347 2370 WEss.

171 2388 246 2428 31.
278 2388 352 2427 62.
378 2383 657 2439 Κατέστησαν
678 2382 920 2438 οῗΈλληνες
940 2383 1175 2440 ἕξαγωγεΐς]
1204 2385 1249 2423 Id
1268 2399 1403 2424 verum
1423 2398 1508 2424 esse

55 2451 194 2497 potest.
239 2442 319 2480 Sed
347 2443 447 2479 nihil
476 2443 680 2480 admodum
710 2449 793 2481 tum
823 2443 976 2493 quidem
1003 2443 1236 2489 effecerunt,
1274 2443 1375 2480 bello
1405 2444 1509 2480 inter

56 2502 312 2540 Athenienses
339 2505 379 2535 et
399 2498 612 2549 Spartanos
634 2499 939 2536 recrudescente.
984 2499 1118 2537 Altera
1146 2511 1261 2548 pace,
1293 2511 1389 2548 quae
1420 2505 1509 2548 post

58 2565 136 2596 tres
157 2569 282 2595 annos
300 2556 457 2602 coaluit,
486 2555 700 2608 ἐξαγωγεΐς
718 2557 788 2593 isti
806 2556 995 2605 praesidia
1015 2563 1054 2593 et
1070 2555 1298 2594 Harmostas
1315 2555 1507 2593 Lacedae-

57 2617 209 2653 monios
227 2626 276 2650 ex
295 2611 478 2650 Graeciae
497 2613 655 2650 urbibus
675 2613 907 2663 eduxerunt,
928 2619 1083 2651 auctore
1101 2612 1360 2663 Xenophonte
1384 2611 1429 2651 L.
1443 2611 1508 2649 Vl.

59 2684 98 2723 p.
118 2671 225 2711 464.
253 2668 407 2706 Hellen.
435 2669 570 2706 WEss.

175 2728 248 2767 31.
279 2726 353 2766 65-
391 2722 515 2765 Κατα
545 2721 664 2764 πόλιν
695 2723 885 2778 γίνεσθαι
910 2722 987 2772 τὰς
1015 2721 1227 2775 σπονδας]
1276 2723 1509 2776 Oppidatim

63 2782 161 2820 bene
178 2782 387 2831 Interpres.
426 2782 484 2819 Ita
511 2781 582 2820 hoc
601 2782 670 2819 lib.
687 2796 719 2819 c.
744 2783 818 2822 50.
860 2780 928 2821 ὸια
962 2797 1010 2821 το
1038 2784 1164 2821 πᾶσιν
1193 2778 1376 2833 ἀρέσκειν
1404 2777 1511 2821 κατὰ

1 2878 2 2882 ,
65 2836 185 2879 πόλιν
211 2837 403 2892 γίνεσθαι
429 2852 527 2885 τοῖς
557 2835 719 2893 ὅρκους.
762 2837 948 2890 Polybius
975 2837 1158 2889 Excerpt.
1187 2837 1281 2889 Leg.
1301 2836 1443 2877 XLV.1
1472 2849 1510 2889 p.
