1859 3326
307 200 458 237 cxmv
607 190 891 225 oeconoma.
926 190 1200 222 rus‘romffl
1224 190 1462 241 inopom.

305 300 490 335 Filiarum
514 291 773 326 nobilissimae
800 287 956 322 Basilea
980 290 1020 320 et
1043 285 1151 320 Rhea
1176 297 1205 323 s.
1235 285 1423 325 Pandora.
1478 288 1538 322 Ex
1554 287 1709 321 Basilea
1731 291 1771 322 et

304 357 425 391 fratre
444 350 696 407 Hyperione
703 347 782 379 nati
808 336 945 378 lienus
971 347 1010 376 et
1032 342 1188 377 ..Selene
1233 344 1428 389 Phrygum
1454 345 1502 379 de
1533 345 1666 378 eadem
1688 345 1771 378 Dea

297 402 664 458 anythologumena‚
702 404 761 437 cui
783 413 806 435 a
829 404 957 448 monte
983 400 1149 444 Cybelo,
1181 401 1346 445 Cybeles
1378 413 1515 436 nomen
1541 402 1773 446 impositum.

308 466 510 515 Cymbala,
539 467 721 508 tympana
744 464 814 493 cet.
834 457 999 499 invenit,
1033 463 1072 490 et
1088 457 1246 502 Marsya
1265 459 1400 493 comite
1419 459 1467 492 ad
1483 459 1691 502 Apollinem
1710 469 1772 491 ve-

309 529 379 561 nit.
427 523 629 564 Utriusque
651 521 790 552 certan.
797 516 869 547 ina
904 515 992 557 Cap.
1009 515 1106 550 57-
1115 518 1169 552 59
1215 516 1436 558 Ufflmfiffi
1461 514 1564 549 Atlas
1586 520 1626 550 et
1648 514 1774 547 Satur·

309 594 398 626 nus,
429 589 587 624 regnum
613 578 713 610 inter
741 583 782 606 se
808 570 994 604 (liiidunt.
1050 571 1191 605 Atlanti
1210 574 1390 617 regiones
1408 574 1560 607 Oceano
1579 573 1773 616 proximae

309 642 524 679 obvenere,
557 635 620 679 qui
643 631 802 677 populos
829 640 918 662 suos
936 639 959 662 a
977 629 1130 662 nomine
1161 640 1229 663 suo
1248 629 1432 663 Atlanteos
1453 631 1670 675 appellavit.
1714 629 1776 662 Fi-

309 699 386 733 lius
415 696 631 738 Hesperus,
660 688 763 721 filiae
782 686 1007 720 Atlantides,
1044 686 1133 729 Cap.
1150 690 1207 723 60.
1253 686 1406 721 Saturni
1427 692 1465 723 et
1488 689 1534 722 ab
1558 697 1603 722 eo
1625 685 1775 725 omnum

311 756 414 790 Iovis
432 750 559 785 brevis
575 746 748 780 historia.
781 744 870 787 Cap.
885 746 942 781 61.
970 762 1014 769 ——-
1049 743 1159 777 Haec
1185 745 1313 788 itaque
1334 750 1442 788 sunt,
1473 756 1570 792 quae
1588 744 1688 789 apud
1707 745 1775 778 At-

311 814 462 848 lanteos
487 808 532 841 de
552 806 637 839 Diis
655 802 868 836 traduntur,

404 873 631 919 Appendicis
650 869 733 903 loco
746 891 755 909 ‚
778 868 866 912 quia
882 865 943 900 hic
961 866 1068 917 locus
1086 871 1195 912 aptus
1212 867 1429 911 videbatur,
1458 867 1598 902 Bacchi
1616 867 1776 902 historia

313 932 503 979 mythica,
537 938 652 972 supra
669 927 743 959 iam
761 922 807 957 L.
825 924 878 966 I.,
911 935 942 958 c.
961 928 1018 961 23.
1048 930 1362 967 00n¹¹¹¹0¹1101·ata‚
1390 927 1595 960 secundum
1614 926 1778 959 Graeco-

313 1003 397 1027 rum
427 994 466 1023 et
489 987 666 1022 Afrorum
693 984 846 1016 diversa
874 988 1106 1025 commenta,
1142 986 1183 1017 et
1208 994 1308 1017 nunc
1323 984 1371 1017 ad
1389 983 1523 1019 horum
1539 985 1777 1029 potissimum

313 1049 449 1090 fidem,
474 1044 672 1086 adiicitur.a
697 1042 786 1085 Cap.
802 1041 966 1079 62-73,

774 1155 1112 1205 Posterior
1156 1171 1320 1218 pars.

573 1244 844 1321 Historia
880 1261 1124 1317 mythicen
1160 1239 1517 1305 Graecorum.

853 1347 897 1386 L.
910 1348 974 1387 lv.
998 1348 1098 1386 etv.
1128 1346 1241 1402 [VLJ

484 1461 539 1518 A)
597 1461 700 1504 Lib.
735 1461 811 1502 IV.
848 1461 906 1501 de
947 1459 1213 1500 Heroibus
1257 1466 1309 1500 et
1344 1460 1611 1500 Semideis.

407 1551 577 1586 Exordio
604 1553 866 1595 proponuntur
897 1550 933 1594 1)
961 1548 1225 1591 difficultates,
1270 1549 1406 1593 quibus
1441 1550 1596 1594 antiqua
1622 1547 1783 1581 historia

315 1611 502 1655 implicita
519 1610 568 1641 sit
590 1612 628 1652 a)
646 1608 691 1641 ob
711 1608 977 1651 antiquitatem
997 1617 1065 1650 per
1080 1616 1121 1640 se
1141 1606 1338 1639 obscuram
1351 1632 1360 1648 ‚
1385 1607 1425 1649 b)
1443 1597 1489 1641 ol)
1510 1606 1780 1650 chronologiae

318 1673 358 1702 et
403 1671 437 1710 c)
475 1667 520 1699 ob
551 1664 803 1709 genealogiae
827 1663 1106 1705 confusionem,
1147 1663 1183 1707 d)
1215 1665 1261 1697 ob
1289 1666 1514 1708 scriptorum
1541 1664 1780 1698 discordiam.

317 1727 412 1760 Eam
437 1725 523 1758 ideo
544 1723 828 1767 praeterierunt
846 1721 1038 1765 Ephorus,
1071 1720 1347 1763 Callisthenes,
1377 1721 1655 1766 Theopompus,
1705 1720 1782 1754 Sed

317 1785 434 1827 digna
459 1781 723 1820 nihilominus,
757 1780 803 1812 ob
826 1779 1039 1822 argumenti
1060 1779 1308 1822 gravitatem,
1339 1783 1435 1823 quac
1456 1780 1636 1824 peculiari
1657 1778 1782 1812 studio

318 1843 583 1884 cognoscatur.
627 1840 664 1872 2)
691 1836 899 1871 Librill'ti
918 1847 1076 1869 summa:
1103 1836 1262 1869 aliaru'm
1281 1838 1451 1880 gentium
1472 1830 1696 1881 antiquitate
1721 1846 1785 1869 ex-

317 1898 475 1942 plicata,
501 1894 734 1928 Graecorum
753 1895 1017 1938 antiquissima
1038 1892 1198 1927 historia
1218 1895 1460 1939 adiungenda
1481 1899 1549 1929 est.
1594 1894 1702 1927 Haec
1718 1904 1782 1926 au-

318 1960 395 1988 tem
415 1964 437 1986 a
457 1951 594 1986 Bacchi
612 1952 741 1985 sabula
765 1951 915 1994 incipit,
958 1951 1045 1995 quia
1062 1952 1094 1983 is
1109 1952 1189 1994 ipse
1211 1955 1454 1995 peivetustus
1477 1956 1556 1995 est,
1592 1956 1632 1987 et
1659 1960 1782 1996 genus

319 2010 710 2046 humanummaximis
730 2009 927 2043 beneficiis
944 2008 1085 2043 affecit.
1121 2010 1212 2053 Cap
1234 2012 1265 2045 1.

583 2097 762 2134 Bacchi
788 2097 997 2132 historia
1021 2109 1075 2132 ex
1101 2098 1386 2133 Graecorum
1402 2099 1523 2147 fide.

416 2180 579 2214 Cadmus
604 2180 643 2213 in
661 2178 824 2212 Boeotia
849 2178 980 2212 sedem
1004 2180 1143 2212 fixerat
1159 2182 1198 2212 et
1212 2176 1364 2211 Thebas
1382 2177 1622 2220 condiderat,
1658 2182 1784 2213 sumta

320 2239 361 2272 in
378 2237 657 2270 matrimonium
676 2235 899 2268 Harmonia.
945 2236 1037 2269 Inde
1055 2247 1138 2269 cum
1160 2237 1245 2269 aliis
1264 2240 1451 2280 prognata
1466 2235 1634 2271 Semele.
1689 2238 1784 2270 Cum

320 2294 474 2329 Semele
501 2293 701 2327 concubuit
722 2292 892 2335 Iuppiter
920 2293 1048 2326 divina
1073 2295 1200 2337 specie
1227 2303 1269 2327 se
1299 2295 1334 2326 ei
1362 2293 1546 2336 offerens3
1586 2304 1659 2338 quo
1681 2293 1783 2327 facto

320 2363 392 2398 per
414 2352 588 2386 abortum
613 2348 802 2383 Bacchum
829 2351 996 2393 peperit3
1027 2351 1110 2394 ipsa
1136 2350 1215 2394 igni
1240 2350 1416 2384 absumta
1444 2355 1513 2384 est.
1565 2350 1737 2384 Bacchus
1759 2361 1784 2384 a

320 2410 515 2444 Mercurio
543 2405 729 2452 Nymphis
750 2407 789 2438 in
813 2411 923 2440 antro
951 2408 1081 2452 Nysae
1113 2409 1292 2449 traditur,
1327 2409 1415 2443 inde
1434 2409 1627 2453 Dionysus
1647 2409 1782 2445 dictus.

320 2466 412 2500 Vini
435 2471 474 2500 et
495 2464 602 2509 zythi
627 2465 803 2497 inventor
826 2465 965 2498 itinera
981 2476 1100 2510 usque
1119 2467 1155 2499 in
1172 2465 1316 2499 indiam
1334 2467 1522 2510 suscepit,
1546 2467 1594 2499 ad
1614 2467 1787 2499 excolen-

323 2524 412 2558 dum
438 2533 559 2567 genus
585 2521 802 2554 humanum.
844 2524 933 2565 Cap,
952 2526 985 2557 2.
1037 2523 1227 2556 Redeunti
1254 2534 1363 2557 sacra
1393 2525 1663 2565 instituuntur,
1695 2534 1784 2567 quo-

322 2591 406 2615 rum
434 2583 529 2614 ritus
553 2579 829 2613 describuntur.
869 2582 957 2623 Cap.
969 2581 1003 2615 3.
1057 2579 1229 2613 Bacchus
1252 2581 1442 2626 antiquior
1458 2585 1786 2622 commemoratur,

324 2637 529 2679 Sabazius,
561 2636 814 2680 Proserpinae
840 2637 953 2670 filius.
980 2654 1024 2660 -—-
1057 2636 1132 2670 Sed
1159 2647 1244 2671 mox
1268 2638 1316 2671 ad
1339 2637 1510 2671 Semeles
1536 2642 1664 2671 natum
1683 2638 1786 2671 redit

324 2694 542 2729 historicus.
587 2687 743 2735 Forma,
767 2694 981 2738 ingenium3
1014 2696 1172 2729 comites
1188 2695 1341 2738 Musae,
1369 2694 1519 2729 Silenus
1538 2695 1783 2740 paedagogus

325 2755 366 2786 et
389 2753 537 2795 sociu53
572 2749 744 2794 habitus,
771 2761 910 2788 mores,
937 2753 1026 2798 Cap.
1046 2751 1080 2790 4.
1139 2754 1392 2798 Cognomina,
1432 2763 1637 2799 eorumque
1664 2753 1784 2794 rati03
