1859 3326
321 186 516 221 cxxxv
580 166 583 167 ⁷
943 188 1154 222 HEYNE

388 455 1201 512 COMMENTATIO
1287 462 1723 516 ALTERA

776 579 1324 624 ADLIBROSII—X.

355 720 430 766 [Ex
456 721 666 758 comment.
690 720 775 758 Soc.
800 722 970 771 Gotting.
997 725 1046 761 ad
1062 735 1095 762 a.
1110 724 1232 763 1784.
1254 729 1270 762 l
1283 726 1374 762 ⁷85.
1390 726 1466 761 vol.
1476 727 1558 763 VII.
1576 736 1612 772 p.
1628 726 1692 764 ⁷5.
1705 729 1757 774 s.]

334 792 465 852 Quam
498 810 740 853 scriptionem
778 821 839 846 me
869 812 1048 857 gravibus
1080 812 1127 848 de
1161 814 1305 846 caussis
1339 815 1554 858 suscepisse
1589 814 1786 858 professus

333 875 437 908 sum,
463 867 534 901 ΛΑ.
559 872 620 909 ut,
653 878 736 902 cum
772 878 911 913 magna
937 880 1024 913 pars
1048 874 1221 906 veterum
1247 869 1515 914 historiarum,
1537 882 1634 917 quae
1656 873 1695 904 in
1720 882 1786 906 no-

333 924 423 955 stris
445 923 553 956 libris
576 923 767 960 historicis
790 931 1052 973 exponuntur,
1078 938 1125 962 ex
1150 927 1319 962 Diodoro
1345 928 1464 971 petita
1489 929 1540 961 sit
1563 931 1602 961 et
1625 929 1703 972 peti
1727 938 1786 962 so-

332 978 431 1020 leat,
469 981 556 1014 aliis
586 984 804 1019 auctoribus
839 995 886 1021 ex
918 987 1144 1030 antiquitate
1178 996 1246 1019 nos
1280 984 1567 1026 deficientibus,
1600 985 1639 1017 in
1673 983 1786 1018 huius

333 1034 497 1071 hominis
522 1039 635 1074 fidem
665 1045 704 1074 et
729 1044 993 1078 auctoritatem
1027 1044 1153 1088 paullo
1178 1043 1393 1082 accuratius
1417 1043 1670 1086 inquirerem,
1701 1052 1786 1075 eam

333 1103 432 1129 nunc
462 1106 555 1139 pace
591 1103 721 1134 vestra
754 1100 809 1134 ita
841 1110 1069 1145 persequar,
1106 1103 1150 1133 ut
1173 1110 1270 1144 quae
1300 1099 1409 1131 libris
1434 1103 1597 1142 quatuor
1622 1099 1788 1141 priorem

335 1152 612 1195 excipientibus
645 1157 787 1189 tradita
820 1158 917 1200 sint,
945 1157 1120 1194 fabulosa
1151 1158 1354 1201 pleraque,
1387 1166 1434 1190 ex
1459 1155 1594 1200 quibus
1619 1155 1787 1189 fontibus

336 1208 450 1242 ducta
482 1212 579 1254 sint,
611 1214 826 1257 indagando
862 1216 1072 1258 exquiram.
1126 1214 1436 1258 Complectuntur
1468 1218 1595 1245 autem
1627 1213 1715 1246 libri
1749 1212 1790 1246 hi

336 1265 517 1302 historias
549 1269 631 1305 fere
665 1280 751 1312 eas»,
791 1282 955 1315 quarunr
987 1272 1336 1315 cognoscendarum
1373 1271 1537 1304 maxime
1569 1270 1670 1302 avidi
1702 1281 1788 1305 esse

337 1325 524 1368 solemus,
556 1329 728 1372 inprimis
762 1330 802 1364 in
833 1330 971 1374 puerili
1002 1333 1152 1370 aetate,
1184 1333 1223 1361 et
1248 1329 1294 1362 de
1320 1328 1475 1372 quibus,
1504 1327 1569 1362 ubi
1595 1331 1720 1361 mente
1750 1331 1789 1361 et

337 1383 463 1417 animo
490 1386 700 1420 confirmati
724 1397 864 1428 sumus,
890 1388 952 1421 vel
978 1388 1141 1420 maxime
1167 1386 1418 1429 ambigimus5
1444 1394 1501 1417 res
1520 1384 1790 1430 inquamAssy-

333 1438 493 1483 riorum,
535 1441 840 1488 Babyloniorum,
891 1443 1174 1485 Chaldaeorum,
1221 1441 1429 1484 Medorum,
1468 1446 1547 1475 tum
1591 1442 1638 1475 de
1672 1440 1792 1484 India,

339 1495 500 1544 Scythia,
526 1500 572 1534 de
606 1500 848 1538 Amazonibus
884 1508 923 1536 et
956 1501 1219 1548 Hyperboreis,
1242 1500 1329 1534 inde
1355 1499 1402 1532 de
1424 1498 1565 1534 Arabia
1588 1504 1626 1533 et
1653 1498 1792 1542 Tapro-

340 1553 429 1588 bane
453 1557 549 1592 libro
577 1568 777 1600 sscoxno3
807 1569 952 1595 TERTIO
979 1565 1106 1592 autem
1131 1558 1177 1592 de
1200 1557 1284 1601 [76]
1309 1555 1513 1603 Aethiopia,
1542 1555 1788 1602 Troglodytis,

337 1611 499 1654 Arabia;
523 1616 611 1651 inde
632 1617 678 1650 de
695 1616 936 1653 Amazonibus
955 1615 1104 1662 Libyae,
1127 1616 1173 1649 de
1192 1613 1369 1650 Atlanteis
1390 1619 1428 1647 et
1446 1615 1492 1647 de
1504 1613 1660 1663 Dionysi
1676 1615 1791 1649 rebus

337 1672 566 1708 narrationes,
593 1685 685 1719 quas
708 1677 877 1720 appellat
901 1673 1077 1719 Libyeas;
1100 1673 1253 1708 tandem
1280 1672 1377 1707 libro
1405 1681 1557 1709 QUAR'ro
1583 1678 1621 1706 et
1646 1680 1790 1709 QUINTO

339 1729 493 1774 mythos
519 1731 774 1769 Graecanicas,
822 1733 904 1768 Neo
930 1743 1042 1774 vero,
1075 1741 1158 1765 cum
1181 1732 1220 1766 in
1243 1729 1300 1763 his
1326 1729 1562 1765 excutiendis
1584 1733 1623 1762 et
1648 1731 1793 1762 trutina

341 1788 600 1832 expendendis
627 1791 811 1824 collocavi
837 1800 1014 1835 operam.
1043 1800 1125 1823 rem
1161 1798 1221 1822 me
1247 1798 1379 1832 parum
1405 1787 1637 1822 fructuosam
1668 1790 1709 1820 et
1730 1797 1793 1820 au-

340 1843 424 1878 ditu
460 1847 660 1889 cognituve
695 1851 842 1885 tantum
881 1847 1106 1891 iucundam,
1144 1856 1261 1890 agere
1295 1846 1446 1889 putavi:
1489 1844 1793 1889 quandoquidem

339 1910 416 1934 non
446 1903 557 1936 modo
593 1905 797 1939 multarum
828 1916 979 1946 rerum,
1016 1905 1063 1938 de
1107 1904 1242 1949 quibus
1275 1903 1437 1939 liberum
1475 1911 1560 1937 esse
1598 1906 1724 1945 potest
1753 1902 1794 1935 in

339 1962 467 1992 utrum
502 1960 654 1994 modum
687 1966 855 2006 statuas,
889 1952 986 1997 fides
1014 1973 1082 2006 per
1113 1963 1180 1995 illa
1211 1964 1277 1994 aut
1311 1960 1485 1994 elevatur
1522 1962 1588 1992 aut
1611 1960 1794 2002 firmatur,

339 2026 472 2050 verum
500 2022 539 2051 et
564 2020 766 2053 multarum
793 2031 920 2054 rerum
947 2021 1155 2055 auctoritas
1174 2019 1262 2052 inde
1283 2017 1442 2062 pendet,
1469 2026 1564 2061 quae
1590 2016 1652 2049 vel
1678 2015 1727 2048 ad
1752 2015 1795 2049 li-

340 2073 495 2109 brorum
525 2086 737 2118 sacrorum,
761 2079 935 2122 inprimis
960 2077 1228 2122 prophetarum
1252 2075 1370 2108 effata
1398 2079 1437 2107 et
1462 2074 1634 2115 oracula,
1657 2073 1720 2105 vel
1746 2072 1795 2105 ad

340 2129 686 2175 philosophicorum
724 2135 948 2177 placitorum
980 2136 1165 2178 originem
1194 2138 1233 2168 et
1256 2136 1509 2172 vetustatem,
1543 2131 1642 2165 aliae
1667 2130 1715 2163 ad
1743 2129 1796 2162 hi-

344 2190 503 2224 storiam
541 2191 777 2233 litterarum,
812 2196 995 2234 naturae,
1020 2195 1210 2226 terrarum
1235 2190 1428 2233 inprimis,
1453 2188 1523 2222 hoc
1549 2192 1608 2220 est
1632 2187 1680 2220 ad
1708 2197 1796 2231 geo-

347 2245 549 2290 graphicas
582 2246 758 2290 notitias,
790 2248 838 2281 ad
871 2250 1040 2284 locorum
1075 2249 1170 2281 situs
1201 2252 1240 2281 et
1262 2251 1439 2288 naturas,
1462 2246 1708 2279 animantium
1732 2243 1797 2278 ho-

345 2305 563 2349 minumque
600 2315 747 2348 moreS‚
780 2308 827 2340 iis
860 2307 1032 2350 inprimis
1064 2306 1199 2346 terris,
1233 2315 1330 2349 quae
1353 2308 1483 2337 nostra
1509 2306 1637 2336 aetate
1663 2306 1795 2346 parum

344 2361 443 2394 adiri
476 2363 622 2404 solent,
653 2368 696 2396 ut
728 2363 879 2400 Africae
917 2368 955 2399 et
982 2364 1094 2397 Asiae
1122 2363 1325 2402 interiora,
1355 2365 1539 2404 spectant.
1587 2362 1644 2394 lta
1679 2360 1797 2393 multa

347 2422 456 2460 sunt,
494 2429 592 2462 quae
628 2419 674 2453 de
705 2419 856 2454 homine
882 2421 920 2453 in
950 2420 1165 2456 conditione
1193 2424 1232 2453 et
1256 2424 1380 2459 statu,
1406 2429 1517 2466 quem
1542 2423 1696 2458 vocant,
1721 2428 1796 2451 non

345 2476 458 2509 modo
481 2477 667 2517 silvestri,
690 2477 758 2510 sed
782 2482 820 2510 et
843 2477 1011 2513 belluino
1038 2479 1267 2517 constituto,
1291 2476 1362 2511 hoo
1389 2481 1448 2510 est
1472 2477 1517 2510 de
1543 2478 1690 2522 populis
1715 2477 1799 2521 qui-

345 2532 505 2565 busdam
532 2534 682 2567 Africae
718 2535 758 2570 in
792 2536 922 2578 primis
952 2534 1199 2570 humanitatis
1228 2533 1464 2569 incunabulis
1488 2533 1749 2574 versantibus,
1774 2542 1798 2564 a

336 2586 516 2624 'Diodoro
549 2595 772 2624 narrantur:
806 2603 902 2638 quae
928 2596 1054 2628 utrum
1086 2593 1188 2626 veris
1214 2603 1262 2625 an
1288 2592 1395 2625 falsis
1419 2591 1604 2624 similiora
1629 2591 1725 2630 sint,
1749 2589 1797 2622 ad

347 2645 561 2688 historiam,
593 2658 705 2693 quam
735 2651 856 2683 nostri
887 2654 1043 2692 vocant,
1081 2649 1265 2691 hominis,
1299 2648 1370 2682 hoc
1403 2652 1463 2680 est
1497 2645 1797 2679 vicissitudinum

349 2704 577 2738 conditionis
609 2705 904 2753 modorumque,
936 2707 1071 2751 quibus
1095 2717 1165 2740 eae
1190 2705 1393 2741 humanam
1419 2700 1591 2740 naturam
1618 2703 1797 2743 afliciunt,

348 2759 450 2794 haud
473 2771 605 2806 parum
644 2763 818 2799 interest.
864 2764 990 2797 Multa
1022 2768 1110 2797 sunt
1133 2764 1210 2797 alia
1245 2762 1416 2797 fabulose
1446 2761 1608 2802 tradita,
1639 2771 1735 2805 quae
1764 2759 1795 2792 si

348 2827 417 2863 pro
441 2820 543 2853 veris
568 2818 797 2864 habeantur,
835 2825 878 2855 ut
909 2820 1043 2856 haberi
1077 2821 1222 2863 solent,
1245 2821 1399 2866 generis
1423 2819 1576 2854 humani
1600 2816 1795 2852 historiam
