1891 3310
381 184 672 221 OECONOMIA
708 181 979 216 ulsTquAB
1016 184 1242 218 DIODORI.
1408 193 1537 226 CXLV

69 281 184 315 simul
202 284 339 315 causae
357 279 552 323 redditae,
583 279 758 315 biformis
777 291 844 314 cur
858 281 928 324 sit,
953 290 1020 316 eur
1037 279 1167 327 Satyri
1186 286 1224 317 et
1238 283 1372 321 Musae
1392 289 1429 321 in
1451 292 1533 326 eius

67 339 261 372 comitatu.
307 338 396 382 Cap-
415 339 450 374 5.

690 416 907 460 Priapus.

163 480 302 515 Bacchi
328 486 368 516 et
392 481 556 517 Veneris
581 481 700 525 filius3
733 483 901 528 mythica
926 483 1164 518 adumbratio
1187 491 1457 529 generationis,
1484 514 1530 520 -

66 539 244 583 Origines
273 540 394 573 cultus
423 540 540 573 divini
562 540 625 573 vel
652 551 675 573 a
698 534 973 585 propagatione
999 543 1151 584 generis
1174 541 1343 588 humani,
1386 550 1448 582 vel
1481 552 1529 584 ab

65 596 230 629 Osiridis
254 595 415 631 historia
444 597 536 638 (vid.
552 596 640 641 L.I,
655 599 813 642 caP.22.)
837 598 1080 632 derivandae.
1128 598 1366 644 lthyphallus
1394 610 1433 639 et
1455 608 1530 651 Ty-

64 651 160 686 chon
186 658 274 687 sunt
297 655 533 698 cognomina.
556 673 601 681 —-
637 654 951 700 Hermaphroditi
977 652 1083 690 ortus
1103 666 1150 691 ex
1166 657 1310 694 Herme
1330 672 1360 698 s.
1380 662 1529 699 Mercu-

60 710 119 744 rio
140 713 180 745 et
199 711 365 749 Venere.
397 713 484 758 Cap.
505 716 539 750 6.

706 788 753 824 M
756 801 779 824 u
790 801 806 825 s
817 801 877 829 ae,

155 857 299 892 Earum
320 860 499 904 parentes
519 860 558 894 et
574 868 775 902 numerus3
800 858 954 892 nomina
970 858 1239 906 nominumque
1254 863 1370 900 ratio.
1389 865 1480 911 Cap.
1491 870 1525 905 7.

669 947 912 983 Hercules.

151 1014 298 1050 Fabula
320 1015 366 1051 de
393 1027 438 1051 eo
457 1016 576 1050 multa
592 1016 762 1050 continet
783 1016 984 1059 impedita,
1017 1019 1057 1050 et
1072 1027 1166 1061 quae
1186 1018 1299 1052 fidem
1328 1023 1527 1057 excedant.

62 1071 142 1116 Sed
156 1083 217 1106 res
238 1072 428 1117 mythicae
449 1085 522 1107 non
539 1074 729 1107 subtiliter
747 1073 1009 1116 explicandae.
1040 1074 1172 1118 Cap.8,
1211 1077 1286 1110 Per
1302 1079 1419 1121 ipsam
1442 1091 1525 1124 por..

61 1133 251 1163 tentosam
272 1133 574 1175 procreationem
592 1132 801 1164 immensae
823 1131 924 1163 vires
941 1132 975 1164 ei
995 1130 1164 1173 infusae,
1199 1135 1310 1167 simul
1330 1146 1397 1178 per
1413 1137 1522 1171 luno-

59 1196 168 1229 nem,
203 1199 299 1232 quae
324 1189 444 1222 inscia
469 1199 587 1232 puero
615 1198 798 1221 mammas
824 1187 1065 1232 praebuerat.
1099 1191 1234 1233 Cap.9.
1283 1193 1336 1225 Ab
1357 1194 1524 1229 Hercule

58 1253 194 1277 recens
221 1250 308 1279 nato
325 1247 363 1278 in
383 1247 475 1289 ipsis
492 1247 597 1278 cunis
615 1249 791 1289 suscepta
808 1245 996 1288 pericula,
1030 1250 1070 1278 et
1097 1252 1317 1290 perpetrata
1340 1250 1524 1292 facinora,

62 1302 197 1346 quibus
226 1304 405 1336 Herculis
434 1313 570 1336 nomen
598 1304 751 1343 meruit,
793 1306 884 1338 ante
910 1303 1069 1336 Alcaeus
1100 1304 1326 1347 appellatus.
1381 1307 1525 1342 Thebis

61 1358 244 1392 educatus
264 1365 302 1393 et
322 1361 359 1392 in
379 1361 588 1404 gymnasiis
609 1361 862 1400 exercitatus,
886 1359 933 1392 ab
952 1360 1083 1403 Ergini
1103 1360 1243 1394 tributo
1263 1366 1301 1394 et
1320 1366 1523 1406 tyrannide

57 1416 190 1449 urbem
220 1417 376 1459 liberat,
413 1422 451 1450 et
478 1417 814 1451 Orchomeniorum
842 1418 1136 1461 Minyarumque
1167 1420 1340 1461 oppidum
1374 1424 1524 1456 evertit.

55 1472 297 1517 Eurystheus
324 1478 450 1507 autem
471 1484 538 1518 per
558 1475 734 1507 invidiam
756 1475 913 1507 Herculi
936 1474 1009 1507 XII
1027 1477 1235 1508 certamina
1259 1478 1431 1520 imponit,
1461 1480 1523 1513 lo-

54 1530 113 1563 vis
145 1535 183 1563 et
213 1532 354 1564 oraculi
375 1530 550 1574 Delphici
577 1533 683 1564 iussu
707 1532 957 1576 suscipienda.
997 1535 1084 1576 Cap.
1105 1537 1159 1569 10.
1209 1529 1340 1568 Primo
1360 1536 1405 1568 ob
1423 1537 1459 1568 id
1484 1538 1522 1571 in

54 1589 171 1620 animi
198 1588 475 1632 aegritudinem
498 1592 537 1622 et
553 1588 718 1622 furorem
736 1590 883 1631 incidit,
918 1590 1069 1623 tandem
1091 1590 1221 1624 morbo
1241 1592 1422 1626 liberatus
1443 1595 1523 1627 adit:

53 1645 226 1686 labores,
253 1647 314 1690 qui
332 1651 581 1680 recensentur
599 1647 757 1690 singuli:
789 1648 819 1688 l)
847 1647 928 1680 Leo
950 1648 984 1679 in
1005 1646 1150 1680 Nemea
1171 1649 1328 1681 occisus.
1363 1649 1412 1690 Il)
1442 1651 1521 1693 My-

53 1701 122 1734 dra
146 1701 335 1738 Lernaea.
377 1706 464 1747 Cap.
483 1707 537 1739 11.
585 1704 651 1747 lll)
684 1705 784 1747 Aper
802 1704 1085 1748 Erymanthius.
1127 1705 1235 1737 Circa
1253 1705 1351 1738 idem
1373 1710 1522 1750 tempus

53 1759 234 1792 Centauri
259 1760 418 1802 devicti3
452 1771 649 1794 caesorum
676 1762 840 1794 nomina.
875 1763 962 1805 Cap.
981 1763 1036 1796 12.
1072 1780 1116 1786 —-
1164 1761 1232 1806 IV)
1266 1763 1383 1805 Capta
1407 1774 1521 1798 cerva

52 1818 183 1850 aureis
206 1817 402 1860 cornibus,
433 1819 637 1851 velocitate
663 1823 875 1862 praestans.
928 1819 978 1863 V)
1012 1819 1111 1851 Aves
1130 1828 1149 1851 e
1169 1817 1429 1862 Stymphalide
1458 1832 1521 1865 pa-

50 1872 140 1907 lude
171 1874 342 1908 abactae.
391 1875 464 1919 Vl)
494 1876 637 1919 Augiae
665 1876 851 1908 stabulum
878 1879 1148 1918 expurgatum,
1182 1875 1309 1908 Peneo
1330 1875 1443 1909 fluvio
1473 1889 1519 1911 eo

53 1930 227 1966 deducto.
286 1932 373 1975 Vll)
411 1933 560 1965 Taurus
594 1943 613 1966 e
648 1934 762 1966 Creta
785 1933 823 1964 in
851 1932 1152 1975 Peloponnesum
1179 1932 1385 1966 traductus.
1431 1936 1520 1978 Cap.

53 1990 110 2024 13.
137 2008 181 2013 —-
216 1989 257 2021 ln
279 1991 384 2022 cuius
403 1991 622 2022 certaminis
642 1991 863 2024 memoriam
885 1989 1072 2022 Hercules
1092 1989 1201 2021 ludos
1222 1989 1439 2033 Olympicos
1465 1993 1520 2023 in-

51 2045 185 2080 stituit.
247 2046 373 2090 Ipsum
398 2048 434 2079 in
465 2048 564 2080 omni
592 2049 840 2080 certaminum
868 2056 1010 2089 genere
1041 2048 1219 2079 victorem
1248 2047 1310 2079 Dii
1336 2047 1517 2091 Deaeque

50 2103 270 2136 muneribus
295 2103 495 2137 honorant.
560 2105 693 2138 Obiter
726 2105 904 2138 observat
927 2103 1149 2143 historicus,
1179 2103 1326 2136 Nioben
1347 2105 1519 2147 primam,

49 2161 267 2195 Alcmenam
293 2172 384 2196 vero
411 2167 640 2206 postremam
669 2163 867 2195 mortalem
898 2161 1036 2201 fuisse,
1079 2171 1101 2193 a
1127 2161 1217 2193 Iove
1248 2171 1517 2204 compressam.

51 2219 206 2261 Cap,14.
251 2219 344 2253 Post
361 2219 455 2253 haec
469 2220 677 2261 Hercules,
697 2220 798 2252 bello
814 2229 835 2250 a
855 2218 1072 2262 gigantibus
1090 2219 1127 2250 in
1146 2217 1249 2262 Deos
1271 2224 1385 2259 moto,
1411 2229 1518 2262 prae-

51 2276 143 2308 stito
163 2275 246 2308 Diis
273 2277 412 2310 auxilio
427 2302 436 2318 ,
467 2288 549 2310 cum
576 2278 661 2310 aliis
681 2276 772 2309 belli
791 2277 904 2307 sociis
922 2276 1146 2308 coelestium
1166 2274 1333 2307 Deorum
1355 2274 1518 2310 honores

53 2337 279 2366 consecutus
298 2340 368 2367 est.
388 2355 431 2359 —
458 2334 746 2374 Prometheum,
768 2334 855 2377 igne
874 2333 989 2365 allato
1009 2333 1105 2366 bene
1126 2333 1172 2365 (le
1193 2331 1355 2365 humano
1373 2344 1516 2376 genere

2 2419 4 2421 ,
51 2390 250 2430 meritum,
280 2401 403 2434 poena
424 2392 573 2425 liberat.
610 2394 699 2434 Cap.
716 2392 759 2426 15
787 2400 856 2432 pr..
902 2390 1010 2432 wll)
1050 2391 1148 2422 Hinc
1174 2389 1372 2422 Diomedis
1401 2401 1517 2433 equas

52 2446 271 2479 carnivoras
295 2448 469 2490 ahduxit3
496 2460 567 2493 quo
584 2449 682 2482 facto
703 2459 784 2480 cum
803 2449 938 2481 Iasone
960 2449 997 2479 in
1017 2445 1175 2479 Colchos
1192 2456 1254 2478 nai
1268 2448 1394 2490 figavit.
1427 2450 1516 2492 Cap,

51 2503 96 2538 15
120 2503 216 2536 med.
265 2504 334 2550 IX)
366 2507 569 2550 Expeditio
588 2508 622 2539 in
642 2510 851 2539 ¹{mazones
877 2505 926 2537 ad
956 2503 1176 2547 rapiendam
1194 2503 1425 2547 llippolytae
1456 2516 1517 2538 zo-

54 2569 155 2598 nam.
190 2562 440 2603 Amazonum,
475 2574 570 2608 quae
599 2564 769 2596 devictae
797 2567 902 2603 sunt,
936 2562 1099 2596 nomina.
1142 2561 1229 2602 Cap·
1252 2564 1303 2596 10.
1354 2560 1404 2603 X)
1439 2563 1518 2597 lter

51 2622 163 2660 parat
187 2619 225 2650 in
253 2619 414 2653 lberiam
435 2622 481 2654 ad
500 2620 739 2654 abducendos
757 2619 945 2662 Geryonis
962 2618 1092 2650 boves.
1138 2616 1283 2650 Milites
1308 2624 1520 2662 congregat

50 2673 91 2705 in
121 2674 244 2708 insula
268 2676 402 2719 Creta,
434 2689 544 2722 quam
570 2683 659 2711 tunc
686 2677 820 2710 bestiis
842 2675 1027 2719 purgavit.
1077 2673 1204 2706 Prima
1221 2674 1307 2706 inde
1326 2676 1517 2719 navigatio

55 2729 93 2762 in
113 2729 273 2775 Libyam
287 2758 296 2775 ‚
322 2734 384 2767 ubi
403 2736 587 2769 Antaeum
605 2736 644 2768 in
663 2734 870 2770 certamine
891 2731 1048 2775 occidit,
1069 2735 1267 2776 terrasque
1286 2734 1325 2765 et
1341 2733 1390 2766 cis
1403 2733 1515 2767 itates

99 2788 198 2825 VOL.
216 2790 261 2827 11.
285 2793 454 2828 ΑιῬΕΝυ.
1179 2786 1206 2819 k
