1891 3310
400 158 464 199 IN
491 157 604 199 [AB.
634 157 788 198 xvn.
816 157 941 196 CAP.
968 161 1038 200 81.
1068 180 1112 187 --
1139 161 1210 200 83.
1438 167 1526 207 197

81 272 287 312 delineatis
318 285 342 311 a
371 270 506 310 Mattb.
527 269 726 310 Michovio
745 269 908 311 Sarmat.
939 269 981 307 Ι..
1007 269 1054 308 ΙΙ.
1078 272 1120 312 2.
1144 277 1182 309 et
1198 269 1311 313 Corn.
1336 274 1381 312 de
1400 273 1520 314 Bruin

81 329 171 368 ltin.
191 328 297 368 Part
321 326 368 365 11.
389 341 426 378 Ρ.
451 329 524 367 90
554 326 688 364 XVEss.

194 385 300 424 02.4
325 385 396 425 53.
420 381 485 422 ’E7
490 379 628 434 α’μβαι
631 397 677 421 ον
692 380 731 423 οἳ
741 378 941 421 ,Μακεὸυἰ
936 381 997 434 ες]
1022 381 1294 438 Conficiebrctee
1307 392 1427 435 atque
1446 399 1496 423 ar
1499 411 1517 417 -

78 440 353 491 bitrabaneur,
391 438 706 489 quemadmodum
736 435 867 484 οὕτως
898 435 1047 487 ἔλαβον
1074 451 1143 487 pro
1167 436 1363 489 ἕιόνσαν,
1392 444 1516 489 expli-

78 497 255 534 cantibus
271 494 450 542 criticis,
482 497 522 532 in
533 493 776 560 Thucydide
799 494 841 531 Ι..
862 493 925 533 ΙΙΙ.
947 496 1020 535 20.
1058 502 1095 532 et
1112 507 1225 542 supra
1245 475 1286 531 Ι.
1308 468 1384 533 ΧΙΙ
1392 497 1416 533 Ι.
1445 499 1511 537 14.

79 553 189 597 Quod
208 549 416 589 succedit
399 545 675 603 εφιστάμενοι,
701 562 838 588 vereor
859 558 901 587 ut
921 552 997 588 viri
1017 550 1123 587 docti
1141 554 1356 589 versionem
1377 552 1513 590 admit-

76 615 145 646 tat.
175 607 385 656 Semperne
407 620 499 657 ergo
518 607 605 644 foco
623 604 850 644 adstabant?
887 605 977 643 Cras
1000 607 1162 643 fortasse
1179 607 1272 644 mihi
1292 609 1514 656 persuaderi

74 667 220 715 patiar:
252 677 353 702 nunc
375 664 528 711 quidem
546 670 647 700 certe
667 657 924 712 ἐπιστάμενοι
945 664 1127 709 maluero,
1142 670 1185 699 ut
1207 663 1448 711 Macedones,
1462 677 1512 703 ex

75 722 196 767 fumo,
222 727 266 757 ut
283 721 459 757 arbitrati
473 720 640 766 fuerant,
667 719 735 756 ubi
753 717 1066 766 paropamisadae
1087 720 1240 769 degant,
1271 733 1513 771 cognoscen-

75 783 136 815 tes
157 782 312 824 spectet.
352 774 529 812 Ceterum
557 774 650 812 haec
670 773 854 811 Curtiana
883 775 1112 811 contendere
1133 787 1269 823 operae
1285 777 1404 813 fuerit
1421 789 1510 825 pre-

77 837 175 872 tium
195 832 238 872 L.
260 831 345 870 VH.
364 832 406 872 3.
441 833 509 871 12.
532 831 602 871 15.
632 830 800 869 obscura
823 831 924 867 coeli
941 833 1073 868 verius
1092 832 1250 880 umbra,
1279 845 1396 883 quam
1426 835 1508 880 lux,

0 918 2 928 ,
74 890 185 927 noc-ti
209 889 349 925 similis
369 890 525 939 premat
552 894 724 934 terram,
756 888 826 923 vix
852 893 901 923 ut
920 900 1021 938 qaae
1037 900 1168 938 prope
1190 894 1305 935 aaut,
1332 891 1511 940 conspici

0 940 1 945 ¹
64 946 236 997 possint.
267 943 380 991 Tum,
409 945 481 982 sed
499 949 613 981 tanta
637 944 745 992 calig
723 955 768 979 o·o
788 949 892 989 erat,
919 950 964 980 ut
985 945 1174 992 aedificta
1199 945 1309 981 nulla
1333 946 1417 982 alia
1442 958 1509 982 res

71 1014 190 1052 quam
209 999 354 1051 sumus
386 1001 620 1038 ostenderet.
666 1000 771 1044 Quae
799 1011 847 1036 ex
874 1000 971 1036 male
999 1000 1204 1036 intellectis
1223 999 1282 1036 his
1302 999 1507 1038 Diodoreis

72 1059 166 1106 quin
185 1058 264 1093 sint
287 1058 502 1109 progenita,
523 1057 594 1094 vix
612 1055 819 1105 quidquam
837 1055 1030 1092 addubim.
1062 1055 1171 1093 Nihil
1189 1055 1251 1093 hic
1271 1055 1317 1092 de
1343 1055 1508 1094 Cimme-

70 1114 144 1150 riis
161 1112 340 1151 tenebris.
372 1111 415 1149 ld
434 1112 622 1149 duntaxat
639 1111 904 1163 significatur,
931 1123 979 1149 cx
1001 1113 1187 1148 continuo
1204 1124 1272 1177 per
1290 1114 1420 1150 nivem
1441 1114 1508 1151 iti-

71 1182 162 1207 nere
193 1169 391 1205 oculorum
417 1170 540 1206 aciem
571 1167 709 1206 hebere
739 1169 933 1216 coepisse,
961 1180 1032 1204 nee
1052 1169 1223 1216 prospici
1239 1168 1333 1205 adeo
1351 1169 1506 1220 longius

69 1231 219 1265 remota
245 1227 413 1292 potiusse
443 1231 631 1262 accurate.
671 1223 722 1261 At
748 1222 903 1261 Curtius
927 1225 1045 1262 verba
1071 1239 1178 1277 σαφε
1163 1223 1204 1270 ἐς
1240 1221 1280 1262 ὁ
1313 1221 1432 1263 οὐδὲν
1461 1223 1506 1264 ἔκ

69 1275 349 1332 διαστήματος
378 1273 430 1332 ἦν
459 1279 559 1319 ιὸεἴν
579 1287 653 1319 etc.
670 1282 711 1317 in
730 1293 813 1317 eam
831 1281 978 1329 aceepit
997 1283 1248 1327 sententiam,
1274 1283 1382 1329 quasi
1401 1287 1508 1318 tene-

31 1356 34 1358 ·
68 1337 156 1376 bras
184 1337 457 1387 obscuramque
485 1338 583 1374 coeli
609 1337 783 1376 umbram
809 1335 1092 1386 describerent,
1127 1349 1256 1375 errore
1287 1337 1507 1375 manifesto.

68 1392 206 1432 Wnss.

181 1444 289 1489 224.
310 1449 383 1488 62.
407 1444 486 1487 “Ha
507 1443 720 1498 ὠιόμασεν
734 1445 821 1487 Ἀλε
825 1443 1080 1516 ξαιὸοειαν]
1108 1448 1165 1487 Ea
1184 1455 1254 1496 est,
1283 1460 1397 1499 quam
1414 1459 1508 1487 xvn·

67 1504 183 1543 huius
205 1506 375 1557 nominis
393 1502 433 1543 ἓν
445 1504 648 1558 307‘31112'71
670 1501 783 1557 παρὰ
802 1501 1175 1556 Παροπανισάδαις
1186 1505 1415 1555 StephanuS,
1437 1508 1512 1543 etsi

68 1573 148 1599 non
169 1563 253 1599 sinc
283 1573 433 1607 errore,
467 1561 636 1598 indicato
657 1574 680 1598 a
701 1560 748 1598 L
763 1560 991 1610 Holstenio,
1029 1563 1206 1600 collocat.
1244 1562 1330 1600 vid.
1350 1561 1506 1600 Arrian.

69 1617 116 1658 L.
135 1617 201 1655 ΙΙΙ.
221 1618 299 1657 28
315 1623 352 1653 et
367 1616 431 1654 lv.
452 1619 528 1656 22.
556 1617 691 1654 wass.

181 1673 290 1714 224.
311 1673 386 1712 63.
416 1671 540 1712 Κατὰ
561 1671 605 1713 δὲ
629 1671 757 1723 μέσον
775 1669 849 1712 τὸν
873 1667 1133 1712 Καύκασόν’
1114 1685 1199 1712 εστι
1217 1670 1375 1726 πέτρα]
1403 1672 1508 1712 Cau-

69 1742 180 1767 casus
203 1729 268 1766 hic
293 1741 439 1765 merum
458 1725 688 1779 κόμπασιια
708 1735 993 1765 assentatorum
1013 1735 1071 1765 est
1092 1728 1370 1776 Macedonum,
1399 1743 1506 1778 spre-

70 1792 152 1822 tum
179 1788 262 1822 iure
293 1785 441 1834 optimo
471 1798 493 1821 a
512 1783 701 1821 Strabone
731 1783 773 1823 L.
794 1783 865 1823 Xl.
892 1797 928 1833 Ρ.
951 1787 1055 1824 771.
1075 1785 1173 1822 etl..
1194 1784 1282 1823 XV.
1304 1798 1347 1835 Ρ.
1367 1786 1503 1825 1009-

69 1843 305 1891 ceterisque,
341 1853 365 1877 a
382 1839 557 1878 Stanleio
580 1840 631 1877 ad
647 1840 806 1891 Argum.
826 1841 1044 1878 Promethei
1062 1840 1268 1890 Aeschylei
1288 1841 1503 1881 conductis.

66 1897 172 1934 Fieri
195 1896 347 1947 quidem
368 1897 515 1944 potuit,
547 1903 592 1933 ut
612 1909 706 1933 voce
729 1896 912 1933 Indorum
932 1895 1047 1933 Kltoo
1071 1898 1136 1934 vel
1157 1896 1302 1945 Khau,
1337 1904 1505 1935 montem

68 1953 280 1999 indicante,
314 1964 409 2002 quae
429 1951 570 2002 Bayeri
597 1952 646 1989 de
673 1951 767 2004 Reg.
790 1951 986 1992 Bactrian.
1009 1966 1047 2002 p.
1068 1956 1108 1993 8.
1130 1956 1311 2004 suspicio,
1339 1956 1380 1990 in
1398 1966 1506 1990 erro-

69 2022 150 2046 rem
171 2009 434 2055 induerentur,
462 2011 572 2045 auxit
588 2015 715 2045 tamen
734 2022 820 2046 eum
835 2010 1000 2045 militum
1019 2011 1321 2058 scriptorumque
1339 2010 1507 2057 vanitas,

68 2065 118 2102 'ne
141 2077 215 2114 qua
234 2071 342 2114 parte
359 2064 579 2101 Alexander
595 2063 768 2112 Herculi,
795 2067 923 2116 gentis
947 2078 1036 2102 suae
1059 2067 1237 2115 principi,
1265 2066 1504 2104 concederet.

67 2120 128 2158 De
147 2127 272 2167 antro,
301 2123 343 2157 in
363 2132 437 2169 quo
459 2119 676 2163 Promethei
695 2128 848 2172 peracta
871 2121 1013 2167 fabula,
1039 2128 1190 2169 praeter
1210 2122 1391 2159 Strabon.
1414 2121 1507 2158 dict.

68 2179 141 2214 loe.
158 2176 350 2214 Lucianus
373 2176 566 2214 Prometh.
589 2190 622 2214 c.
644 2177 688 2218 4.
708 2175 862 2216 cumT.
881 2175 1167 2215 Hemsterhusii
1188 2184 1290 2215 nota.
1318 2177 1453 2215 YVssss.

181 2233 289 2275 224.
308 2235 381 2274 68.
411 2232 497 2272 Καὶ
521 2229 650 2279 ἄλλας
668 2229 804 2279 πόλεις
822 2229 975 2272 ἔκτισεν
995 2241 1067 2272 etc.
1081 2231 1101 2286 ]
1123 2232 1214 2271 Non
1233 2234 1279 2270 de
1299 2233 1422 2271 nihilo
1446 2233 1509 2271 vi-

72 2289 183 2326 detur
200 2287 295 2340 Reg.
326 2291 363 2329 Ῑ.
389 2287 458 2327 καὶ
485 2285 614 2339 ἄὶλην
642 2285 762 2328 πόλιν
784 2310 835 2317 -
855 2286 1101 2339 ἀπεχουσαν.
1149 2290 1244 2334 Quis
1259 2293 1361 2328 enim
1383 2289 1509 2328 credi-

73 2345 176 2382 deiit
206 2348 248 2383 in
276 2353 354 2382 tani
383 2345 494 2382 brevi
522 2346 694 2384 locorum
717 2345 1004 2394 intercapedine
1034 2359 1165 2397 regem
1196 2348 1328 2395 plures
1351 2353 1508 2383 exstru-

73 2403 178 2439 xisse
205 2398 344 2438 urbes?
398 2399 480 2438 Nec
502 2401 611 2437 obest
638 2400 694 2447 εἷς
723 2398 872 2449 αὐτὰς,
907 2402 1008 2451 quod
1034 2405 1219 2440 continuo
1246 2405 1508 2451 consequitur,

74 2459 214 2506 quippe
235 2464 274 2494 et
293 2455 396 2493 hanc
416 2463 454 2492 et
470 2456 747 2494 Alexandriam
763 2459 1020 2506 conplectens.
1050 2457 1208 2495 Curtius
1228 2465 1333 2496 certe
1351 2459 1398 2496 ad
1417 2457 1508 2495 Alo-

74 2513 278 2550 xamlriam
306 2513 439 2550 retulit
466 2511 508 2550 L.
526 2512 609 2549 Vll.
638 2513 679 2551 3.
699 2514 773 2552 23.
809 2515 1037 2552 condendae
1065 2516 1106 2552 in
1133 2514 1336 2552 radicibus
1366 2516 1510 2551 montis

78 2570 168 2607 urbi
198 2571 309 2607 sedes
331 2569 471 2606 electa.
508 2579 575 2606 Vt!
605 2569 776 2607 millibus
792 2582 1020 2618 servorum,
1048 2577 1090 2608 et
1106 2570 1364 2608 ,Macedonum
1381 2583 1510 2621 prae-

78 2633 191 2663 terea
216 2625 419 2673 militibus,
447 2637 609 2675 qum-um
628 2637 752 2676 opera
777 2627 838 2662 uei
855 2626 1032 2674 desisset,
1051 2629 1287 2678 permissum
1310 2629 1348 2662 in
1371 2639 1511 2662 novam

79 2682 212 2718 urbem
235 2682 452 2719 considere.
480 2680 548 2718 Sic
571 2694 615 2717 ea
634 2682 733 2731 lege,
758 2688 803 2718 ut
820 2693 867 2718 ex
888 2688 995 2731 parte
1012 2683 1174 2731 quadam
1193 2683 1290 2720 vidit
1309 2681 1514 2718 Freinshe-

81 2739 203 2784 mius,
231 2740 294 2775 cui
312 2736 466 2785 quidem
489 2736 712 2775 Scliefferus
731 2737 886 2785 obloqui
905 2745 1138 2786 recusasset,
1167 2738 1202 2775 si
1223 2738 1318 2774 haec
1339 2737 1515 2783 Diodori,

82 2792 183 2830 unde
203 2806 270 2831 sua
289 2791 461 2840 Curtius,
477 2793 519 2831 in
539 2799 740 2830 numerato
762 2792 970 2833 habuisset.
999 2793 1145 2832 Servos
1163 2794 1329 2842 adpellat
1349 2792 1520 2839 Curtius,
