1891 3310
465 190 528 230 IN
559 189 670 229 LIB.
703 188 965 232 XVsCAP.
1001 191 1072 232 14.
1096 213 1144 220 —
1168 194 1241 233 19.
1540 199 1599 240 13

135 305 364 356 perstitione
393 304 555 354 quadam
594 304 644 343 ad
677 306 784 355 pacis
816 303 1063 343 conditiones
1103 304 1317 345 descendit.
1368 308 1479 349 Conf.
1508 313 1601 352 infr.

137 376 169 400 c.
193 363 264 403 74.
294 361 431 401 Wnss.

251 420 324 460 15.
346 420 420 458 95.
454 417 561 471 Περὶ
582 414 628 458 τὸ
654 412 909 470 καλούμενον
930 413 1127 471 Κρόνιον]
1162 419 1341 458 Meminit
1359 425 1476 462 etiam
1501 426 1601 463 Cro-

133 477 215 522 nii,
245 475 311 512 sed
332 478 374 512 in
394 475 589 513 Imilconis
609 475 797 513 adversus
818 474 1051 525 Dionysium
1071 480 1191 527 gestis
1212 478 1348 527 rebus,
1376 480 1597 532 Polyaenus

134 531 177 569 L.
200 532 245 570 V.
270 533 341 572 10.
370 533 409 572 5.
438 532 546 569 Adde
570 532 755 569 Nostrum
776 531 817 568 L.
838 531 905 570 Ill.
932 534 1005 572 61.
1041 533 1180 573 VVESS.

254 591 323 629 16.
352 590 394 629 4.
418 586 666 642 Ἐπιφανῶς
685 587 939 640 κατέστρεψε
964 586 1037 628 τὸν
1054 589 1175 640 βίον]
1206 589 1495 631 Ροωεῐειῐ,ευηι
1516 608 1600 633 ser-

133 659 227 684 vare
258 646 379 683 frater
411 644 655 696 Dionysius,
685 649 720 683 si
748 647 948 683 voluisset.
989 646 1208 699 Λεπῖίνην
1238 647 1283 687 δὲ
1312 646 1385 688 τὸν
1413 648 1598 705 ἀδελφὸν

134 704 269 742 σῶσαι
299 697 549 753 διινάιιιενος,
589 701 631 741 ἓν
659 705 709 756 τῇ
743 701 954 757 ναυμαχίᾳ
985 704 1183 756 περιεῖδεν
1216 701 1515 757 ἀπολλύμενον,
1541 711 1598 747 sic

133 761 285 797 Aelian.
319 759 421 797 Hist.
446 760 535 796 Var.
566 759 608 796 L.
631 759 743 796 Xlll.
768 761 844 798 45.
876 760 942 796 sed
969 773 1046 796 non
1070 764 1154 798 sine
1180 774 1331 809 errore,
1364 777 1386 799 a
1405 765 1499 801 viris
1524 766 1599 802 do-

135 817 318 853 ctissimis
337 823 442 853 recte
466 818 669 868 castigato.
709 815 851 854 Melius
871 816 1102 855 Plutarchus
1132 818 1179 856 de
1198 818 1310 856 Alex.
1328 819 1359 856 F
1362 827 1435 858 ort.
1459 821 1528 862 Or.
1551 821 1600 860 II.

133 886 170 924 p.
197 875 302 914 738.
324 871 368 912 B.
398 873 534 911 WEss.

252 933 324 971 16.
353 932 423 970 12.
466 931 638 982 Τροπῆς
658 927 703 969 δὲ
725 931 955 977 παντελοῦς
974 928 1217 984 γενομένης]
1254 930 1431 971 Retineri
1452 950 1602 975 παντε-

133 987 217 1032 λῶς
236 994 437 1036 potuerat,
463 989 496 1024 si
517 989 652 1035 scripti
675 987 766 1024 libri
785 987 1078 1036 adprobassent.
1127 987 1300 1042 Τροπὴν
1321 992 1500 1043 παντελῆ
1531 991 1602 1030 ha-

134 1043 201 1080 bes
232 1044 304 1082 hoc
326 1044 425 1081 libro
458 1057 489 1080 c.
515 1045 586 1084 56.
621 1051 659 1081 et
678 1043 720 1080 L.
741 1044 885 1082 XVlss.
903 1046 980 1086 45.
1011 1058 1172 1094 prorsus
1194 1049 1256 1084 uti
1282 1046 1347 1085 hic
1376 1050 1534 1102 τροπῆς
1554 1048 1600 1089 δὲ

131 1102 361 1147 παντελοῦς
382 1099 613 1153 γενομένης.
645 1100 782 1138 Wess.

253 1160 323 1198 16.
349 1159 425 1198 22.
472 1155 787 1210 Ἀνθρωπίνως
808 1155 852 1197 δὲ
874 1154 951 1209 τὴν
972 1156 1194 1211 εὐημερίαν
1212 1155 1469 1212 ἐνεγκόντες]
1509 1162 1599 1203 Vid.

133 1213 182 1251 ad
204 1212 247 1252 L.
265 1214 295 1252 1.
316 1216 389 1255 60.
419 1214 556 1251 Paullo
575 1222 668 1252 ante
689 1217 951 1265 praestitisset
979 1214 1078 1263 τοὺς
1098 1215 1398 1271 ἀναιρεθέντας
1421 1213 1602 1273 εὗρεθῆ-

133 1285 202 1310 ναι
230 1275 315 1311 τῶν
334 1279 407 1308 etc.
430 1272 568 1311 YVEss.

252 1331 324 1369 16.
356 1330 430 1368 29.
473 1326 613 1382 ZVIe'ZQc
633 1329 708 1368 τοῦ
724 1322 896 1368 Ἀλύκου
926 1327 1185 1382 καλουμένου
1206 1333 1427 1384 ποταμοῦ]
1457 1332 1603 1373 Verum.

134 1384 176 1421 id
197 1383 308 1423 fluvii
330 1398 471 1422 nomen
493 1392 569 1432 est.)
597 1399 618 1422 a
640 1387 741 1422 salso
765 1399 900 1435 sapore
932 1393 1077 1426 natum.
1119 1387 1318 1426 scribitur
1337 1391 1378 1427 in
1397 1390 1533 1442 Eclog.
1552 1391 1597 1431 L.

134 1440 290 1480 XXIII.
316 1443 358 1482 9.
387 1450 426 1479 et
446 1442 488 1479 L.
508 1442 658 1480 XXIV.
684 1444 722 1482 l.
754 1440 960 1490 ”Αλυκος,
991 1447 1215 1494 corruptius
1239 1446 1362 1484 adhuc
1383 1443 1534 1494 Λύκος
1552 1447 1599 1488 L.

135 1497 244 1538 XVI.
270 1500 355 1546 83„
387 1500 453 1536 ubi
484 1502 673 1537 terminus
704 1499 865 1537 ditionis
889 1498 1271 1553 Carthaginiensium
1301 1506 1342 1540 in
1364 1502 1501 1541 Sicilia
1530 1505 1600 1542 ad-

134 1557 311 1606 pellatur.
332 1555 528 1594 *Radebat
554 1557 708 1594 moenia
726 1558 834 1594 urbis
856 1556 1091 1608 Heracleae,
1126 1572 1230 1596 nunc
1256 1560 1422 1598 Platani
1441 1563 1600 1611 accolis,

134 1611 292 1651 Fazello
322 1612 467 1653 Decad.
506 1615 543 1654 l.
566 1613 649 1651 Lib.
671 1613 734 1650 vl.
764 1628 796 1652 c.
821 1616 891 1655 ll.
921 1621 961 1652 et
991 1615 1061 1653 Ph.
1094 1615 1276 1654 Cluverio
1296 1616 1341 1657 L.
1376 1617 1405 1655 I.
1434 1631 1470 1668 p.
1491 1620 1599 1659 219.

138 1669 250 1708 Sicil.
279 1669 371 1708 Ant.
404 1671 580 1708 testibus.
611 1671 752 1708 Wssss.

252 1729 325 1768 16.
355 1728 430 1768 41.
472 1725 560 1780 Τὴν
594 1725 904 1779 ὀνομαζομένην
922 1724 1125 1781 Λεῦκην]
1159 1725 1335 1777 Λεύκας
1359 1729 1499 1768 Strabo
1520 1726 1602 1769 col-⁷

135 1785 240 1821 locat
269 1787 371 1822 inter
393 1783 601 1835 Smyrnam
632 1792 670 1821 et
699 1784 911 1822 Phocaeam
939 1785 980 1822 L.
1011 1785 1120 1823 X1V.
1153 1799 1187 1836 p.
1212 1788 1346 1834 957..
1374 1788 1597 1826 PliniusL.

135 1841 182 1878 V.
214 1842 289 1882 29.
328 1843 510 1893 oppidum
539 1842 670 1879 Leuce
701 1843 741 1878 in
756 1844 1060 1893 promontorio,
1083 1842 1199 1895 'qaod
1225 1845 1357 1882 insula
1378 1844 1494 1893 filit,
1533 1850 1599 1884 cui

136 1897 239 1936 Mela
268 1901 463 1935 consentit
491 1898 533 1935 L.
554 1898 582 1935 I.
608 1900 680 1938 17.
707 1898 842 1935 1171155.

254 1957 324 1995 16.
357 1956 434 1994 49.
494 1950 615 2008 Θὺοῃ
646 1954 688 1994 ἐν
719 1954 797 2008 τῇ]
845 1950 1017 1994 Θύσειεν
1047 1957 1098 2009 τῇ
1129 1954 1248 1994 Coisl.
1285 1956 1387 1995 Clar.
1418 1959 1598 1998 Voluisse

133 2005 302 2050 θύσειεν
323 2010 365 2049 ἕν
386 2013 436 2065 τῇ
457 2011 663 2060 videntur,
698 2012 801 2062 quod
824 2012 977 2050 bonum.
1006 2013 1143 2050 VVESS.

252 2070 322 2109 17-
351 2070 423 2108 53.
449 2063 767 2119 ίΥγτελοίμβατιόν
786 2064 960 2116 ἑαυτοὺς
980 2069 1214 2122 προλέγειν]
1258 2071 1400 2109 Mirum
1418 2077 1479 2110 est
1501 2076 1597 2112 scri-

133 2131 220 2175 ptos
245 2125 365 2162 libros
384 2128 426 2163 in
446 2123 655 2178 προλέγειν
671 2127 912 2174 consentire,
936 2127 1060 2176 quod,
1086 2141 1146 2164 me
1176 2129 1330 2176 quidem
1350 2129 1502 2177 iudice,
1531 2133 1597 2168 ni-

135 2182 208 2218 hili
238 2182 311 2219 hoc
344 2189 402 2219 est
430 2184 529 2221 loco.
573 2181 736 2233 Refinge
769 2181 977 2236 προέχειν,
1017 2191 1055 2220 et
1073 2185 1180 2222 -bene
1200 2198 1240 2223 se
1270 2185 1428 2223 habebit
1456 2189 1594 2227 oratio.

133 2238 331 2288 Interpres
362 2252 442 2276 non
466 2240 571 2277 aliud
598 2242 793 2277 censuisse
821 2240 991 2278 videtur.
1023 2241 1158 2281 WEss.

254 2298 324 2337 17.
357 2298 430 2337 62.
462 2292 768 2347 Ὀνομάσαντες
785 2297 1106 2350 Προφθασίαν]
1138 2298 1228 2336 Non
1258 2300 1434 2351 neglexit
1454 2298 1598 2339 festum

135 2353 240 2390 hunc
263 2354 362 2391 diem
391 2355 431 2390 in
452 2352 607 2391 Feriata
636 2367 705 2391 sua
726 2353 889 2391 Graecia
918 2354 970 2392 lo.
1002 2354 1217 2403 Meursius‚
1245 2358 1360 2403 alibi,
1391 2358 1493 2407 quod
1516 2371 1597 2395 me-

136 2413 336 2457 minerim,
367 2422 446 2447 non
464 2412 619 2447 lectum.
644 2410 781 2447 WflsS.
821 2408 1104 2465 Προφθάσια,
1128 2415 1285 2450 nomina
1303 2414 1451 2451 dierum
1474 2416 1597 2451 festo-

138 2481 226 2505 rum
259 2467 418 2504 Graecis
447 2475 537 2505 sunt
568 2469 732 2517 pluralia
771 2475 919 2505 neutra.
951 2468 1097 2506 REisx.
1140 2470 1198 2506 Ita
1227 2471 1340 2508 docet
1373 2470 1595 2509 Herodotus

139 2524 172 2563 I.
202 2525 304 2564 148.
344 2522 461 2561 Cuius
480 2532 685 2573 praecepto
719 2536 815 2573 quae
836 2524 897 2562 hic
928 2526 1012 2563 illic
1035 2529 1286 2576 reperiuntur
1310 2531 1523 2575 contraria,
1552 2535 1596 2565 ut

138 2577 285 2633 ἑορτὴν
306 2577 455 2633 ἄγουσί
472 2595 588 2635 σφισι
608 2580 857 2631 λιθοβολίαν
879 2579 1152 2634 ὀνομάζοντες
1166 2583 1378 2622 Pausaniae
1391 2584 1436 2621 ll.
1451 2585 1524 2624 32.
1540 2586 1595 2633 3.,

138 2651 189 2675 an
214 2637 443 2688 corrigenda
466 2642 546 2675 sint
568 2651 690 2675 necne
714 2651 794 2675 non
823 2646 951 2688 potest
978 2640 1026 2677 ad
1046 2641 1233 2691 liquidum
1254 2642 1423 2690 perduci.
1459 2641 1594 2692 Neque

139 2697 243 2732 enim
261 2696 415 2732 ratione
434 2702 569 2732 carent
587 2693 839 2749 προφθασιά
863 2702 901 2733 et
923 2699 1085 2746 similia,
1113 2709 1209 2747 quae
1239 2711 1319 2735 non
1342 2705 1433 2735 sunt
1454 2698 1501 2736 ab
1522 2711 1595 2735 no-

138 2753 308 2791 minibus
334 2753 500 2801 propriis
529 2753 654 2789 ducta.
1412 2768 1415 2769 ⁷

252 2811 323 2849 17-
357 2810 429 2849 67.
477 2806 543 2847 Τὰ
574 2807 618 2848 δὲ
645 2802 752 2848 κατὰ
781 2804 1052 2861 τὴνἙλλάδα
1081 2806 1406 2861 σκευασάμενοι]
1439 2810 1597 2850 Mallem

139 2868 384 2918 conpositum
407 2861 776 2918 συσκευασάμενοι,
805 2870 865 2905 uti
883 2875 972 2917 post
990 2881 1135 2919 pauca,
1166 2865 1298 2921 αὐτὴν
1324 2867 1369 2907 δὲ
1391 2881 1596 2908 συσκευα-
