1891 3310
434 218 805 251 TRACTATUS
841 219 915 250 DE
951 217 1253 249 DIODORO.
1518 220 1572 250 IX

208 317 314 352 Vixit
345 316 538 350 Diodorus
573 321 638 358 (ut
661 317 776 350 variis
800 317 839 349 in
864 315 958 349 loeis
984 315 1066 358 ipse
1098 314 1234 359 docet)
1273 314 1359 348 Iulii
1396 316 1572 363 Caesaris

114 375 360 418 temporibus.
407 376 454 407 At
479 373 614 406 Suidas
640 375 743 406 iilum
769 374 838 407 sub
863 374 1030 417 Augusto
1062 373 1203 405 vixisse
1233 373 1386 413 scribit,
1421 383 1442 406 a
1475 375 1573 406 veri-

116 434 194 463 tate
229 435 356 464 tamen
391 432 544 465 minime
577 432 788 464 discedens.
832 441 916 463 nam
946 429 1042 462 lulio
1069 429 1221 462 Caesari
1256 429 1360 463 illum
1394 432 1574 475 supersti-

115 492 191 520 tem
221 488 356 528 fuisse,
399 493 438 522 et
469 490 677 532 Augustum
707 489 787 521 eius
814 497 1073 520 successorem
1097 486 1262 527 vidisse,
1302 488 1363 520 vei
1389 498 1434 521 ex
1461 489 1506 521 iis
1532 489 1574 521 li-

115 549 205 589 quet
250 555 346 588 quae
388 550 593 590 supersunt
634 557 680 579 ex
716 550 907 590 postremo
947 546 1028 578 eius
1068 555 1183 588 opere
1229 543 1465 588 fragmentis.
1521 546 1574 578 Et

115 601 251 635 Suidas
278 604 332 635 ita
357 602 449 635 dicit
475 603 542 636 sub
568 604 737 647 Augusto
764 614 847 636 eum
870 603 1032 643 vixisse,
1063 607 1104 634 ut
1125 605 1214 634 ante
1236 602 1342 634 illum
1369 603 1483 635 etiam
1510 612 1575 636 ex-

115 660 240 692 titisse
277 671 350 693 non
389 667 515 704 neget.
574 661 834 695 Veruntamen
874 659 1013 692 viderit
1044 658 1179 692 Suidas
1224 669 1290 692 cur
1328 669 1401 692 non
1446 661 1571 704 potius

115 716 255 749 dixerit
291 727 374 750 eum
409 718 476 750 sub
510 718 603 751 lulio
633 719 795 751 Caesare
822 722 860 749 et
886 721 970 759 post
996 726 1079 749 eum
1108 719 1272 759 vixisse,
1304 717 1386 758 vel,
1421 719 1488 750 sub
1517 719 1572 751 lu-

112 773 164 806 lio
194 775 357 807 Caesare
387 778 426 807 et
453 776 521 808 sub
552 777 733 818 Augusto.
783 774 968 818 Equidem
1003 775 1040 806 in
1077 778 1250 819 tempora
1281 775 1366 808 Iulii
1398 777 1574 809 Caesaris

113 841 154 864 se
183 831 358 864 incidisse
384 832 546 876 ipsemet
571 842 652 865 cum
678 831 768 864 alibi
795 835 974 870 testatur,
1005 835 1083 864 tum
1110 843 1201 866 vero
1225 834 1262 865 in
1287 831 1345 866 his
1371 844 1464 877 quos
1491 833 1576 866 sub-

112 889 288 933 iungam,
316 890 428 922 locis:
459 890 497 921 in
526 889 660 932 quibus
688 889 860 921 omnibus
887 888 993 921 illum
1028 890 1099 922 Dei
1135 900 1272 923 ornare
1307 896 1572 934 cognomento,

113 945 237 979 obiter
261 947 638 979 animadvertendum
666 950 735 979 est.
788 945 885 978 Nam
910 945 997 978 libri
1024 947 1147 990 quarti
1174 957 1253 989 cap.
1287 947 1367 988 19„
1414 949 1460 982 de
1490 949 1576 982 Ale-

114 1004 171 1036 sia
197 1004 287 1036 urbe
311 1005 489 1049 loquens,
520 1003 614 1036 haee
641 1004 794 1043 scribit,
833 1002 1019 1043 (simodo
1052 1004 1169 1036 verba
1203 1005 1283 1037 eius
1317 1010 1420 1039 reete
1454 1008 1577 1041 inter-

113 1065 265 1104 pretor)
307 1060 427 1094 Celtae
459 1067 576 1094 autem
610 1066 733 1093 nostra
769 1058 875 1092 etiam
910 1064 1023 1092 aetate
1051 1059 1229 1094 civitatem
1253 1061 1348 1095 haue
1375 1062 1412 1096 in
1441 1063 1576 1098 honore

115 1125 147 1151 ct
164 1118 280 1162 pretio
306 1117 500 1160 habebant,
531 1125 702 1161 tanquam
725 1117 915 1150 aniversae
941 1116 1096 1151 Celticae
1120 1119 1259 1164 asylum
1285 1125 1320 1152 et
1341 1121 1574 1165 metropolim.

119 1175 219 1217 Quae
241 1187 349 1219 quum
370 1175 481 1208 libera
503 1181 537 1208 et
559 1186 581 1208 a
603 1176 700 1208 nullo
723 1180 933 1219 expugnata
952 1175 994 1208 ab
1011 1175 1182 1209 Herculis
1208 1183 1322 1209 aetate
1347 1179 1396 1211 ad
1416 1186 1577 1214 nostram

113 1244 223 1276 usque
239 1232 507 1277 permansisset,
539 1234 678 1266 tandem
704 1244 727 1266 a
755 1232 842 1266 (urio
871 1231 1026 1265 Caesare
1060 1233 1137 1276 (qui
1161 1233 1201 1267 ob
1218 1234 1340 1281 fortia
1354 1236 1462 1282 fiteta
1492 1239 1577 1273 deus

112 1297 260 1325 vocatus
287 1296 357 1334 est)
390 1290 427 1323 vi
453 1295 578 1334 capta,
612 1290 859 1334 Romanorum
881 1290 1073 1334 imperium
1097 1291 1259 1335 accipere
1287 1303 1361 1326 <una
1388 1306 1468 1328 eum
1494 1296 1577 1331 aliis

116 1347 224 1381 Celtis
253 1354 378 1382 coacta
398 1347 488 1395 fuit.
537 1348 699 1381 Rursum
723 1349 786 1382 lib.
810 1350 852 1385 V.
883 1360 961 1392 cap.
985 1350 1073 1391 21.‚
1101 1351 1148 1383 de
1175 1350 1374 1385 Britannia
1401 1353 1574 1399 loquens,

115 1405 213 1439 Huic
243 1405 376 1450 priscis
409 1405 549 1449 quidem
583 1406 711 1439 seculis
744 1406 837 1440 nihil
869 1407 925 1440 rei
959 1418 1038 1440 cum
1075 1407 1272 1453 peregrino
1309 1410 1381 1442 allo
1416 1412 1576 1447 exercita

103 1464 206 1511 suit.-
238 1463 435 1507 (siquidem
458 1474 522 1497 nec
547 1461 759 1506 Bacchum,
797 1475 862 1498 nec
888 1464 1098 1507 Herculem,
1141 1477 1205 1499 nee
1238 1465 1393 1500 aliorum
1427 1467 1576 1504 heroum

112 1532 315 1566 quenquam
340 1522 509 1554 adversus
535 1531 613 1553 eam
637 1520 834 1555 exercitum
862 1521 1004 1556 duxisse
1029 1522 1254 1567 accepimus)
1294 1535 1417 1559 veram
1449 1533 1576 1561 nostra

115 1585 228 1612 aetate
256 1578 294 1612 C.
322 1578 459 1612 Caesar
496 1578 561 1620 (ob
594 1590 650 1612 res
686 1590 709 1612 a
741 1591 779 1612 se
809 1585 932 1626 gestas
973 1580 1056 1613 deus
1088 1581 1389 1628 cognominatus)
1431 1584 1575 1627 primus

108 1643 193 1682 post
214 1636 397 1670 hominum
424 1636 631 1670 memoriam
656 1637 812 1671 ‘insulam
835 1637 1058 1682 subiugavit,
1097 1637 1366 1683 Britanno-sque
1391 1641 1578 1676 debellatos

113 1694 287 1729 Romanis
313 1694 519 1728 tributarios
543 1694 705 1731 reddidit.
736 1697 776 1729 ln
803 1697 877 1729 alio
905 1696 1075 1729 eiusdem
1101 1696 1188 1730 libri
1212 1697 1309 1739 loco,
1337 1701 1398 1743 qui
1418 1705 1477 1733 est
1496 1712 1576 1746 cap.

119 1755 205 1795 25„
255 1754 404 1793 scribit,
454 1752 519 1786 Ex
551 1751 681 1796 fluviis
721 1759 839 1786 autem
880 1753 942 1797 qui
980 1753 1018 1787 in
1060 1763 1159 1786 mare
1198 1753 1375 1799 influunt,
1427 1757 1580 1791 maximi

114 1811 279 1845 videmur
304 1821 376 1843 esse
398 1809 589 1843 Danubius
614 1815 646 1843 et
669 1808 834 1852 Rhenus,
878 1821 982 1854 quem
1008 1817 1133 1844 nostra
1165 1817 1280 1844 aetate
1316 1812 1452 1847 Caesar
1490 1815 1578 1859 (qui

114 1870 198 1902 deus
223 1873 450 1910 nuncupatus
475 1866 580 1914 fuit)
615 1867 705 1900 miro
731 1869 883 1912 quodam
907 1874 939 1902 et
962 1868 1165 1902 incredibili
1187 1870 1346 1916 artifieio
1369 1878 1478 1915 ponte
1499 1872 1579 1907 iun-

115 1926 192 1960 xit.-
224 1936 400 1969 quumque
423 1936 527 1958 suum
553 1924 745 1958 exercitum
771 1937 808 1959 eo
836 1932 1123 1971 transportasset,
1146 1927 1427 1962 transrhenanos
1454 1929 1579 1965 Gallos

114 1983 265 2029 subegit.
314 1984 490 2017 Meminit
514 1994 604 2016 vero
626 1983 710 2017 Iulii
737 1985 912 2018 Caesaris
939 1989 977 2018 et
999 1985 1086 2018 libri
1111 1985 1140 2019 Ι.
1164 1997 1195 2019 e.
1221 1987 1283 2028 4,,
1317 1987 1386 2020 sed
1421 1989 1503 2022 eius
1535 2000 1578 2024 se

115 2047 242 2076 aetate
267 2042 409 2074 vixisse
434 2052 507 2075 non
536 2041 692 2074 addens.
737 2041 876 2075 Scribit
902 2044 1023 2085 enim,
1062 2041 1109 2076 In
1134 2043 1358 2086 sequentibus
1385 2051 1503 2079 atatem
1530 2046 1581 2080 vi-

113 2099 211 2145 ginti
235 2098 346 2132 tribus
369 2097 468 2131 libris
495 2098 652 2142 reliquas
675 2110 732 2132 res
756 2110 873 2132 omnes
896 2106 1020 2146 gestas
1053 2100 1176 2135 ordine
1206 2101 1484 2145 collocavimus,
1520 2114 1578 2138 us-

114 2168 182 2202 que
210 2157 258 2189 ad
275 2154 498 2200 principiam
521 2155 668 2190 excitati
689 2156 863 2191 Romanis
890 2158 1060 2192 adversus
1087 2158 1204 2192 Celtas
1229 2158 1320 2192 belli.
1370 2158 1482 2194 Cuius
1503 2161 1578 2196 dux

119 2214 158 2248 C.
184 2213 299 2247 Iulius
327 2211 462 2247 Caesar
496 2214 584 2264 (qui
608 2214 648 2248 ob
673 2225 730 2248 res
755 2220 878 2260 gestas
911 2216 994 2249 deus
1023 2206 1199 2250 vocitatas
1229 2216 1332 2263 fuit)
1381 2218 1579 2253 maximam

119 2267 336 2305 Celtiearum
359 2270 525 2316 gentium
545 2278 709 2315 partem,
755 2278 788 2306 et
812 2271 951 2316 quidem
982 2284 1074 2316 quae
1100 2272 1193 2307 inter
1218 2285 1277 2308 eas
1304 2275 1459 2309 maxime
1484 2276 1581 2310 belli-

116 2339 223 2363 cosae
252 2334 372 2370 erant‚
416 2329 640 2374 subiugavit,
674 2330 947 2374 Romanamque
977 2329 1166 2374 imperium
1191 2332 1240 2364 ad
1260 2330 1496 2368 Britannicas
1522 2346 1580 2370 us-

118 2400 186 2433 que
208 2387 346 2420 *insulas
374 2387 565 2430 Promovit.
609 2387 730 2421 Huius
751 2394 856 2432 gesta
879 2388 1022 2422 initium
1048 2386 1252 2421 habuerunt
1275 2400 1298 2422 a
1318 2390 1439 2434 primo
1464 2391 1585 2439 Olym-

112 2445 234 2491 piadis
268 2442 476 2477 centesimae
510 2450 543 2477 et
576 2446 832 2491 nonagesimae
869 2457 985 2488 anno,
1029 2445 1200 2480 archonte
1236 2447 1385 2483 Athenis
1424 2449 1582 2484 Herode.

116 2505 261 2538 Eadem
288 2507 414 2535 autem
445 2504 670 2546 Olympiade
695 2514 735 2536 se
770 2505 808 2536 in
839 2505 1053 2548 Aegyptum
1086 2506 1237 2538 venisse
1274 2508 1422 2548 scribit,
1462 2509 1525 2544 lib.
1551 2510 1579 2544 1.

119 2575 150 2600 c,
177 2565 246 2597 44.
276 2561 320 2594 In
352 2560 556 2605 Aegyptum
589 2562 754 2605 (inquit)
797 2561 986 2594 centesima
1020 2567 1054 2595 et
1084 2562 1324 2607 nonagesima
1366 2563 1580 2609 Olympiade

115 2619 362 2665 pervenimus,
401 2624 578 2662 regnante
609 2618 832 2657 Ptolemaeo,
874 2618 936 2662 qui
967 2630 1079 2652 novus
1113 2618 1283 2653 Bacchus
1318 2621 1580 2664 appellabatur.

117 2680 279 2711 Rursum
304 2677 365 2711 lib.
389 2677 415 2708 1.
443 2687 472 2708 c.
498 2677 582 2716 83„
622 2674 700 2716 Quo
726 2681 880 2718 tempore
905 2687 971 2709 rex
991 2676 1217 2710 Ptolemaeus
1242 2689 1264 2710 a
1289 2677 1462 2712 Romanis
1494 2690 1581 2713 non-

117 2736 200 2768 dum
226 2733 361 2767 amicus
385 2732 599 2774 vocabatur,
637 2738 670 2765 et
689 2734 844 2776 populus
870 2734 1024 2767 advenas
1055 2733 1169 2767 Italos
1196 2734 1293 2768 omni
1315 2735 1430 2770 studio
1456 2747 1500 2771 ae
1514 2737 1580 2785 sa-

115 2805 199 2827 rore
221 2790 523 2837 prosequebatur,
553 2801 596 2823 ae
621 2791 740 2823 sedulo
767 2790 875 2824 dabat
897 2801 1042 2835 operam
1066 2803 1110 2824 ne
1137 2796 1207 2826 etc.

208 2853 359 2885 'l‘itnins
385 2851 510 2892 operis
536 2849 694 2881 Diodori
723 2853 782 2881 est
811 2848 1030 2892 Βιβλιοθήκη
1068 2848 1223 2895 ἱστορικὴ
1256 2851 1308 2883 ἱη1
1332 2851 1472 2885 nostris
1506 2852 1584 2897 qui·
