1891 3310
367 237 429 276 ΙΝ
462 235 572 274 [AB.
602 233 737 276 XIX.
765 233 895 276 CAP.
928 236 1001 276 60.
1027 256 1075 264 —·
1098 237 1172 277 64.
1418 241 1519 282 303·

59 351 256 389 evicimus.
285 351 390 395 Quin
410 349 588 401 equidem
607 345 708 386 haud
727 347 807 385 scio
827 360 876 384 nn
898 354 936 386 et
956 343 1071 384 huius
1093 347 1182 386 libri
1202 361 1235 386 e.
1253 350 1324 390 57.
1342 357 1424 389 ete.
1435 354 1510 393 60.

61 410 100 445 in
125 409 238 444 rebus
260 408 406 453 Amisi,
434 420 457 443 a
476 406 693 444 Cassandro
724 411 762 442 et
782 402 989 441 Cassandri
1017 404 1112 442 duce
1141 400 1419 455 Asclepiodoro
1442 411 1520 446 oba:
1570 442 1574 444 .

61 475 209 511 sessae,
239 465 338 501 idem
358 464 544 502 Asander
559 464 729 512 intelligi
748 458 902 498 debeat.'
929 459 1145 498 Cassander
1169 463 1321 510 quidem
1347 471 1451 502 certe
1470 468 1519 503 in·

61 520 288 558 Macedonia
307 533 434 558 rerum
455 533 609 557 suarum
624 518 835 569 satagebat,
857 529 980 566 neque
997 517 1341 566 in-Cappadociam
1361 520 1515 560 exemi-³

60 583 140 613 tum
153 577 354 614 traducere
373 583 523 626 poterat
538 575 736 621 conmode,
757 574 857 622 quod
869 579 910 611 in
931 574 1040 611 facili
1057 582 1139 611 erat
1156 575 1355 625 Asandro,
1374 577 1512 616 Cariae

58 635 266 699 praefecto.
311 633 478 679 Vitium,
500 645 588 681 quo·
611 632 718 668 ducis
737 643 877 668 nomen
901 630 1124 682 adspersum
1141 631 1204 669 hic
1228 639 1308 682 est,
1339 641 1518 673 recurret

59 691 100 726 in
123 689 370 740 sequentibus
390 688 491 726 haud
513 689 642 725 semel.
670 687 806 724 Wrss.

40 788 45 792 ,
171 747 276 786 366
309 747 384 786 40.
426 747 524 785 Τῶν
548 743 593 784 δὲ
615 738 782 782 πάντων
802 740 1036 797 στρατηφόν
1056 740 1197 786 Μενέ)
1202 759 1278 785 αον
1295 741 1386 786 τὸν
1393 743 1514 787 ἀδελ-

58 797 167 855 φὸν]
198 802 293 839 Vide
314 801 356 839 L.
379 800 478 841 XX.
501 802 577 842 48.
611 801 749 838 Wnss.

173 859 279 898 366
315 859 388 898 53.
433 856 664 911 Κερυινιάν
694 854 771 908 μὲν
803 854 871 895 καὶ
899 851 1155 897 Λάπιθ·ον’
1137 871 1154 896 ε
1158 853 1511 926 ξεπολιόρκησαν]

58 912 252 951 Diodorus
281 915 341 954 K.
325 913 488 967 cpvu'av
516 913 584 953 καὶ
613 909 837 965 Λάπηθον
865 912 1046 962 dederat,
1075 920 1113 950 et
1131 927 1222 952 mox
1242 913 1315 954 τὸν
1334 915 1517 967 βασιλέα

57 973 142 1009 τῶν
162 968 378 1022 Μαριέων.
406 969 572 1019 Respice
593 977 673 1007 not.
699 971 739 1006 in
765 982 845 1017 cap
872 969 944 1009 59.
965 976 1007 1006 et
1025 971 1329 1010 c.79.W1=:ss.

171 1027 280 1066 366,
304 1029 377 1067 61.
410 1026 495 1066 Καὶ
513 1022 685 1078 Ρόὸου]
716 1025 1005 1075 Expungendas
1028 1025 1096 1063 lias
1119 1040 1203 1064 esse
1225 1041 1340 1065 voces
1361 1029 1402 1066 in
1431 1025 1517 1066 Ad·-

58 1079 171 1119 dend.
189 1083 370 1120 admonet
391 1082 706 1130 Rhodomannus‚
733 1085 795 1119 cui
814 1083 1004 1133 refragari
1025 1083 1178 1131 quidem
1207 1086 1349 1132 nolim,
1378 1097 1517 1134 quartia,

58 1149 172 1187 quam
196 1153 349 1188 caussa,
377 1152 474 1189 quae
494 1140 731 1191 adiungitur,
760 1151 895 1187 parum
915 1145 974 1175 est
992 1152 1222 1190 praegnans.
1256 1139 1440 1179 Seorsum
1457 1145 1513 1180 ait

58 1195 104 1232 de
125 1194 287 1233 Rhodiis
306 1198 529 1234 memorari:
555 1196 655 1246 quod
677 1196 934 1241 verissimum,
949 1195 1014 1231 sed
1037 1196 1082 1232 de
1102 1195 1356 1245 Hellesponto
1376 1199 1518 1237 itidem.

57 1260 291 1290 memoratur
310 1266 493 1291 seorsum.
525 1253 567 1290 In
589 1252 821 1289 membranis
842 1253 972 1299 paullo
993 1252 1079 1300 plus
1099 1253 1296 1302 praesidii.
1322 1252 1356 1290 Ἰ
1360 1256 1435 1291 olle
1448 1267 1512 1292 er·-

56 1321 121 1360 go,
152 1310 187 1345 si
208 1309 326 1346 lubet.
356 1309 478 1347 Porro
507 1309 772 1356 Themisonis,
802 1306 1032 1358 ijriorum
1054 1311 1172 1359 regis,
1203 1311 1265 1346 cui
1284 1309 1514 1350 Aristoteles

56 1362 129 1404 τὸν
151 1364 450 1417 προτρεπτικὴν
470 1368 678 1416 scripserit,
691 1366 867 1402 meminit
878 1363 1023 1401 Teles'
1013 1377 1054 1401 m
1065 1364 1222 1402 Stobaei
1235 1365 1358 1404 Serm.
1370 1366 1512 1406 XCIV.

59 1433 96 1471 1)-
117 1423 236 1468 516..
256 1434 369 1471 quem
389 1423 561 1460 eumdem
583 1436 679 1470 esse,
713 1434 792 1459 non
811 1427 952 1458 temere
973 1421 1122 1459 dixero.
1153 1421 1290 1459 Wnss.

169 1450 275 1519 36⁹6.
297 1480 371 1520 65.
402 1477 489 1518 Σὺν
512 1494 603 1526 ταις
626 1477 667 1517 ἐν
692 1475 1221 1532 Τύρῳκαταλειφθείσαις]
1247 1478 1358 1516 Nihil
1376 1477 1450 1517 hoc
1463 1475 1513 1518 ad

54 1547 148 1571 rem.
180 1534 280 1586 Lege
300 1535 681 1589 καταληφθείσαις,
709 1542 747 1572 et
765 1548 828 1572 eas
847 1536 1044 1586 intellige,
1073 1546 1168 1586 quas
1187 1543 1297 1588 capta
1317 1535 1427 1587 Tyro
1447 1549 1514 1576 su-

56 1603 118 1629 am
139 1594 179 1628 in
199 1599 426 1641 potestatem
448 1592 611 1643 redegit.
643 1592 694 1629 W
698 1603 779 1631 Ε88

169 1648 275 1689 366
291 1650 371 1715 70.
391 1645 648 1718 ’'Awamoz
670 1647 713 1687 δὲ
735 1643 983 1701 τριάκοντα]
1020 1646 1218 1697 Interpres
1236 1658 1369 1687 CXXX
1390 1662 1514 1702 aper-

55 1709 134 1752 tae,
155 1707 265 1754 quasi
284 1700 432 1744 ἑκατὸν
452 1705 520 1745 καὶ
543 1700 765 1756 τριάνοντα
785 1704 1028 1742 scribendum
1048 1708 1283 1743 censuisset:
1330 1718 1404 1755 quo
1426 1708 1514 1756 qui-

56 1760 141 1799 dem
170 1762 284 1798 modo
311 1762 487 1811 proxime
509 1762 706 1799 acceditur
729 1762 778 1799 ad
799 1764 958 1798 navium
981 1773 1204 1810 numerum,
1249 1774 1360 1811 quem
1381 1763 1514 1801 finivit

56 1825 169 1855 antea
188 1817 407 1865 Diodorus,
436 1818 482 1855 fit
503 1825 629 1855 tamen
649 1821 752 1855 iusto
772 1819 806 1854 is
825 1820 986 1855 auctior.
1018 1815 1072 1853 Ut
1092 1818 1246 1855 fatear·
1235 1831 1418 1868 ingenue,
1445 1819 1513 1857 de·-

57 1875 222 1912 siderari
249 1882 341 1923 puto
371 1877 593 1912 triremium
621 1885 841 1912 numerum:
881 1887 968 1910 nam
999 1875 1126 1911 nullas
1156 1887 1315 1926 prorsus
1336 1877 1378 1913 in
1405 1883 1514 1915 tanta

58 1933 180 1970 classe
202 1932 336 1978 fuisse,
363 1934 426 1969 cui
444 1932 600 1969 tandem
618 1931 802 1968 credibile
821 1929 912 1968 fiet?
942 1929 1077 1967 VVESS.

172 1988 278 2028 367.
311 1989 384 2029 96
441 1985 530 2039 Οὐχ
556 2003 718 2027 υπακοι
723 2001 856 2027 οντων
882 1981 924 2025 δ”
958 1981 1128 2039 αὐτῶν]
1175 1985 1295 2036 Sequi
1326 1959 1513 2027 debuerat

58 2039 135 2095 οὐχ
160 2039 447 2091 ὖπακουοντος
475 2042 515 2083 δ’
552 2042 694 2084 αὐτοῖ.
722 2044 823 2093 quod
843 2050 883 2080 et
903 2044 1162 2080 necessarium
1183 2045 1268 2090 erit,
1297 2046 1372 2082 nisi
1393 2046 1515 2096 Poly-

57 2100 324 2152 spcrebontem
351 2108 389 2138 et
419 2104 501 2139 eius
528 2102 651 2139 filium
674 2100 937 2138 Alexandrum
957 2100 1085 2136 animo
1108 2101 1312 2138 scribentis
1332 2100 1517 2140 obversa-

55 2164 115 2195 tos
136 2164 322 2195 autumes.
355 2158 491 2195 VVnss.

170 2215 276 2255 367.
315 2217 386 2255 10.
415 2212 626 2260 Ἁπαιτας
655 2210 816 2253 ‹ivmmt
838 2204 953 2264 παρὰ
983 2209 1036 2251 τὰ
1058 2209 1174 2251 κοινὰ
1194 2214 1279 2252 τῶν
1297 2207 1517 2266 Ἐλλήνων

59 2264 240 2322 νόμιμα]
281 2271 377 2308 Vide
399 2271 441 2308 L.
461 2270 575 2308 Xlll.
598 2272 673 2311 23.
709 2270 1020 2308 Humanissimus
1052 2269 1287 2306 Graecolum
1319 2283 1402 2307 mos
1433 2278 1518 2308 erat

60 2333 99 2363 et
118 2325 310 2374 Deorum,
337 2335 382 2365 ut
400 2328 598 2375 ferebant,
626 2329 825 2376 responsis
845 2326 1134 2373 constabilitus,
1167 2326 1403 2374 supplicibus
1424 2339 1515 2378 par-

61 2396 161 2423 cere.
194 2382 405 2421 Dodonaeo
436 2383 521 2422 Iovi
550 2355 784 2421 adscribitur
811 2386 853 2421 in
873 2381 1049 2421 Pausan.
1065 2382 1107 2419 L.
1127 2381 1210 2419 Vll.
1237 2384 1311 2422 25.

143 2438 294 2491 nyd'
327 2437 463 2486 ἱκέτας
492 2437 657 2480 ἀδικεῖν.
698 2438 824 2479 ἱκέται
855 2437 896 2478 δ’
931 2453 961 2477 ιε
966 2437 1035 2490 (ml
1057 2453 1100 2477 τε
1123 2453 1190 2476 και
1207 2434 1342 2504 ζ(ιγνοῖ.

60 2495 163 2539 Quin
184 2494 418 2548 ἀλιτηρίους
439 2503 477 2533 et
495 2498 777 2534 consceleratos
803 2496 1050 2545 adpellabant
1070 2491 1168 2540 τοὺς
1197 2489 1516 2546 ἁμαοτάιοντας

61 2551 118 2598 εἷς
144 2567 242 2599 τους
272 2551 406 2599 ἱκέτας
426 2555 466 2589 in
490 2552 622 2590 Schol.
641 2552 888 2601 Aristophan.
910 2551 1039 2602 Equit.
1060 2564 1098 2588 v.
1119 2552 1228 2590 443.
1270 2552 1386 2589 Plura
1406 2551 1511 2591 Sam.

61 2608 212 2648 Petitus
230 2610 322 2660 Leg.
347 2610 467 2648 Attio
499 2609 541 2646 L
565 2609 592 2645 Ι.
614 2608 693 2646 Tit.
719 2611 755 2649 l.
776 2622 811 2658 p.
836 2610 908 2651 85.
940 2608 1033 2645 edit.
1052 2607 1154 2646 Nov.
1185 2614 1223 2644 et
1244 2607 1442 2645 Stanleius
1470 2609 1514 2646 in

62 2665 245 2718 Aeschyli
263 2667 424 2704 Eumen.
449 2680 486 2704 v.
509 2667 617 2706 232.
650 2665 784 2702 WEss.

179 2725 285 2764 367.
322 2725 392 2764 16
423 2718 704 2774 Ἐπιμελητὴν
732 2723 808 2773 τῆς
834 2715 994 2767 πόλεως
1025 2716 1245 2772 απέλιπεν]
1286 2720 1405 2758 Cuius
1427 2726 1514 2757 tan-

65 2777 175 2817 dem?
207 2780 268 2818 An
289 2779 648 2831 Stymphalmrnm,
677 2778 724 2815 de
745 2789 819 2827 quo
841 2779 970 2827 paullo
993 2779 1190 2827 superius,
1217 2775 1372 2827 oppidi²
1415 2775 1513 2813 Fors

64 2842 145 2883 est,
183 2843 226 2874 ut
245 2833 362 2882 πόλις
385 2837 582 2888 regionem
603 2838 721 2884 ipsam
748 2836 936 2883 explicet,
974 2833 1076 2882 quod
1096 2847 1118 2870 a
1136 2835 1322 2870 sermonis
1343 2844 1415 2870 usu
1437 2844 1514 2870 non

64 2893 291 2942 dissentire,
325 2906 373 2930 ex
391 2891 582 2931 Strabone
602 2892 644 2930 L.
664 2891 764 2929 Vlll.
786 2905 822 2942 p.
850 2891 957 2932 546.
986 2896 1150 2928 constat.
1181 2889 1317 2929 WVESS.
