1859 3326
287 246 382 287 470
761 238 1277 283 ANNOTATIONES

289 360 375 398 loni
401 357 589 408 nupsisse.
646 355 726 395 Sed
755 369 826 394 nec
855 357 896 394 in
927 370 971 395 eo
991 362 1139 395 tantum
1159 356 1213 394 ibi
1235 357 1386 395 fallitur
1407 354 1640 408 Pausanias,
1679 359 1753 408 qui

290 416 502 456 Hieronem
531 414 723 451 Hieroclis
743 413 864 451 filium
884 427 907 450 a
925 413 1141 451 Dinomene
1164 415 1331 451 occisum
1352 427 1433 451 esse
1454 417 1610 463 scribit,
1660 429 1747 454 cum

291 481 421 511 tamen
451 485 499 508 ex
527 471 691 521 Polybio
722 483 765 507 ac
787 470 900 507 Livio
925 476 961 506 et
981 469 1151 507 Luciano
1176 471 1219 506 in
1244 469 1462 521 Longaevis
1482 474 1574 508 satis
1596 479 1749 510 constet

292 529 506 568 Hieronem
540 540 587 564 ex
613 528 747 564 morbo
773 527 995 563 decessisse.
1057 525 1134 563 Sed
1153 526 1318 563 fortasse
1341 530 1384 564 in
1405 527 1619 566 Pausaniae
1643 529 1750 566 codi-

294 587 404 624 cibus
428 587 564 622 lacuna
585 591 663 630 est,
699 591 736 620 et
760 582 991 632 Hieronymi
1018 595 1159 619 nomen
1186 583 1450 631 desideratur,
1490 587 1556 634 qui
1577 598 1600 622 a
1623 583 1750 621 Dino-

293 656 404 681 mene
434 649 491 678 est
521 643 681 677 occisus.
748 638 861 676 Certe
890 639 1149 677 Dinomenem
1180 641 1285 678 inter
1316 643 1537 679 coniuratos
1573 644 1750 679 nominat

292 698 430 737 Livius
452 695 680 734 lib.XX[V.
702 697 742 735 7.
798 696 949 733 VALES.

412 755 515 794 568.
551 752 624 793 95.
658 748 892 804 Ἒξετράπη
922 748 1027 804 πρὸς
1053 748 1219 805 τρυφὴν
1245 772 1295 780 --
1320 750 1388 791 καὶ
1417 767 1507 807 τυρ.
1533 748 1748 806 ὠμότητα]

291 810 547 848 Inhumanam
586 809 853 846 crudelitatem
884 808 1019 847 Livius
1055 810 1198 858 aliique
1225 808 1468 859 Hieronymo
1509 810 1749 858 adscribunt,

293 868 460 917 Polybio
492 879 571 902 non
597 877 717 914 usque
739 877 886 915 quaque
919 866 1186 914 adsentiente,
1229 867 1338 903 cuius
1358 866 1403 902 de
1425 877 1542 914 puero
1565 865 1638 903 hoc
1659 880 1751 918 rege

293 924 465 973 prudens
484 923 670 959 iudicium
689 924 774 973 lege
795 923 975 972 Excerpt.
998 936 1033 972 p.
1051 924 1187 964 1368.
1247 922 1464 960 Pausaniae
1483 936 1652 962 errorem
1672 935 1754 961 non

292 982 451 1028 reIIquit
472 982 661 1016 intactum
681 979 925 1016 doctissimus
941 978 1132 1016 Kuhnius.
1188 977 1330 1016 VVESS.

411 1036 514 1076 569.
548 1037 622 1075 97.
670 1036 886 1075 Γυναικῶν
921 1032 1090 1088 ὕβρεις]
1162 1034 1486 1083 Intemperantiae
1519 1033 1755 1086 Hieronymi

292 1091 366 1129 hoc
386 1094 450 1130 vel
476 1094 685 1129 maximum
704 1092 892 1129 indicium
912 1095 984 1138 sit,
1014 1091 1115 1140 quod
1136 1092 1331 1141 publicum
1349 1091 1541 1141 quoddam
1561 1093 1756 1141 prostibu-

292 1150 396 1195 lum,
435 1150 497 1186 cui
524 1162 663 1185 nomen
683 1156 765 1185 erat
788 1148 901 1185 Pitho
915 1176 926 1195 ‚
963 1161 1123 1184 uxorem
1145 1148 1299 1184 duxerit
1319 1161 1364 1183 ac
1384 1149 1558 1198 reginam
1578 1147 1756 1184 declara-

292 1208 420 1251 verit,
459 1212 504 1242 ut
534 1205 669 1241 scribit
691 1204 909 1241 Eumachus
932 1205 1213 1252 Neapolitanus
1242 1204 1309 1240 lib.
1328 1202 1376 1241 Π.
1406 1217 1535 1241 rerum
1555 1211 1756 1255 gestarum

293 1261 530 1299 Hannibalis
550 1259 669 1313 (apud
689 1261 829 1298 Athen
842 1260 1134 1308 X111.p.577
1141 1270 1152 1307 )
1207 1260 1359 1296 VALES.

415 1320 521 1358 569.
552 1319 593 1357 3.
634 1315 760 1357 Met&
790 1314 867 1368 τὴι
880 1312 1128 1368 Ῑεοωιύμου
1150 1312 1372 1367 τελευτὴν]
1411 1314 1510 1353 Vide
1531 1313 1580 1353 T.
1599 1314 1756 1354 Livium

292 1376 360 1413 lib.
369 1374 520 1412 XXiV.
544 1374 620 1413 05.
647 1375 713 1410 ubi
732 1373 826 1410 haec
846 1374 931 1409 fuse
954 1379 991 1409 ct
1011 1372 1297 1423 elegantissime
1321 1379 1542 1412 narrantur.
1600 1371 1753 1409 VALES.

412 1433 517 1472 569.
549 1433 590 1471 8.
641 1431 730 1469 Τοῦ
772 1403 1094 1482 ...ε-μιιρωνίου]ὃ
1129 1428 1234 1465 Idem
1273 1435 1408 1465 narrat
1448 1428 1495 1465 T.
1515 1428 1649 1466 Livius
1686 1429 1756 1466 lib.

292 1486 429 1525 XXV.
456 1490 526 1528 17.
565 1487 632 1535 qui
661 1493 790 1524 tamen
822 1485 1008 1537 quosdam
1041 1485 1088 1522 de
1119 1483 1287 1523 Gracchi
1318 1486 1517 1534 sepultura
1550 1485 1757 1523 dissentire

295 1545 445 1584 scribit.
505 1543 658 1580 viras.

413 1601 517 1640 569.
552 1602 625 1640 16.
661 1596 747 1637 Καὶ
768 1591 1081 1652 φιλανθρώπως
1098 1594 1377 1650 περιστείλας]
1418 1594 1542 1634 Credo
1560 1596 1758 1635 Valesium

294 1658 494 1705 scriptoris
517 1657 751 1692 sententiam
771 1657 911 1705 optime
933 1656 1169 1702 expressisse
1202 1656 1359 1691 cineres
1380 1656 1419 1692 in
1439 1668 1543 1692 urna
1563 1655 1756 1692 conditos.

292 1713 463 1750 Annibal
484 1719 589 1749 certe
613 1711 884 1760 Sempronium
917 1708 1081 1762 ἔθαψεν
1112 1709 1179 1749 καὶ
1204 1707 1256 1749 τὰ
1277 1708 1382 1749 ὀστᾶ
1397 1706 1618 1761 ζΡιυμοιιόις
1638 1708 1759 1761 ἔπεμ-

293 1779 374 1820 ψεν
395 1772 435 1806 ln
455 1769 619 1818 Appian.
640 1768 824 1808 Annibal.
846 1782 882 1817 p
898 1768 1003 1807 577.
1047 1767 1220 1816 Namque
1242 1763 1408 1817 ἔθαψεν
1425 1767 1525 1803 nihil
1547 1768 1629 1804 illic
1649 1766 1758 1804 aliud

293 1827 443 1863 indicat
469 1839 581 1876 quam
607 1827 757 1875 ignium
792 1826 1057 1873 sepultulam,
1096 1830 1140 1860 ut
1160 1825 1256 1860 alias
1280 1830 1479 1860 ostensum
1502 1822 1759 1860 fuit.1dem

295 1882 471 1920 Marcelli
503 1895 590 1919 ossa
618 1894 739 1918 urnae
768 1882 894 1917 indita
925 1887 963 1917 et
995 1879 1199 1917 recondita
1225 1878 1272 1916 ad
1293 1879 1417 1916 filium
1448 1880 1621 1925 remisit
1656 1885 1758 1916 teste

293 1939 397 1976 Plut.
423 1938 578 1975 Marcel.
597 1951 633 1988 p.
656 1939 762 1977 316.
794 1944 834 1974 et
862 1937 1038 1988 Appiano
1068 1937 1254 1976 Annibal.
1285 1948 1324 1986 1).
1340 1937 1470 1984 589.,
1503 1935 1757 2008 humanitatis

294 1994 400 2033 haud
420 1996 608 2078 Oblitus-c>
635 1994 774 2033 VVFSS.

412 2053 517 2091 569.
615 2044 837 2089 ,Kan'
815 2063 990 2095 υσαπτες
1008 2045 1082 2087 τὸν
1094 2043 1293 2099 Λιβυκὸν
1313 2043 1522 2099 πόλεμον]
1550 2047 1593 2085 ld
1615 2021 1759 2086 bellum.

297 2120 405 2154 csse,
441 2054 574 2156 quod2
564 2078 687 2156 primo
711 2107 859 2143 Punico
880 2105 1086 2142 defuncti·
1076 2118 1117 2141 in
1134 2107 1393 2141 mercenarios
1415 2110 1453 2141 et
1473 2105 1588 2141 Afros
1608 2117 1758 2141 sumere

295 2162 637 2214 Carthaginienses
668 2165 790 2206 coacti
822 2167 936 2208 sunt‚
975 2174 1022 2197 ex
1046 2160 1211 2210 Polybio
1231 2159 1274 2196 L.
1293 2160 1323 2196 Ι.
1354 2162 1427 2200 70.
1455 2173 1566 2197 nemo
1589 2163 1758 2212 ignorat.

294 2219 357 2257 De
380 2221 584 2258 Micatanis
604 2219 783 2255 Numidis
806 2220 862 2254 nil
884 2219 1013 2268 legere
1032 2219 1190 2254 memini
1211 2217 1473 2264 praecipuum.
1526 2217 1662 2254 Wnss.

415 2277 519 2316 569.
548 2278 623 2315 28.
649 2271 741 2313 ’Ότι
773 2271 848 2313 οὐκ
879 2271 989 2312 εἷἀσε
1018 2270 1096 2324 τὴν
1126 2274 1200 2311 τοῦ
1227 2269 1382 2322 ἀνδρὸς
1403 2268 1758 2324 -ἀνεπισήμαν-

297 2329 400 2382 τον]
439 2333 666 2368 Aemulatnr
692 2331 932 2380 apertissime
959 2332 1001 2366 in
1032 2328 1094 2365 his
1115 2328 1295 2366 omnibus
1314 2329 1521 2379 Polybium
1543 2328 1675 2369 L.Xl.
1695 2331 1756 2376 2·‚

298 2401 410 2438 quem
434 2389 644 2425 contulisse
666 2400 744 2425 non
769 2387 926 2436 pigebit.
986 2386 1125 2424 XVESS.

416 2447 520 2484 570.
562 2445 640 2483 46.
696 2444 760 2482 Πε-
756 2441 872 2480 'Zona
904 2440 979 2481 τὸν
1009 2435 1215 2493 Azaenoszvrffl
1217 2439 1290 2492 ov]
1354 2440 1558 2491 Lycurgus
1606 2447 1760 2478 mortuo

299 2499 504 2538 Cleomene
535 2513 607 2536 rex
633 2499 678 2536 ib
699 2499 730 2534 l]
737 2499 864 2547 pharis
887 2511 953 2547 per
972 2499 1159 2535 ambitum
1188 2498 1423 2545 constitutus
1451 2498 1580 2534 fuerat
1603 2497 1758 2547 Olymp.

299 2568 394 2597 cxl..
428 2565 471 2594 ut
491 2558 602 2593 docet
616 2556 800 2604 Polybius
822 2557 887 2591 lib.
902 2555 966 2593 [V.
992 2555 1068 2593 35.
1116 2553 1243 2591 Huius
1263 2554 1368 2590 filius
1389 2553 1526 2604 Pelops
1545 2567 1567 2590 a
1586 2552 1759 2589 Diodoro

298 2612 363 2651 hic
393 2617 629 2650 nominatur.
684 2610 799 2648 Cuius
831 2612 945 2647 etiam
975 2612 1197 2647 meminisse
1228 2610 1324 2647 mibi
1355 2610 1509 2647 videtur
1529 2610 1663 2647 Livius
1693 2609 1760 2646 lib.

300 2669 494 2708 XXXIV.
526 2669 595 2705 sub
617 2668 731 2704 finem
749 2670 791 2704 in
814 2667 1001 2703 Oratione
1022 2666 1106 2703 Titi
1125 2667 1276 2710 quintii
1296 2665 1343 2702 ad
1366 2666 1520 2702 Nabim.
1568 2665 1761 2703 Amicitia

304 2733 346 2763 et
361 2728 534 2764 societas
553 2724 663 2761 nobis
682 2724 793 2761 nulla
819 2731 969 2769 tecam,
1006 2724 1079 2761 sed
1104 2736 1190 2760 cam
1213 2722 1358 2773 Pelope
1376 2734 1471 2771 rege
1494 2721 1763 2760 Lacedaemo-

301 2784 459 2821 nim-am
488 2784 592 2819 iusto
624 2793 675 2817 ac
704 2781 880 2829 legitimo
899 2779 1029 2826 facta
1064 2785 1136 2816 est.
1200 2779 1322 2816 Cuius
1343 2780 1405 2815 ias
1427 2780 1592 2828 tyranni
1609 2790 1762 2828 quoque

304 2853 370 2890 qm
367 2842 539 2890 postea
560 2849 644 2889 per
669 2849 747 2873 vem
787 2843 1001 2873 tenuerunt
1029 2834 1325 2873 Lacedaemone
1354 2836 1559 2882 imperium
1589 2847 1762 2886 usmpa-

304 2902 412 2943 runt,
442 2897 548 2932 sicut
565 2901 606 2930 ta
628 2905 780 2944 quoque
799 2893 872 2929 hoe
891 2893 1150 2929 Macedonico
1176 2892 1276 2928 bello
1287 2889 1447 2937 fecisti.
1487 2890 1639 2927 VALES.
1689 2891 1762 2927 Pe-
