1891 3310
347 213 637 246 oEcoNomA
667 211 939 244 HISTORIAE
976 211 1201 244 DIODORI.
1350 213 1504 246 CXLIII

513 307 792 354 Aethiopum
817 305 1036 349 historia.
1086 293 1089 299 ¹

145 370 180 413 1)
207 366 411 412 Aethiopes
433 368 607 412 Aegypto
632 367 812 412 proximi,
853 351 1062 410 urbemque
1093 370 1132 400 et
1157 358 1318 401 insulam
1345 366 1507 401 Meroen

49 426 270 462 incolentes,
319 423 495 459 Summae
517 434 647 458 eorum
666 424 902 468 antiquitatis
921 426 1164 467 argumenta.
1197 425 1235 467 a)
1261 424 1372 468 primi
1390 423 1506 457 homi-

51 488 119 517 'nes
147 493 231 518 esse
259 482 456 524 wldentur,
491 490 573 515 cum
594 482 670 514 sint
695 480 1084 528 aborigines-solique
1107 482 1280 524 proximi.
1320 481 1361 527 b)
1388 480 1507 516 Primi

49 541 154 575 Deos
184 539 401 581 coluerunt,
449 548 608 583 eamque
635 537 681 571 ob
695 548 861 585 “causam
890 546 913 570 a
941 538 1073 581 quovis
1097 535 1206 572 hoste
1236 541 1393 572 externo
1419 539 1507 574 tuti.

49 596 138 641 Cap.
153 601 188 635 2.
209 599 230 633 3
247 598 327 633 init.
362 600 396 640 c)
423 595 600 640 Aegyptii
620 593 774 628 fuerunt
790 604 918 628 corum
938 593 1086 628 colonia
1100 594 1145 628 ab
1164 595 1314 630 Osiride
1332 595 1507 629 deducta.

49 655 217 689 Eaedem
238 654 365 698 leges,
389 654 504 688 iidem
524 654 637 695 ritus,
664 651 763 686 idem
783 652 993 696 scripturae
1013 662 1147 696 genus.
1189 653 1276 696 Cap.
1293 656 1328 691 3.
1349 652 1382 689 4.
1433 654 1506 688 Le-

49 721 136 756 gum
155 712 403 755 singularium
427 709 613 755 exempla.
649 709 737 754 Ca‘p.
755 710 788 744 5.
811 713 843 745 6.
867 712 901 746 7.
949 710 987 753 2)
1028 709 1171 743 Gentes
1188 708 1430 755 Aethiopum,
1458 712 1508 746 ad

49 773 247 813 utramque
266 766 506 813 Nili‘partem
533 767 768 810 accolentes,
798 768 1031 811 agrestiores
1061 772 1160 803 sunt.
1208 767 1348 801 Earum
1368 779 1508 812 mores„

48 836 167 867 arma,
194 831 332 868 vesteS,
357 826 443 867 cibi,
470 827 619 870 religio.
659 825 778 868 Regio
800 828 858 858 est
874 825 1105 859 amoenitate
1126 829 1164 859 et
1182 824 1382 860 fertilitate
1400 837 1508 871 prae—

51 876 232 925 stantior,
265 883 312 917 de
335 874 408 928 qua
427 894 508 917 cum
527 882 628 917 Afris
647 886 827 926 pugnant.
865 883 953 926 Cap.
972 884 1046 917 8——
1059 883 1114 919 10.
1171 882 1355 918 Adiicitur
1369 887 1507 928 partim

48 941 227 973 iudicium
260 940 308 974 de
348 940 594 985 scriptoribus
631 949 758 974 rerum
784 940 1099 983 Aegyptiacariini
1127 943 1166 973 et
1191 940 1509 985 Aethiopicarum,

51 1009 129 1043 cap.
153 1001 215 1041 113
258 999 394 1043 partim
416 998 552 1032 notitia
572 996 618 1030 de
637 995 718 1030 auri
740 996 898 1036 fodinis,
923 1006 1019 1040 quae
1039 1001 1126 1029 sunt
1143 998 1180 1030 in
1200 1000 1370 1031 confiniis
1388 1001 1511 1044 Aegy-

49 1058 103 1100 pti
127 1061 165 1089 et
179 1055 423 1100 Aethiopiae,
459 1059 497 1088 et
521 1054 711 1098 descripta
729 1054 825 1087 ratio
845 1053 1069 1086 secernendi
1086 1059 1125 1087 et
1144 1056 1392 1099 praeparandi
1411 1059 1506 1093 auri.

51 1114 139 1157 Cap.
159 1113 320 1150 153—14.
378 1116 415 1157 3)
454 1112 598 1146 Gentes
618 1113 656 1144 in
675 1111 949 1155 'I‘roglodytica
968 1114 1007 1143 et
1024 1112 1234 1145 australes:
1269 1117 1306 1150 a)
1334 1113 1510 1159 Ichthyo-

50 1170 176 1215 phagi.
215 1172 302 1214 Cap.
325 1171 489 1208 15—20.
538 1169 579 1214 b)
611 1167 894 1211 Chelonophagi
920 1172 960 1201 et
981 1167 1204 1213 Cetophagi.
1244 1171 1332 1214 Cap.
1359 1172 1416 1206 21.
1450 1174 1508 1208 22.

50 1233 84 1262 ci
107 1227 354 1272 Rhizophagi.
394 1228 480 1271 Cap.
496 1229 556 1264 23.
602 1226 641 1270 d)
685 1223 903 1269 Hylophagi
924 1228 962 1258 et
981 1223 1307 1273 Spcrmatophagi.
1344 1230 1430 1272 Cap.
1449 1229 1509 1267 24,

52 1293 89 1328 e)
121 1285 327 1329 Aethiopes
350 1289 568 1319 venatores.
610 1284 699 1328 Cap.
715 1284 880 1320 25—27.
926 1281 956 1327 f)
991 1281 1201 1327 Aethiopes
1225 1283 1316 1317 Simi
1342 1289 1380 1318 et
1406 1285 1510 1318 Stru-

50 1342 243 1387 thophagi.
276 1344 365 1387 Cap.
384 1346 440 1380 28.
490 1350 529 1387 g)
557 1331 837 1386 Acridophagi.¹
855 1339 944 1384 Cap.¹
960 1341 1017 1377 29.
1039 1344 1096 1378 30.
1145 1339 1184 1381 h)
1212 1343 1422 1385 Cynamyni
1442 1353 1511 1376 seu

51 1401 286 1445 Cynamolgi,
325 1402 411 1444 Cap,
430 1401 486 1437 31.
532 1400 560 1444 i)
589 1398 849 1443 Troglodytae
869 1396 1063 1432 Nomades
1086 1401 1124 1432 et
1141 1398 1376 1443 Megabarei.
1421 1401 1512 1444 Cap.

50 1462 106 1497 32.
125 1462 181 1495 33.
213 1457 430 1501 Disputatio
446 1457 624 1490 adiuncta
644 1456 690 1490 (le
708 1456 931 1490 diversitate
950 1467 1097 1491 morum
1117 1464 1144 1490 e.
1157 1456 1379 1490 diversitate
1399 1458 1513 1493 aeris.

50 1517 138 1559 Cap.
159 1515 215 1553 34,
262 1514 437 1548 Historia
455 1510 671 1547 animalium
691 1514 913 1558 regionibus
930 1514 1005 1547 illis
1022 1513 1283 1558 peculiarium.
1313 1515 1511 1558 Cap.35-—

51 1574 106 1612 37.
150 1573 188 1619 4)
212 1571 481 1606 SinusArabici
500 1571 651 1606 accolae
670 1581 753 1606 cum
773 1571 1026 1616 descriptione
1044 1571 1226 1616 regionis.
1252 1572 1512 1617 Cap.38—48.

718 1649 841 1697 Afri.

142 1708 314 1749 Quatuor
339 1707 514 1743 Afrorum
536 1717 699 1754 genera,
734 1718 831 1754 quae
858 1708 1056 1753 Cyrenen,
1088 1707 1223 1752 Syrtes
1250 1711 1288 1741 et
1306 1707 1511 1743 interiores

51 1770 179 1801 terrae
207 1771 335 1811 partes
359 1767 548 1809 incolunt,
585 1770 835 1801 recensentur
863 1766 977 1801 haec:
1025 1764 1283 1807 Nasamones,
1316 1765 1512 1808 Auchitae,

50 1824 330 1866 Marmaridae,
355 1824 503 1858 Macae.
546 1824 620 1858 Alii
645 1828 732 1858 sunt
759 1823 971 1869 agricolae,
1003 1823 1069 1855 alii
1086 1821 1288 1863 nomades,
1312 1821 1379 1854 alii
1397 1823 1513 1856 latro-

51 1892 139 1923 nes,
171 1882 338 1915 moribus
367 1882 520 1919 diversi.
553 1882 708 1926 Cap-49.
775 1881 863 1925 Agri
891 1884 1096 1926 proventus
1131 1889 1206 1912 non
1233 1878 1356 1911 ubivis
1383 1879 1513 1914 iidem.

49 1941 246 1974 Australes
266 1941 444 1984 regiones
460 1940 638 1973 desertae
658 1939 898 1983 serpentibus
917 1937 1128 1976 abundant,
1162 1936 1323 1969 maxime
1347 1936 1396 1968 iis
1410 1958 1420 1977 ‚
1449 1936 1514 1980 qui

52 1999 232 2031 Cerastae
259 2003 462 2040 vocantur,
499 1997 647 2042 species
673 2006 804 2030 eorum
832 2006 902 2041 per
925 1997 1055 2029 aerem
1082 1993 1288 2027 volantium
1303 1993 1515 2031 *mirabilem

51 2056 139 2100 Cap.
161 2057 220 2092 50.
243 2054 300 2091 51,

560 2118 815 2153 Amazones
841 2117 1001 2166 Afrae.

142 2177 255 2212 Multi
283 2176 426 2221 opinati
443 2179 532 2211 sunt
554 2178 678 2211 nullas
695 2178 905 2211 Amazones
921 2179 1076 2220 praeter
1097 2184 1183 2217 eas,
1221 2183 1318 2220 quae
1333 2174 1371 2208 in
1390 2173 1513 2210 Ponto

51 2218 101 2268 ad
130 2235 452 2269 'Ihermodontem
477 2235 514 2269 ss.
547 2234 720 2278 suffiunt,
754 2236 965 2274 exstitisse3
1004 2233 1072 2267 sed
1093 2233 1207 2266 Afrae
1233 2233 1352 2266 multo
1378 2236 1417 2266 et
1439 2233 1513 2266 cla-

50 2293 175 2326 liores
203 2296 242 2326 et
266 2293 500 2337 antiquiores
521 2297 648 2326 ·.erant
714 2292 830 2326 Plura
853 2293 1052 2325 mulierum
1078 2289 1301 2323 foititudine
1337 2293 1376 2323 et
1401 2289 1515 2323 bellis

51 2350 255 2382 illustrium
273 2359 429 2392 genera,
449 2350 487 2382 in
507 2350 641 2395 quibus
661 2350 861 2394 Gorgones
884 2347 1163 2382 memorabiles.
1199 2348 1287 2391 Cap.
1303 2348 1360 2383 52.
1407 2347 1517 2380 Ama-

5 2424 7 2426 ·
54 2416 189 2439 zonum
210 2408 317 2451 regni
335 2408 511 2452 vitaeque
531 2408 643 2450 ratio,
665 2409 831 2442 virorum
849 2405 999 2441 servilis
1021 2404 1197 2440 conditio.
1229 2405 1319 2448 Cap.
1332 2405 1386 2444 53.
1428 2403 1516 2438 Bel-

51 2462 91 2495 la
111 2473 254 2498 carum.
302 2464 391 2509 Cap.
410 2464 465 2501 54.
489 2465 546 2502 55.

664 2540 699 2575 Α
708 2541 743 2575 tl
752 2539 894 2578 antei.

145 2599 289 2633 Oceani
325 2599 497 2643 accolae3
537 2600 585 2634 de
624 2598 710 2633 Diis
733 2605 938 2642 eorumque
967 2598 1052 2630 ortu
1086 2595 1260 2637 tradunt,
1305 2605 1400 2641 quae
1429 2606 1513 2631 cum

56 2654 286 2691 Graecorum
308 2657 654 2702 mythologumenis
671 2655 873 2689 admodum
889 2653 1126 2688 conveniunt.
1166 2653 1297 2697 Itaque
1317 2653 1411 2686 haec
1431 2655 1514 2697 ipsa

57 2719 304 2757 exponuntur.
365 2713 509 2748 [ranna
532 2716 674 2760 primus
690 2724 760 2748 rex
778 2712 861 2746 suit.
902 2712 992 2755 Cap·
1011 2712 1065 2746 56.
1087 2728 1130 2736 --
1162 2709 1255 2742 Eius
1273 2709 1383 2744 liberi
1407 2710 1515 2746 XLV

57 2779 78 2803 e
110 2770 279 2814 pluribus
314 2773 514 2808 uxoribus:
557 2784 578 2809 e
603 2774 742 2808 Titaea
771 2771 923 2818 quidem
947 2767 1096 2810 XVIII,
1128 2766 1286 2802 Titanes
1315 2768 1509 2813 appellati.
