1859 3326
309 167 370 210 78
763 169 1284 217 ANNOTATIONES

304 286 403 318 teste
423 278 604 322 Helladio
621 281 833 324 Besantino
850 285 893 324 in
912 286 1250 341 Χρηστομαθειά
1270 291 1371 340 apud
1382 291 1563 332 Photium
1572 291 1756 335 Biblioth.

304 350 341 389 p.
367 339 502 378 1579.
527 336 751 393 Βάρδυλις,
777 345 844 390 ait,
875 341 923 382 δέ
937 358 997 391 τις
1015 333 1566 402 Ἰλ7.υριῶνέ’στρατήγησεν,
1595 348 1758 404 ἀνθρα-

306 391 400 440 κεὺς
431 392 618 447 γεγονώς.
647 399 785 447 quibus
806 402 960 450 gemina
982 405 1149 451 reperies
1170 404 1212 440 in
1234 403 1386 443 Libanii
1407 406 1476 446 Or.
1503 407 1693 446 XXVIII.
1715 420 1753 456 p.

308 452 416 491 632.
429 450 485 499 B.‚
507 453 574 489 sed
594 453 784 504 flagitiose
806 464 1006 505 corrupta,
1040 461 1222 497 restituta
1242 468 1368 498 tamen
1386 465 1428 499 in
1453 466 1646 515 integrum
1666 465 1756 502 feli-

302 509 457 546 cissima
475 508 596 546 Henr.
610 510 757 550 Valesii
775 512 969 552 medicina
990 514 1038 552 ad
1056 514 1240 565 Excerpt.
1259 517 1425 557 Diodori
1436 519 1574 559 Nostri
1596 534 1632 571 p.
1651 523 1754 562 121.

301 563 437 603 WEss.

416 622 489 663 85.
522 624 594 663 81.
617 619 885 678 Ἐῤῥωμὲνως
907 623 1213 680 συνεστήσαντο
1234 627 1306 670 τὸν
1327 630 1541 684 κίνδυνον]
1574 634 1661 673 Etsi
1679 634 1753 673 hoc

299 680 457 716 minime
472 679 663 727 damnem,
688 684 856 731 suspicio
875 688 1003 721 tamen
1024 690 1131 724 nasci
1150 690 1303 736 poterit,
1325 682 1611 742 ὑπεστήσαντο
1631 693 1751 730 fuisse

300 737 405 783 olim,
433 736 548 785 idque
576 744 763 775 mutatum
784 739 831 776 ob
863 741 1094 788 praecedens
1124 740 1405 795 συνεστήσατο
1430 742 1583 800 μάχην.
1619 747 1750 786 Habes

296 792 568 842 θαυμασίους
597 791 759 845 ἀγῶνας
788 790 1076 850 ὑπεστήσαντο
1103 798 1147 837 L.
1165 799 1258 838 ΧΠ.
1282 803 1354 842 61.
1404 801 1482 840 Sed
1506 790 1554 842 1(τί),
1581 806 1749 856 suspicio

298 855 378 895 est,
405 850 539 886 forsan
559 852 714 888 iniusta.
746 851 887 891 Wcss.

411 907 483 945 85.
508 908 581 946 86.
622 905 985 961 Ταλαντευόμενος
1014 908 1075 951 ἀεὶ
1095 916 1188 960 ταῖς
1206 913 1307 968 etc.]
1335 915 1424 956 Vid.
1445 923 1526 954 not.
1548 918 1589 954 in
1608 916 1651 954 L.
1673 917 1748 955 XL

295 963 371 1001 22.
393 962 540 999 Auctor
559 964 701 1001 iterum
719 964 854 1017 Eclog.
873 969 908 1007 l.
927 968 993 1005 lib.
1004 968 1215 1008 XXXVII.
1232 972 1587 1027 ταλαντευομένης
1608 970 1746 1030 ὥσπερ

295 1016 482 1070 ἐπίτηδες
506 1016 619 1071 παρὰ
637 1018 764 1073 μέρος
784 1025 860 1074 τῆς
879 1023 1004 1076 νίκης.
1036 1026 1173 1064 Wcss.

411 1077 485 1116 85.
517 1077 592 1116 94.
633 1077 719 1116 Καὶ
744 1075 903 1131 στήσας
920 1078 1145 1134 τρόπαιον]
1186 1083 1302 1134 Atqui
1322 1088 1440 1124 moris
1459 1099 1539 1124 non
1558 1094 1641 1124 erat
1660 1087 1745 1125 Ma-

295 1131 496 1179 cedonici,
523 1140 567 1170 ut
593 1135 710 1171 victis
741 1135 788 1172 de
822 1135 994 1176 hostibus
1026 1146 1259 1179 statueretur
1288 1150 1505 1192 tropaeum:
1541 1156 1681 1194 quare,
1710 1146 1745 1183 si

292 1188 507 1226 Pausaniae
528 1190 645 1238 fides,
680 1204 752 1229 nec
771 1192 972 1244 Philippus
992 1208 1113 1245 neque
1136 1196 1355 1236 Alexander
1375 1211 1559 1249 usquam,
1592 1203 1664 1238 etsi
1683 1207 1745 1238 to-

292 1247 368 1283 ties
397 1249 588 1294 victores,
625 1254 826 1297 tropaeum
856 1260 1076 1290 erexerunt.
1113 1253 1380 1293 Adscribenda
1410 1270 1459 1293 ex
1488 1257 1532 1294 L.
1558 1256 1634 1297 IX.
1666 1258 1744 1298 40.

290 1303 410 1341 verba
444 1310 553 1340 sunt:
596 1304 801 1351 Φίλιππος
829 1305 874 1345 δὲ
902 1305 977 1347 οὐκ
1008 1307 1186 1361 ἀνέθηκε
1219 1306 1240 1351 ὃ
1273 1308 1492 1364 Ἀμύντου
1527 1310 1743 1366 τρόπαιον,

291 1356 386 1399 οὔτε
407 1358 594 1399 ἐνταῦθα
607 1388 619 1408 ‚
658 1358 751 1401 οὔτε
771 1357 931 1410 ὁπόσας
948 1361 1088 1417 μάχας
1107 1365 1236 1414 ἄλλας
1253 1365 1498 1421 βαρβάρους
1516 1366 1541 1423 ἢ
1565 1367 1742 1410 καὶ(Έλ-

288 1417 418 1468 ληνας
436 1416 630 1468 ἐνίκησεν.
659 1415 708 1457 οὐ
727 1414 805 1472 γάρ
829 1434 867 1458 τι
887 1420 1136 1463 ,Μακεδόσιν
1158 1419 1318 1464 ἱστάναι
1337 1423 1518 1479 τρόπαια
1545 1419 1597 1479 ἦν
1624 1442 1742 1467 νενο-

287 1472 500 1524 μισμένον.
535 1472 642 1511 Haec
661 1476 876 1514 sufficiunt:
911 1486 1050 1527 cetera,
1079 1492 1176 1530 quae
1200 1484 1490 1520 consuetudinis
1510 1497 1683 1521 caussam
1700 1491 1739 1521 et

290 1532 481 1581 originem
513 1540 731 1580 exponunt,
758 1533 930 1572 indidem
959 1539 1059 1574 sumi
1090 1544 1282 1588 poterunt.
1319 1539 1371 1576 Et
1401 1548 1527 1577 tamen
1555 1553 1634 1578 non
1664 1540 1738 1578 hoc

289 1594 437 1625 tantum
459 1589 567 1635 loco,
598 1589 665 1625 sed
685 1596 722 1626 et
742 1603 774 1627 c.
792 1592 863 1630 87.
886 1598 924 1628 et
949 1595 1020 1633 89.
1053 1597 1201 1644 tropaei
1226 1594 1466 1634 Macedonici
1494 1599 1639 1639 mentio
1670 1610 1737 1634 oc·-

287 1646 430 1681 currit:
460 1647 717 1683 meminerunt
737 1654 933 1695 praeterea
956 1652 1044 1698 alii,
1074 1664 1169 1701 quos
1191 1665 1321 1689 omnes
1344 1654 1534 1701 absolvit,
1561 1656 1672 1703 eulpa
1692 1655 1737 1692 in

286 1702 517 1740 Pausaniam
539 1704 682 1750 relata,
722 1703 775 1740 Io.
803 1703 1038 1745 Freinshem.
1059 1708 1105 1745 ad
1131 1708 1172 1744 L.
1194 1707 1260 1745 Ili.
1292 1712 1362 1750 12.
1385 1711 1459 1750 27.
1500 1708 1637 1757 Curtii,
1666 1710 1734 1748 sed

287 1761 370 1796 eius
389 1760 582 1807 opinionis
606 1772 685 1796 non
704 1760 908 1798 admodum
927 1771 1075 1812 certus,
1106 1765 1206 1813 quod
1225 1773 1356 1803 notata
1376 1767 1424 1803 ad
1443 1767 1614 1804 eiusdem
1636 1765 1734 1804 Cur-

285 1817 330 1852 tii
362 1815 404 1854 L.
429 1815 511 1854 Vll.
536 1818 576 1855 7.
615 1817 684 1856 14.
714 1819 937 1866 planissime
971 1821 1157 1858 indicant.
1199 1820 1409 1860 Enimvero
1438 1831 1582 1872 quanto
1610 1826 1734 1875 magis

283 1871 497 1909 Pausaniae
524 1872 822 1921 disputationem
850 1877 1073 1925 considero,
1112 1880 1153 1915 in
1171 1891 1252 1915 eam
1273 1880 1367 1917 abeo
1387 1883 1640 1927 sententiam,
1669 1895 1732 1918 re-

282 1942 375 1965 vera
387 1928 638 1966 Macedonum
661 1932 699 1966 in
716 1944 820 1967 more
837 1944 915 1969 non
936 1934 1056 1971 fuisse
1076 1935 1123 1972 ob
1144 1933 1273 1972 hostes
1291 1937 1399 1973 fusos
1420 1944 1458 1974 et
1477 1937 1633 1987 fugatos
1649 1944 1731 1976 tro-

281 1997 374 2034 paea
402 1997 565 2033 ponere:
609 1986 840 2034 historicos,
867 1989 970 2039 quod
1004 1991 1047 2028 in
1074 2003 1148 2028 usu
1182 1995 1322 2030 ceteris
1350 1993 1391 2030 id
1423 2000 1525 2031 esset
1553 1993 1728 2045 Graecis,

278 2039 441 2096 ἀκύρως
458 2055 540 2078 esse
562 2043 726 2080 locutos.
753 2043 887 2082 Wssss.
925 2059 935 2067 ·

394 2100 465 2139 85.
498 2099 537 2138 5.
570 2096 825 2153 ”Απρακτος
855 2100 900 2141 δὲ
923 2097 1002 2154 ὢν]
1034 2102 1132 2141 Vide
1154 2103 1259 2142 Plut.
1278 2103 1396 2145 Dion.
1419 2117 1456 2155 p.
1480 2106 1587 2147 961.
1611 2106 1657 2144 A.
1687 2114 1728 2145 et

277 2154 414 2193 lustin.
435 2154 483 2191 L-
509 2155 623 2195 XXI.
652 2159 689 2196 l.
717 2156 852 2195 WEss.

393 2212 464 2252 85.
496 2214 573 2252 20.
611 2212 829 2266 Μεγίστην
858 2215 942 2253 τῶν
970 2211 1077 2255 κατὰ
1103 2213 1180 2269 τὴν
1207 2213 1417 2270 Εὐρώπην
1446 2218 1726 2272 δυναστειῶν]

274 2267 540 2308 Λυναστείαν
572 2268 657 2307 vat.
683 2268 802 2308 Basil.
837 2269 933 2323 Reg.
965 2273 1009 2312 2.
1045 2271 1125 2310 Sed
1147 2275 1290 2313 iustum
1309 2281 1369 2312 est
1388 2277 1605 2328 vulgatum.
1636 2278 1724 2316 vid.

276 2338 309 2362 c.
336 2327 373 2365 l.
400 2324 538 2362 WEss.

392 2383 463 2422 86.
485 2384 561 2424 21.
593 2379 683 2434 Τὴν
707 2404 755 2412 —-
777 2381 998 2436 λεγομένην
1018 2382 1225 2438 ἀδάμαντι
1247 2386 1443 2428 δεδέσθαι
1466 2389 1722 2442 τυραννίδα]

274 2436 382 2475 Infra
411 2451 442 2474 c.
476 2440 548 2478 71.
586 2435 662 2491 τήν
689 2455 732 2480 τε
763 2437 1008 2493 περιβόητον
1039 2443 1264 2495 τυραννίδα
1292 2445 1360 2484 καὶ
1388 2445 1628 2498 δεδειιιένην,
1665 2443 1723 2495 ὥς

272 2490 458 2547 ἔφασαν,
491 2490 710 2546 ἀδάμαντι.
752 2496 944 2535 Nimirum
974 2500 1075 2547 quod
1096 2504 1249 2552 egregie
1277 2501 1482 2540 fundatum
1502 2510 1541 2540 et
1566 2503 1720 2542 firmum

270 2552 468 2600 putabant,
497 2552 533 2588 id
547 2554 762 2591 adamante
776 2556 948 2592 vinctum
968 2555 1230 2605 perhibebant.
1259 2557 1468 2596 Aeschines
1487 2562 1528 2596 in
1552 2557 1721 2610 ctesiph.

267 2621 305 2657 p.
329 2609 401 2648 65.
432 2606 538 2646 ἀλλὰ
562 2611 736 2659 χαλκοῖς
767 2609 835 2649 καὶ
863 2611 1363 2665 AAAMANTINOJE
1381 2615 1526 2665 τείχεσι
1544 2613 1620 2668 τὴν
1635 2613 1721 2667 χώ-

271 2678 348 2715 ραν
367 2660 487 2716 ἧμῶν
509 2664 686 2716 ἐτείχισε.
723 2666 875 2703 Docent
895 2670 1088 2716 copiosius
1110 2672 1187 2709 viri
1208 2671 1421 2709 doctissimi
1438 2670 1568 2709 Kuhn.
1592 2679 1629 2709 et
1645 2673 1720 2710 Pe-

268 2723 392 2757 rizon.
421 2721 468 2758 ad
493 2721 643 2761 Aelian.
665 2722 730 2760 Vl.
755 2726 825 2764 12.
852 2718 988 2761 YVESS.

383 2780 454 2818 86.
477 2780 551 2818 26.
580 2776 901 2833 Κηφισοδότου]
933 2781 1097 2833 Sigonio
1118 2782 1260 2822 dicitur
1286 2783 1589 2837 Cephisodorus,
1604 2797 1716 2835 quem

269 2844 318 2870 ex
341 2832 485 2873 Nostro
506 2842 544 2873 et
560 2834 753 2888 Dionysio
774 2835 822 2877 T.
844 2837 894 2878 ll.
915 2850 952 2889 p.
980 2840 1083 2880 115.
1115 2840 1212 2878 bene
1237 2841 1436 2897 redarguit
1462 2841 1712 2895 Sylburgius.
