1859 3326
264 200 315 231 5⁷1
623 204 940 235 STEPHANI
981 204 1359 241 PRAEFATIO.

271 297 497 332 bliothecam
524 298 652 333 Latini
678 311 827 347 quoque
853 301 1005 344 dicunt)
1041 303 1310 346 appellandum
1345 305 1503 339 censuit.
1560 306 1731 346 Nam-si-

274 356 357 399 quis
381 354 449 389 hos
475 355 675 392 historicos
717 360 782 401 (ut
814 369 833 391 e
868 358 996 391 multis
1028 369 1168 402 paucos
1200 364 1445 407 enumerem)
1482 364 1733 406 Herodotum,

277 413 465 452 etesium,
505 412 787 458 Thucydidem,
826 413 1140 459 Xenophontem,
1182 417 1486 463 Theopompum,
1525 421 1731 465 Ephorum,

275 468 496 512 Philistum,
527 471 816 512 Callisthenem,
843 472 1064 514 Timaeum,
1090 484 1202 508 unum
1228 476 1264 508 in
1291 476 1414 509 locum
1442 485 1734 524 congregasset:

277 537 400 559 nonne
433 526 649 561 historicam
692 528 960 560 bibliothecam
1007 532 1046 561 et
1085 540 1167 563 eam
1211 533 1362 577 quidem
1397 535 1730 571 instructissimam

276 583 418 617 habere
451 595 491 617 se
527 587 661 618 merito
695 586 851 628 gloriari
885 586 1037 630 posset?
1085 589 1164 621 Iam
1197 601 1289 624 vero
1325 601 1436 635 quum
1464 590 1656 628 Diodorus
1687 605 1734 629 ex

277 640 410 674 horum
453 652 545 685 quos
585 643 761 674 recensui
808 643 1043 688 aliorumque
1087 647 1288 680 multorum
1333 652 1587 684 monumentis
1641 662 1734 687 suae

277 696 459 731 historiae
486 699 602 730 veluti
628 708 763 742 corpus
788 699 978 742 conflarit,
1027 712 1151 737 nonne
1178 705 1271 737 illud
1306 706 1436 739 itidem
1466 707 1735 743 bibliothecam

276 754 609 796 locupletissimam
646 757 728 790 iure
763 759 903 800 optimo
942 762 1113 793 vocaturi
1146 761 1298 795 sumus!
1346 762 1427 796 Nec
1455 768 1583 799 tamen
1616 768 1655 800 in
1689 779 1736 802 ea

280 820 490 855 quenquam
528 813 704 857 opinione
731 823 816 848 esse
841 816 975 858 velim,
1016 820 1056 849 ut
1084 819 1188 851 illum
1218 829 1264 852 ex
1290 819 1375 853 aliis
1402 832 1507 855 suam
1538 822 1734 857 historiam

278 869 565 911 transcripsisse
598 871 859 905 tantummodo
886 874 1089 907 existimet.
1128 877 1202 909 imo
1241 887 1333 910 vero
1369 879 1570 913 multarum
1607 892 1734 915 rerum

278 934 371 968 quas
397 930 526 958 narrat
549 927 611 969 (de
636 928 681 961 iis
705 928 840 973 loquor
865 941 960 974 quae
988 932 1024 965 in
1053 933 1134 965 eius
1160 936 1332 976 tempora
1357 936 1583 982 inciderunt)
1612 940 1734 972 ocula-

277 985 354 1013 tum
383 980 501 1015 fuisse
528 988 664 1018 testem
691 986 863 1019 omnibus
888 998 1110 1030 persuasum
1144 1000 1229 1023 esse
1263 990 1384 1025 decet.
1431 994 1484 1027 Ad
1513 994 1734 1031 historicam

277 1042 403 1071 autem
437 1043 694 1076 narrationem
725 1044 884 1084 aliarum
911 1055 1038 1077 rerum
1073 1057 1169 1090 quae
1203 1051 1374 1090 tempora
1407 1051 1487 1083 eius
1521 1057 1736 1088 antecesse-

277 1098 385 1136 runt,
423 1098 510 1140 quin
539 1101 696 1134 multum
723 1102 756 1135 ei
781 1102 954 1135 attulerit
975 1103 1183 1137 adiumenti
1210 1105 1376 1138 locorum
1401 1108 1560 1150 saltem,
1595 1112 1633 1143 in
1659 1114 1736 1156 qui-

276 1151 346 1184 bus
372 1153 461 1187 illae
483 1160 616 1200 gestae
640 1157 813 1199 fuerant,
843 1159 1108 1203 pei-lustratio,
1143 1162 1284 1194 nemini
1311 1162 1462 1197 dubium
1490 1176 1575 1201 esse
1596 1173 1735 1212 potest.

275 1210 327 1242 Ae
353 1221 464 1254 quam
489 1215 607 1248 multa
631 1216 922 1259 perlustraverit
946 1217 983 1249 in
1011 1227 1080 1250 sua
1105 1218 1171 1252 illa
1193 1219 1305 1252 Asiae
1327 1224 1440 1264 atque
1463 1222 1638 1268 Europae
1658 1227 1736 1260 lon-

276 1267 434 1309 gissima
460 1274 744 1315 peragratione,
785 1274 890 1306 cuius
924 1275 1097 1307 meminit
1133 1275 1375 1318 (praesertim
1410 1290 1520 1323 quum
1554 1283 1655 1315 illam
1690 1294 1734 1316 eo

277 1325 403 1360 animo
430 1330 670 1373 suscepisset,
695 1334 736 1363 ut
761 1330 908 1363 meliori
936 1330 1010 1364 fide
1037 1342 1104 1365 suo
1130 1333 1168 1365 in
1198 1333 1398 1368 scribenda
1426 1335 1585 1372 historia
1610 1340 1735 1374 officio

276 1380 528 1427 fungeretur)
565 1388 765 1431 unicuique
793 1388 1033 1431 cogitandum
1061 1390 1247 1433 relinquo.
1293 1391 1525 1427 Praesertim
1561 1408 1652 1431 vero
1686 1399 1735 1432 ad

278 1437 462 1475 historiae
495 1442 688 1477 Romanae
721 1446 987 1478 tractationem
1023 1447 1195 1481 omnibus
1235 1450 1352 1491 copiis
1391 1451 1737 1497 instructissimum,

279 1500 319 1529 et
344 1508 475 1532 eorum
506 1500 819 1535 adminiculorum
851 1513 946 1546 quae
979 1505 1121 1547 requiri
1150 1506 1198 1538 ad
1224 1506 1510 1549 perdiscendam
1538 1509 1734 1547 historiam

275 1553 483 1590 Romanam
506 1562 700 1603 poterant,
734 1570 780 1593 ne
810 1559 964 1592 minimo
991 1561 1142 1604 quidem
1171 1563 1393 1597 destitutum
1423 1568 1572 1601 venisse
1605 1571 1735 1603 certis-

277 1614 413 1647 simum
434 1619 503 1649 est.
551 1615 635 1650 Non
660 1617 780 1649 solum
809 1617 908 1650 enim
936 1622 1119 1663 quotquot
1139 1620 1320 1653 extabant
1337 1620 1519 1657 historiae
1542 1625 1737 1662 Romanae

275 1673 481 1716 scriptores
523 1674 810 1718 pervolutandi,
850 1678 981 1717 utpote
1021 1675 1214 1711 Romanae
1262 1679 1413 1722 linguae
1454 1683 1627 1723 peritiam
1668 1686 1737 1718 ad-

278 1733 409 1772 eptus:
442 1731 510 1764 sed
536 1736 574 1764 et
597 1732 755 1765 annales
778 1742 822 1765 ac
848 1732 996 1776 publica
1023 1739 1268 1768 monumenta
1293 1738 1525 1780 consulendi,
1558 1739 1644 1773 dum
1666 1741 1737 1776 Ro-

275 1795 362 1820 mae
388 1792 706 1830 commoraretur,
742 1789 962 1823 facultatem
987 1789 1128 1827 habuit.
1178 1792 1322 1832 Quibus
1348 1795 1561 1829 nominibus
1587 1799 1738 1832 etiamsi

277 1846 534 1879 commendari
558 1857 631 1878 non
657 1851 813 1889 possent
837 1847 994 1880 Diodori
1019 1850 1180 1891 scripta,
1215 1854 1256 1882 at
1279 1850 1341 1883 vel
1367 1850 1436 1884 hoc
1460 1863 1534 1887 uno
1560 1857 1654 1888 satis
1680 1868 1739 1890 su-

274 1909 419 1945 perque
447 1904 786 1937 commendationis
812 1909 1073 1946 mererentur,
1109 1906 1229 1950 quod,
1263 1909 1318 1940 uti
1344 1909 1455 1944 modo
1482 1911 1582 1954 dixi,
1624 1924 1739 1957 quum

278 1957 343 1989 alii
381 1960 443 2002 qui
483 1965 615 1994 extant
640 1959 808 1994 historici
835 1962 945 1994 unius
970 1962 1090 1995 solum
1116 1965 1263 2007 gentis,
1292 1956 1363 1998 'aut
1388 1967 1511 2010 urbis,
1545 1974 1611 2002 aut
1641 1973 1740 2014 prin-

279 2014 373 2057 cipis
396 2022 506 2060 gesta
531 2019 682 2061 scriptis
708 2018 946 2060 mandarint,
986 2019 1068 2062 ipse
1095 2020 1203 2052 nobis
1230 2032 1292 2054 res
1317 2033 1449 2057 onmes
1484 2026 1615 2060 eodem
1647 2033 1738 2061 tem-

278 2080 371 2114 pore
397 2079 525 2116 gestas
550 2077 587 2107 in
614 2077 852 2119 quantumvis
878 2076 1076 2108 disiunctis
1109 2077 1210 2109 orbis
1241 2080 1429 2122 partibus,
1470 2093 1538 2116 suo
1570 2095 1738 2130 quasque

279 2127 377 2169 loco,
405 2132 510 2174 quasi
539 2133 576 2164 in
600 2143 675 2165 una
700 2133 908 2177 eademque
931 2133 1062 2165 tabula
1086 2134 1154 2166 sub
1179 2139 1373 2178 aspectum
1402 2142 1584 2180 posuerit.
1633 2143 1737 2182 Quae

279 2186 430 2228 quidem
457 2199 567 2232 quam
594 2190 875 2233 compendiaria
900 2191 949 2222 sit
973 2194 1011 2223 et
1037 2190 1159 2223 facilis
1184 2191 1231 2224 ad
1256 2194 1386 2227 variae
1412 2194 1594 2231 historiae
1615 2202 1739 2243 cogni—

278 2242 420 2276 tionem
447 2246 526 2286 xia,
569 2248 662 2279 satis
694 2252 831 2280 norunt
864 2248 925 2291 qui
958 2248 1162 2290 scriptores
1192 2248 1435 2284 historiarum
1468 2264 1625 2288 versare
1656 2267 1739 2289 con-

281 2306 498 2337 sueverunt.
549 2302 632 2336 Non
659 2304 777 2346 pollet
799 2304 989 2336 Diodorus
1026 2304 1182 2347 (fatcor)
1216 2307 1376 2351 quadam
1402 2313 1588 2344 sermonis
1615 2312 1739 2346 dulce-

283 2356 371 2390 dine
398 2363 437 2392 et
461 2360 717 2401 iucunditate,
754 2365 795 2392 ut
820 2361 1052 2394 Herodotus.
1100 2362 1184 2396 Non
1210 2369 1269 2397 est
1292 2365 1482 2400 Diodorus
1507 2378 1628 2412 aeque
1656 2371 1739 2402 sub-

280 2413 379 2456 tilis,
419 2426 489 2448 nec
525 2427 646 2461 aeque
679 2421 832 2458 acutus,
877 2428 946 2450 nec
984 2418 1109 2451 verbis
1143 2425 1253 2463 aptus
1288 2426 1327 2455 et
1351 2433 1506 2466 pressus
1539 2421 1659 2471 aeque
1695 2438 1739 2461 ac

282 2469 538 2515 Thucydides
589 2474 672 2507 Non
701 2478 759 2508 est
784 2474 946 2519 denique
972 2477 1003 2509 is
1029 2476 1188 2511 Diodori
1215 2490 1340 2512 sermo
1374 2486 1415 2513 ut
1451 2483 1576 2527 (quod
1599 2484 1645 2517 de
1666 2484 1739 2518 Xe-

282 2528 473 2570 nophonte
501 2533 707 2565 memoriae
734 2532 925 2575 proditum
951 2537 1031 2577 est)
1070 2535 1173 2577 ipsae
1203 2537 1359 2570 Gratiae
1387 2539 1542 2572 tinxisse
1569 2551 1652 2573 eum
1689 2543 1739 2574 vi-

285 2585 366 2618 deri
401 2589 557 2630 possint.
611 2589 686 2622 Sed
718 2590 885 2622 vicissim
920 2600 989 2622 nec
1021 2591 1242 2626 Herodotus
1284 2605 1354 2627 nec
1389 2595 1632 2640 Thucydides
1670 2610 1739 2632 nec

283 2641 493 2688 Xenophon
519 2647 771 2680 universalem
799 2646 993 2681 historiam
1020 2653 1058 2681 et
1082 2651 1320 2696 οἷκουμενικὴν
1348 2655 1405 2695 (ut
1433 2654 1487 2686 ita
1513 2653 1650 2698 dicam)
1676 2667 1740 2689 no-

284 2699 342 2732 bis
374 2702 634 2747 reliqucrunt,
661 2709 703 2737 ut
732 2705 936 2739 Diodorus.
988 2707 1046 2740 Ex
1070 2707 1268 2742 Herodoto
1293 2720 1424 2753 regum
1450 2705 1651 2745 Persarum
1676 2724 1738 2746 res

284 2762 436 2799 gestas,
476 2770 522 2793 ex
553 2760 777 2806 Thucydide
802 2762 903 2796 bella
928 2763 1290 2807 Peloponnesiorum
1324 2778 1406 2799 cum
1434 2767 1738 2812 Atheniensibus,

287 2824 334 2848 ex
358 2815 609 2862 Xenophonte
636 2819 836 2864 praeclara
864 2822 951 2866 Cyri
985 2822 1182 2868 utriusque
1213 2820 1332 2865 sacta,
1373 2825 1539 2872 itemque
1574 2827 1738 2872 Agesilai
