1891 3310
341 165 404 204 IN
433 163 548 204 LIB.
576 163 734 204 XVII.
767 161 894 205 CAP.
928 164 1034 205 115.
1057 175 1107 196 ⁴·-
1133 166 1237 206 117.
1434 171 1528 211 223

185 279 293 319 252.
322 278 397 320 94.
431 279 533 324 Τοῖς
548 273 722 330 μάντεσι
742 273 1140 331 προσαναθίμενος]
1171 276 1262 315 Non
1280 279 1386 317 aliud
1403 288 1463 319 est
1481 296 1526 321 ao

69 339 158 382 τοῖς
176 331 349 386 μάντεσι
367 332 722 388 προσαναφίρων,
750 342 793 372 ut
814 334 923 372 brevi
941 339 1044 384 post,
1071 335 1153 371 sive
1171 333 1354 373 adhibitis
1372 338 1415 374 in
1434 351 1528 376 con-

70 393 201 429 silium
224 405 415 430 sacrorum
439 391 726 441 interpretibus,
770 390 975 429 Geminum
1000 389 1072 428 hoo
1102 388 1146 430 S.
1177 389 1304 429 Paulli
1322 392 1445 442 Epist.
1475 396 1526 433 ad

70 447 196 486 Galat.
215 461 296 497 cap.
317 447 345 485 I.
373 448 442 489 16.
470 443 517 487 οὐ
550 445 869 500 προσανεθέμην
897 446 1020 501 σαρκὶ
1050 445 1118 486 καὶ
1147 446 1304 500 αἵματι.
1336 450 1405 488 ubi
1434 452 1526 491 vide

67 503 222 542 clariss.
254 504 383 542 Lamb.
406 501 497 544 Bos.
530 503 669 541 XVESS.

179 562 287 601 252.
320 562 393 601 98.
422 558 508 600 Καὶ
527 562 644 607 θεοῖς
665 555 962 611 ἀποτροπαίοις
991 555 1160 610 θύσας]
1196 560 1285 600 Vid.
1315 559 1524 612 Spanhem.

67 615 117 654 ad
138 616 332 666 Aristoph.
354 617 455 654 Plut.
476 629 514 655 v.
538 617 659 664 359..
689 617 755 655 ubi
776 617 821 653 de
843 616 933 655 love
956 623 994 654 et
1024 617 1203 665 Apolline
1226 613 1525 669 ἀποτροπαίοις

66 674 187 723 plura.
225 666 399 725 Ἑκάτην
428 672 496 712 καὶ
523 671 620 720 τοὺς
649 670 956 725 ἀποτροπαίους
985 675 1186 725 coniungit
1212 673 1313 711 Plut.
1344 674 1525 726 Sympos.

69 729 111 767 L.
133 728 216 766 vll.
236 741 271 778 p.
295 732 397 772 708.
412 729 455 768 F.
483 730 634 768 eosdem
654 727 751 777 zoi-g
769 728 993 782 τροπαίους
1012 731 1192 768 vocitans
1210 732 1251 768 in
1271 730 1432 770 Conviv.
1463 743 1524 772 vn

69 785 160 834 Sap.
193 798 227 834 p.
253 787 353 826 149.
374 785 438 836 D„
472 793 516 824 ut
533 788 662 825 Iovem
691 790 890 839 τροπαῖον
910 785 1084 835 Euripid.
1109 787 1306 827 Heraclid.
1336 801 1375 828 v.
1399 791 1520 840 937„

67 849 105 878 et
125 854 254 889 sacra,
282 844 419 891 quibus
447 844 572 881 arceri
599 842 727 881 hostes
751 843 1005 892 putabantur,
1030 847 1210 894 τροπαῖα
1239 847 1323 884 τῶν
1354 842 1523 899 ἐχθρῶν

64 898 157 936 ibid.
179 912 216 936 v.
241 899 346 939 403.
395 899 577 938 Herculis
600 897 883 951 ἀποτροπαίου
907 911 1012 937 aram
1042 899 1158 937 habet
1185 900 1442 940 Philostratus
1473 905 1520 942 de

65 952 247 1005 Apollon.
276 954 355 995 Vit.
380 956 421 994 L.
442 956 544 994 VIII.
577 967 611 1005 p.
632 958 760 1004 340„
788 968 874 994 cum
897 963 990 994 nota
1010 956 1171 996 Olearii.
1199 957 1333 995 Wnss.

176 1011 284 1052 252.
310 1012 354 1052 4.
402 1014 508 1060 Ταῖς
538 1008 828 1066 εὖρεσιλογίαις
857 1009 1291 1066 κατασοφιζομείὀυς]
1332 1013 1420 1053 Hoc
1450 1029 1520 1055 cur

63 1067 288 1116 maluerim,
319 1066 525 1108 ostendent
543 1070 737 1119 adscripta
761 1068 805 1109 L.
829 1068 859 1108 I.
885 1070 957 1110 37.
978 1082 1014 1118 p.
1037 1071 1112 1110 45.
1145 1069 1283 1109 lVEss.

176 1123 283 1165 252.
317 1127 356 1166 7.
397 1124 486 1179 Τὴν
515 1125 606 1179 περὶ
635 1124 711 1179 τὴν
732 1125 1005 1177 Βαβυλωνίαν
1033 1124 1212 1179 λίμνην]
1251 1125 1400 1165 Forsan
1425 1127 1518 1167 huic

61 1179 148 1219 loco
169 1180 270 1219 idem
289 1183 477 1235 contigit,
499 1184 600 1233 quod
621 1185 750 1234 paullo
779 1190 891 1230 ante,
918 1189 961 1221 ut
988 1183 1228 1234 Βαβυλῶνα
1249 1190 1290 1220 et
1310 1185 1517 1235 Βαβυλω-

61 1235 154 1276 νίαν
176 1238 460 1277 confunderent
477 1253 740 1279 amanuensem
791 1238 954 1278 Multum
972 1239 1126 1289 quidem
1147 1247 1250 1277 certe
1272 1237 1348 1293 τὴν
1368 1242 1518 1293 Βαβυ-

60 1292 175 1332 λῶνα
202 1298 522 1343 praestantiorem
549 1298 741 1347 reperies,
771 1298 806 1334 si
830 1303 983 1348 propter
1002 1296 1134 1334 urbem
1151 1303 1305 1334 vastum
1334 1297 1436 1335 hunc
1457 1300 1516 1337 la-

63 1361 150 1388 cum
170 1351 290 1389 fuisse
308 1353 538 1391 recorderis.
581 1353 733 1393 Mecum
754 1357 870 1393 sentit
887 1352 1046 1394 Clariss.
1066 1352 1114 1392 T.
1132 1351 1447 1394 Hemsterhusius
1467 1357 1517 1394 ad

59 1405 218 1446 Lucian.
245 1405 428 1460 Necyom.
454 1423 486 1447 c.
508 1411 549 1451 9.
577 1409 714 1449 lVEss.

172 1466 280 1505 252.
312 1467 383 1506 15.
412 1462 485 1513 Εἷς
504 1469 588 1507 τῶν
606 1465 787 1520 ἐρετῶν]
813 1465 922 1516 Nihil
941 1466 1033 1505 hino
1052 1465 1338 1508 demutandum.
1372 1467 1517 1509 Confer

58 1517 212 1559 Arrian.
233 1521 276 1558 L.
298 1520 382 1560 vn.
402 1525 493 1574 22„
522 1531 561 1562 et
579 1536 788 1576 cognosces
806 1527 888 1563 eius
908 1535 956 1562 ex
979 1525 1174 1562 sententia
1192 1527 1306 1563 citius
1326 1522 1398 1565 hoc
1419 1539 1516 1565 con-

55 1577 202 1628 tigisse.
234 1575 370 1616 wnss.

168 1635 278 1674 253.
312 1637 387 1676 27.
410 1631 554 1690 Ἄφνω
570 1634 630 1685 δὲ,
653 1631 789 1690 ὥσπερ
809 1630 891 1677 ὖπό
912 1651 1023 1684 τινος
1040 1636 1197 1689 πληγῆς
1212 1635 1306 1688 etc.]
1336 1636 1404 1676 Sic
1424 1641 1515 1677 vul-

55 1702 107 1740 go
126 1691 167 1727 in
186 1690 398 1730 Alexandri
417 1692 524 1731 obitu
544 1693 940 1746 paratragoediabant.
974 1692 1123 1731 Seneca
1140 1693 1265 1743 Epist.
1285 1694 1512 1734 LXXXIII.

55 1758 93 1795 p.
115 1747 220 1788 345.
262 1749 537 1787 Alexandrum
561 1770 609 1778 -—
631 1750 941 1803 intemperantia
972 1748 1128 1788 bibendi
1152 1756 1194 1788 et
1217 1752 1284 1788 ille
1306 1748 1514 1791 Hercula·-

52 1816 151 1841 neus
171 1804 379 1851 etfatalis
397 1806 566 1857 scyphus
585 1808 774 1847 condidit.
804 1806 1021 1846 Prudenter
1037 1806 1139 1844 Plut.
1158 1807 1268 1845 Alex.
1286 1821 1322 1858 p.
1345 1810 1450 1850 706.
1467 1808 1512 1848 C.

53 1857 173 1915 κᾴκεῖ
189 1859 250 1912 (in
270 1860 391 1899 Medii
408 1861 586 1915 aedibus)
608 1861 712 1904 πιών
729 1861 831 1916 ὅλην
850 1860 926 1917 τὴν
948 1860 1145 1903 ἐπιοῦσαν
1163 1858 1336 1917 ἡμέραν,
1353 1862 1510 1918 ἤρξατο

50 1915 274 1969 πυρέττειν,
300 1915 392 1957 οὔτε
414 1916 669 1961 ΣΚΥΦΟΝ
687 1918 1070 1961 ΗΡΑΚΛΕΟΥΣ
1086 1917 1248 1968 ἐκπιών,
1275 1918 1367 1961 οὔτε
1389 1919 1512 1975 ἄφνω

50 1971 220 2026 διαλγὴς
238 1970 454 2026 γενόμενος
475 1973 522 2015 τὸ
542 1970 814 2045 μετάφρενον,
836 1975 974 2031 ὥσπερ
997 1970 1122 2045 λόγχῃ
1141 1973 1370 2030 πεπληγώς·
1403 1977 1512 2020 ἀλλὰ

46 2026 181 2069 ταῦτά
205 2044 310 2077 τινες
328 2028 458 2086 ᾤοντο
480 2032 564 2072 derv
582 2049 776 2087 ypmfew,
805 2030 942 2087 ὥσπερ
973 2032 1186 2085 δραματος·
1203 2031 1384 2087 μεγάλου
1404 2050 1511 2089 τρα-

46 2083 161 2138 γικὸν
181 2082 339 2134 ἐξόδιον
362 2087 430 2127 καὶ
454 2090 683 2142 περιπαθὲς
704 2083 947 2138 πλάσαντες.
986 2092 1092 2135 Quae
1110 2092 1177 2128 ille
1197 2093 1358 2129 strinxit
1375 2100 1506 2142 aperte

48 2144 90 2179 in
110 2144 329 2193 scriptoreS,
353 2147 418 2195 qui
437 2143 644 2185 Diodoreis
662 2149 804 2185 similia
821 2148 1027 2185 memoriae
1046 2145 1307 2197 prodiderant.
1336 2145 1506 2187 Alexan-

47 2198 115 2235 der
130 2200 248 2237 nimia
268 2201 563 2252 intemperantia
587 2210 625 2242 et
645 2212 852 2256 prorogata
873 2206 1001 2254 plures
1023 2206 1063 2242 in
1085 2204 1166 2242 dies
1188 2205 1344 2254 crapula
1365 2205 1506 2245 febrim

47 2255 120 2292 sibi
140 2263 177 2292 et
195 2264 355 2295 mortem
373 2263 592 2299 maturavit.
619 2261 771 2310 Inspice
790 2259 1078 2310 Ephemerides,
1103 2273 1196 2311 quas
1216 2262 1357 2299 ibidem
1376 2262 1505 2300 subie-

46 2314 99 2348 cit
120 2312 361 2359 Plutarchus,
379 2322 492 2365 atque
512 2313 752 2355 Athenaeum
769 2317 813 2355 L.
833 2317 887 2356 X.
904 2329 941 2368 p.
955 2317 1078 2366 434„
1107 2325 1146 2355 et
1166 2317 1264 2356 nihil
1285 2331 1367 2356 esse
1386 2321 1504 2370 liqui-

49 2368 134 2406 dius
153 2382 300 2406 mecum
319 2372 569 2418 profiteberis·
598 2374 734 2413 VVESS.

156 2426 264 2465 253.
293 2427 365 2466 35.
399 2425 700 2482 Περιελόμενος
721 2427 795 2470 τὸν
827 2422 1069 2478 δακτύλιον,
1104 2426 1228 2471 ἔδωκε
1254 2428 1498 2488 Περδίκκᾳ]

43 2480 139 2518 Vide
168 2480 209 2519 L.
231 2481 373 2520 XVIII.
399 2484 441 2523 2.
483 2486 629 2525 Annuli
652 2487 862 2525 traditione
883 2486 1060 2525 heredem
1081 2486 1270 2535 indicari,
1296 2489 1375 2525 viri
1395 2489 1500 2527 docti

42 2538 250 2575 ostendunt
272 2539 318 2576 ad
345 2538 544 2590 Spartiani
563 2543 685 2581 Hadr.
707 2556 738 2582 c.
764 2544 804 2584 3.
831 2551 871 2581 et
893 2544 1070 2582 Curtium
1091 2544 1132 2582 L.
1157 2544 1210 2582 X.
1231 2546 1274 2584 4.
1300 2545 1436 2582 WEss.

154 2596 260 2635 253.
293 2595 368 2635 37.
414 2598 485 2650 Τῷ
517 2597 756 2654 κρατίστῳ]
794 2600 902 2638 Infra
931 2600 972 2638 L.
1003 2599 1148 2639 XVIII.
1175 2602 1211 2642 1.
1239 2603 1297 2655 τῷ
1322 2598 1494 2656 ἀρίστῳ,

40 2651 139 2700 quod
161 2652 291 2689 eodem
316 2652 426 2690 redit.
454 2655 979 2705 Alexanderfortissimum,
1006 2661 1146 2707 quique
1165 2657 1262 2695 alios
1281 2661 1496 2707 opprimere

40 2716 189 2756 posset,
216 2708 413 2749 innuebat.
447 2710 548 2756 Quid
573 2712 660 2753 Nic.
685 2715 845 2751 Loensis
866 2714 912 2751 de
934 2716 1094 2752 vocibus
1114 2714 1173 2752 his
1194 2716 1401 2762 disputarit
1420 2715 1495 2752 Mi-

39 2765 144 2802 scell.
169 2765 209 2802 L.
230 2764 275 2802 V.
302 2767 388 2813 18..
421 2777 463 2804 ut
485 2768 624 2808 Iustini
644 2769 1015 2810 inconsiderantiam
1037 2773 1331 2823 perstringeret,
1359 2778 1493 2809 notum

37 2827 96 2856 est
118 2822 157 2857 in
177 2823 329 2873 vulgus.
354 2823 487 2861 VVESS.
