1891 3310
607 197 985 230 PRAEFATIO.
1402 200 1527 230 XLIII

67 300 149 338 tur,
203 305 276 340 qua
301 294 468 339 Poggius
495 293 652 328 Nicolao
681 295 724 329 V.
749 305 819 329 sua
843 293 1090 329 consecravit.
1145 292 1194 326 At
1224 294 1436 329 rectissime
1467 298 1527 331 vir

68 352 239 386 eruditus
267 353 351 384 istis
378 351 469 384 nihil
494 352 695 385 admodum
730 352 861 385 tribuit
892 362 962 385 nec
995 351 1088 386 fidit.
1146 351 1298 383 Certum
1328 353 1426 384 enim
1454 358 1526 398 est,

66 409 275 442 Diodorum
305 408 444 442 Latino
477 419 653 442 sermone
689 410 785 441 verti
821 414 993 452 coeptum
1031 419 1115 442 esse
1150 407 1333 443 l’ontilice
1365 410 1524 444 Nicolao

65 468 131 507 V.,
169 468 273 499 cuius
298 466 352 499 rei
381 470 518 499 testem
546 466 628 499 fero
649 472 658 489 ¹
691 466 995 506 MANGETUM,
1042 466 1271 499 luculentum
1307 467 1408 500 vitae
1444 469 1526 501 eius

66 524 263 569 praesulis
286 523 528 565 scriptorem,
568 527 606 556 et
639 527 810 555 vetustas
844 522 1004 556 schedas
1034 523 1231 557 Mediceae
1257 523 1524 567 bibliothecae,

66 583 281 615 versionem
312 581 374 613 isti
406 581 532 624 Papae
567 580 830 614 inscribentes.
874 579 1023 613 Addere
1058 591 1207 625 possem
1239 581 1415 614 lov1un1
1443 584 1522 627 plu-

67 649 202 683 resque
229 639 346 679 alios,
393 638 459 671 sed
484 637 571 670 vide
598 637 717 680 ipsam
746 636 1043 678 dedicationem,
1088 649 1183 682 quae
1210 639 1357 672 Nicolai
1383 640 1446 681 V.,
1485 642 1525 674 in

65 697 198 729 literas
225 697 431 740 doctosque
459 705 589 729 omnes
617 695 915 738 propensissimi,
950 695 1114 728 indolem
1143 697 1195 728 ita
1220 697 1356 740 signat,
1382 702 1424 730 ut
1448 698 1525 732 fru-

68 758 146 786 stra
172 754 308 794 alium,
341 755 399 786 cui
423 754 641 792 conveniat,
668 761 841 796 quaeras
891 751 940 784 Et
969 753 1185 795 credemus,
1221 754 1281 789 10.
1309 753 1523 799 PHREAM,

67 808 266 843 honestum
293 812 428 853 virum,
467 811 537 844 sibi
562 810 690 854 paucis
714 813 798 852 post
823 810 931 841 annis
959 809 1126 843 tribuere
1151 812 1309 844 alterius
1334 823 1441 856 opus,
1469 818 1525 847 at-

67 879 137 912 que
165 878 209 901 eo
233 868 355 901 Paulli
377 869 422 900 11.
452 868 619 901 favorem
658 867 841 910 colligere
877 867 1069 909 potuisse?
1117 867 1220 901 Nihil
1253 870 1422 913 profecto
1457 877 1524 906 aut

66 925 249 957 insulsius
282 929 348 958 aut
382 925 567 965 furacius,
618 935 700 957 cum
737 924 914 968 redargui
949 928 1079 967 posset
1112 924 1314 968 facillime,
1365 940 1524 973 quorum

65 986 266 1026 utrumque
292 983 337 1015 ab
361 984 442 1016 eius
467 983 619 1026 ingenio
644 982 808 1014 alienum
836 981 1046 1025 perhibent,
1074 984 1211 1027 suscipi
1239 990 1424 1027 potuerat.
1465 987 1523 1021 Ne

64 1049 298 1080 memorem,
336 1041 523 1072 versionis
555 1045 748 1072 auctorem
779 1039 949 1072 eiusdem
985 1039 1180 1072 Pontificis
1216 1040 1366 1075 hortatu
1400 1043 1525 1078 Xeno-

64 1095 242 1141 phontem
270 1097 316 1130 de
345 1097 432 1141 Cyri
459 1099 537 1129 vita
570 1096 717 1130 Latinis
752 1097 955 1130 tradidisse
990 1096 1214 1140 legendum,
1251 1108 1360 1141 quem
1388 1099 1525 1146 Poggii

66 1164 150 1188 esse
177 1155 368 1195 laborem,
403 1155 579 1187 confessa
607 1164 666 1187 res
694 1158 772 1187 est:
808 1155 972 1198 adiunge
995 1155 1149 1195 saltem,
1185 1166 1257 1188 non
1287 1157 1359 1190 ista
1383 1157 1523 1193 Diodo-

64 1213 110 1247 ri.
142 1213 208 1245 sed
233 1212 385 1255 Synesii
410 1212 456 1245 (le
483 1212 594 1245 laude
622 1213 763 1245 calvitii
789 1214 965 1245 versione
989 1213 1042 1246 lo.
1065 1212 1226 1246 Phream
1252 1215 1455 1247 amicitiam
1483 1221 1523 1250 ct

62 1270 311 1312 patrocinium
339 1267 459 1301 Paulli
482 1269 525 1304 11.
556 1269 626 1302 sibi
655 1279 822 1312 parasse.
873 1269 1007 1310 Plura,
1043 1280 1138 1315 quae
1164 1269 1405 1306 defendendo
1430 1272 1523 1317 Pog-

63 1327 127 1370 gio
151 1326 211 1359 lo.
236 1326 379 1358 ΒΛΡΤ.
402 1325 694 1358 Rammius
721 1332 833 1371 atque
861 1329 898 1360 in
925 1328 1068 1360 ltaliaz
1101 1328 1165 1360 alii
1200 1328 1350 1362 erudite
1386 1332 1523 1364 condu-

63 1388 222 1424 xerunt,
260 1388 473 1427 praetereo.
519 1382 730 1428 Sequentes
758 1375 929 1420 librin.
956 1385 1037 1420 Xll.
1065 1384 1165 1418 Xlll.
1189 1385 1289 1419 XlV.
1320 1397 1343 1419 a
1369 1399 1441 1431 quo
1470 1390 1523 1422 la-

62 1442 144 1473 tina
168 1445 275 1474 veste
301 1442 377 1473 sint
401 1441 542 1482 induti,
582 1443 619 1473 in
646 1442 822 1486 ambiguo
851 1447 920 1476 est.
980 1443 1168 1475 Incertum
1202 1448 1315 1488 atque
1350 1446 1523 1489 ignotum

64 1499 232 1532 editores
264 1497 526 1539 Basileenses,
578 1499 808 1545 liberiusque
848 1505 887 1533 et
918 1501 1059 1533 maiore
1094 1503 1368 1534 sententiarum
1403 1505 1523 1547 copia,

63 1556 163 1600 quod
194 1556 455 1596 verissimum,
499 1555 727 1589 delectatum
763 1567 870 1598 esse,
913 1558 1130 1591 admonent.
1184 1559 1266 1602 Ego
1300 1571 1392 1593 vero
1427 1560 1524 1595 hanc

64 1623 218 1658 operam
246 1613 367 1657 prima
393 1614 590 1646 iuventute
616 1614 782 1646 Aeneam
813 1614 981 1658 Sylvium
1017 1617 1179 1649 subiisse
1214 1627 1260 1649 ex
1295 1617 1417 1651 literis
1454 1619 1523 1651 do-

62 1671 218 1704 ctissimi
246 1672 356 1704 Am.
381 1671 588 1703 Coccnu
615 1671 770 1704 edoctus
799 1683 896 1705 sum:
926 1672 1011 1706 huic
1033 1678 1134 1706 certe
1153 1673 1317 1707 schedae
1336 1675 1523 1708 Florenti-

61 1739 133 1762 nae
165 1729 401 1762 licentiorem
429 1732 467 1760 et
490 1729 704 1761 uberiorem
732 1730 844 1761 istam
869 1732 1082 1763 versionem
1109 1731 1359 1766 contribuunt.
1409 1733 1523 1772 Quin-

62 1791 140 1819 tum
169 1787 353 1819 decimum
382 1787 569 1818 convertit
593 1786 802 1818 Minoas
828 1787 1114 1829 florentium,
1141 1788 1251 1821 domo
1275 1789 1524 1832 Basileensis‚

61 1843 159 1878 XVI.
188 1848 227 1876 et
250 1842 366 1877 XVll.
389 1844 648 1885 ANoffi:1.1;s‚
683 1845 762 1877 sive
790 1844 1239 1886 nsum-nononmms,
1281 1847 1335 1878 uti
1362 1847 1407 1879 ab
1434 1848 1521 1880 aliis

62 1905 240 1942 vocatur,
280 1901 486 1941 Cosrus,
529 1901 800 1943 Bononiensis,
844 1912 889 1935 ex
917 1902 1030 1935 nobili
1058 1903 1222 1936 fortasse
1250 1904 1523 1947 Cuspianorum

62 1963 197 2002 gente,
239 1958 382 2002 quade
409 1960 594 2002 saepius3
634 1960 766 1994 CAEs.
799 1959 1072 1992 Mnusn:
1114 1965 1191 1993 tres
1218 1962 1391 2002 ultimos,
1433 1962 1523 1994 (luo-

64 2016 354 2057 devicesimum,
402 2016 724 2050 undevicesimum
759 2022 798 2050 et
823 2017 906 2049 XX.
936 2016 1282 2050 Sssnssruxus
1317 2020 1473 2051 CAS'PE
1487 2027 1526 2050 1,-

62 2084 161 2115 ιιι),
213 2075 271 2106 vir
304 2075 342 2106 in
376 2073 433 2106 his
470 2075 592 2107 literis
626 2086 699 2107 non
735 2075 884 2108 obscuri
920 2076 1091 2110 nominis.
1149 2075 1233 2109 Non
1273 2086 1332 2109 me
1367 2077 1520 2121 quidem

62 2131 160 2175 sugit
211 2132 445 2164 ANDREAE
490 2131 744 2165 Dun11=n1o
795 2133 951 2165 latinam
999 2143 1129 2166 eorum
1178 2134 1357 2166 librorum
1410 2134 1525 2167 inter-

63 2189 347 2232 pretationem*
379 2190 426 2221 ab
451 2190 559 2225 Ax'r,
587 2190 867 2222 'l'Elssrnuo
896 2190 1079 2231 adscribi;
1119 2201 1239 2234 neque
1274 2192 1431 2235 ignoro,
1476 2190 1525 2223 ad

64 2257 146 2279 eam
187 2257 314 2279 curam
350 2247 535 2290 inpulsum
571 2257 655 2280 esse
691 2258 713 2279 a
747 2246 980 2279 humosa
1027 2248 1274 2281 MANU'rlo:
1323 2248 1390 2281 sed
1425 2250 1526 2281 intra

62 2298 296 2348 propositum
323 2303 419 2337 hunc
444 2300 617 2337 Dudithii
650 2309 822 2338 conatum
858 2306 1032 2346 stetisse,
1070 2307 1225 2349 opinor;
1266 2317 1385 2351 neque
1423 2307 1523 2339 enim

61 2363 158 2395 alius
185 2366 261 2403 est,
301 2361 399 2406 quod
426 2362 574 2405 quidem
603 2362 801 2403 recordor,
842 2364 903 2407 qui
936 2363 982 2396 de
1010 2365 1186 2397 versione
1214 2374 1259 2397 ea
1286 2364 1522 2403 memorarit,

63 2424 102 2452 et
134 2419 416 2459 anxxosG
448 2419 738 2461 Rrxu'rssnus,
776 2431 848 2465 quo
872 2421 936 2454 ille
964 2425 1061 2454 teste
1088 2422 1227 2463 utitur,
1272 2425 1351 2454 tres
1374 2423 1526 2465 postre—

152 2603 171 2637 1
202 2601 284 2632 Vid.
310 2602 492 2633 Muratorii
519 2602 646 2645 Scr1pt.
670 2602 745 2636 Ital.
770 2603 812 2634 T.
831 2603 893 2637 111.
918 2604 1008 2636 Part.
1028 2604 1072 2636 11.
1097 2617 1132 2648 p.
1152 2606 1231 2641 927,

152 2651 173 2681 2
201 2648 328 2679 (ὶὶοϊη.
355 2648 397 2679 ds:
424 2649 550 2682 Lvttor.
578 2649 681 2681 Tom.
702 2648 761 2682 IX.
790 2661 823 2691 p·
842 2648 919 2684 174.
946 2659 979 2681 et
1001 2650 1080 2686 454.

151 2697 174 2728 3
202 2694 365 2725 Marmor.
391 2695 522 2727 Felsin.
550 2703 631 2728 sect.
659 2695 703 2726 ll.
727 2696 813 2737 Cap.
838 2696 941 2730 Unic,
971 2710 1003 2739 p.
1021 2696 1077 2733 49,
1099 2705 1132 2729 et
1152 2710 1187 2741 p.
1203 2697 1283 2734 365.
1307 2700 1386 2734 516.

151 2741 174 2772 4
200 2740 300 2779 Elog.
326 2746 386 2771 (les
415 2740 574 2771 lionuncs
597 2742 726 2772 Savans
752 2741 795 2773 T.
813 2742 873 2777 lV.
902 2744 1008 2786 p.42.

157 2786 176 2817 5
203 2784 353 2827 Epistol.
383 2787 420 2818 L.
438 2787 498 2818 lx'.
526 2789 576 2822 17.
605 2799 638 2830 p.
658 2786 738 2822 220.

153 2831 175 2863 (ἶ
203 2830 313 2863 Andr.
339 2832 502 2864 Dudithii
527 2833 582 2868 vit,
612 2846 645 2875 p.
666 2836 718 2870 13.
