1859 3326
285 244 401 275 cxw
937 240 967 268 H
986 238 1146 268 EYNE

288 341 440 386 assequi
469 349 541 372 non
564 337 667 370 lieet.
712 336 803 370 Post
832 335 930 368 liune
953 335 1074 379 primo
1098 334 1181 367 loco
1203 335 1254 371 is,
1275 334 1336 379 qni
1363 337 1510 374 aetate,
1549 331 1749 377 prudentia

290 399 390 433 civili
425 400 464 430 et
496 396 673 429 dictionis
705 394 914 433 brevitate,
946 397 1096 426 ceteros
1122 393 1314 432 anteibat,
1349 390 1522 424 Philistus
1547 391 1751 434 Syracusa-

295 467 364 489 nus
391 459 450 487 est
476 450 846 486 commemorandus:
881 449 963 483 eius
995 448 1167 483 historiae
1196 448 1341 482 Siculae
1363 449 1400 490 ¹,
1439 450 1477 482 in
1503 449 1596 480 siuas
1623 450 1752 491 partes

295 514 463 551 dixisae‚
491 511 614 543 altera
647 513 789 551 septem
827 507 934 540 libris
970 507 1053 551 plus
1088 518 1198 552 quam
1233 508 1472 550 octingentos
1507 515 1626 538 annos
1658 514 1754 537 con:-

295 571 425 615 plexa.
459 568 504 600 ad
533 568 681 609 Oly-inp.
707 565 835 605 xcm,
860 563 896 597 3·
923 569 1011 597 ante
1037 565 1075 601 C.
1108 562 1152 600 N.
1187 564 1283 598 348.
1317 563 1365 597 ad
1403 568 1627 607 captumque
1652 562 1759 606 Agri·-

297 633 451 672 gentum
485 625 664 664 deducta,
696 621 892 654 exordium
920 622 1059 656 ducere
1088 622 1220 655 debuit
1244 631 1267 654 a
1292 620 1410 654 Troia
1441 629 1551 666 capta
1569 621 1605 661 ²3
1634 620 1757 652 altera

294 684 402 723 inde,
428 683 489 715 ubi
509 682 610 724 prior
636 689 722 723 pars
747 677 992 720 substiterat,
1016 689 1155 712 exorsa
1179 679 1285 712 libris
1312 682 1474 723 quatuor
1496 687 1557 712 res
1581 676 1758 720 Dionysii

297 741 459 776 senioris
485 741 716 782 persequuta
743 740 826 769 erat
849 737 927 781 (lib.
947 736 1050 777 Xln.
1082 734 1169 770 103.
1184 736 1278 769 add.
1305 734 1402 781 91.).
1428 732 1639 770 Praeterea
1663 741 1758 778 opus

300 798 511 842 singulare,
546 794 593 826 de
629 804 701 836 quo
735 793 800 826 alii
834 794 968 836 silent,
1004 799 1211 836 memorat,
1253 794 1352 839 quod
1385 793 1492 828 libris
1527 794 1671 826 duobus
1701 800 1759 824 res

299 851 467 899 Dionysii
493 849 666 892 iunioris,
701 851 759 883 cui
791 851 873 895 ipse
907 852 1008 884 inter
1041 853 1183 884 amicos
1223 850 1316 892 fuit,
1354 862 1421 896 per
1445 853 1610 896 quinque
1641 859 1761 883 annos

300 912 534 956 complexum
573 915 656 941 erat
689 908 786 953 (XV,
815 909 911 954 89.).
957 909 1048 942 Cum
1081 913 1208 952 autem
1246 908 1338 943 illud
1362 911 1397 943 in
1428 911 1578 954 Olymp.
1603 908 1695 948 ClV,
1720 907 1758 943 2.

300 976 388 1002 ante
415 970 454 1000 (J.
479 966 524 1000 N.
554 966 649 1000 30¹3.
678 966 855 1006 desierit,
885 966 1058 1012 adeoque
1086 966 1133 1000 ab
1159 966 1331 1009 01.Cm,
1364 968 1395 1001 l.
1424 968 1568 1000 initium
1598 965 1762 1006 duxerit,

302 1037 373 1071 quo
403 1025 612 1068 Dionysius
643 1024 772 1057 senior
802 1023 969 1066 obierat,
1001 1024 1044 1059 'et
1076 1025 1123 1059 ad
1150 1026 1255 1060 cuius
1283 1029 1441 1059 mortem
1468 1025 1642 1069 superius
1667 1034 1761 1067 opus

301 1084 501 1117 deductum
531 1081 648 1113 fuisse
669 1081 862 1125 probabile
889 1083 955 1123 fit,
981 1092 1053 1116 non
1075 1083 1144 1116 nisi
1169 1084 1309 1127 primos
1334 1093 1454 1116 annos
1477 1081 1545 1115 filii
1571 1090 1762 1125 exponere

301 1141 394 1174 iliud
431 1140 552 1183 potuit
575 1139 604 1170 ³.
652 1138 838 1184 Quicquid
875 1140 1003 1184 itaque
1040 1141 1127 1174 inde
1161 1141 1207 1174 ab
1247 1141 1520 1185 antiquissimis
1562 1139 1762 1177 aetatibus,

301 1205 343 1231 ut
368 1198 430 1230 lib.
462 1197 492 1232 V
522 1206 575 1239 pr.
609 1202 686 1227 tum
726 1196 813 1229 inde
841 1206 863 1229 a
889 1196 951 1232 lib.
980 1197 1044 1239 xl,
1075 1198 1125 1231 76
1151 1208 1229 1243 sqq.
1259 1198 1306 1231 de
1330 1198 1466 1230 Siculis
1498 1197 1610 1230 rebus
1635 1205 1763 1228 narra-

303 1262 381 1289 tum
409 1258 485 1291 est,
518 1264 537 1285 e
564 1252 714 1285 Philisti
741 1255 867 1296 priore
895 1263 1011 1298 opere
1040 1258 1166 1298 potest
1194 1264 1368 1299 magnam
1398 1259 1542 1298 partem
1570 1263 1654 1287 esse
1681 1263 1762 1296 pro-

304 1312 465 1345 fectum:
490 1316 529 1342 at
549 1314 650 1341 totns
677 1310 740 1343 ille
768 1321 930 1355 regnare
956 1313 1144 1356 putandus
1177 1313 1215 1346 in
1242 1313 1355 1346 rebus
1378 1310 1649 1356 Dionysiorum
1674 1307 1764 1344 libb.

303 1371 404 1411 Xlil,
430 1369 531 1409 xlv,
557 1366 639 1399 XV.

396 1428 612 1469 Exceperat
644 1423 841 1458 Philistum
881 1423 1045 1459 Amanus
1088 1425 1371 1470 Syracusanus,
1402 1433 1464 1461 res
1494 1426 1629 1460 Dionis
1656 1424 1764 1460 libris

305 1484 405 1518 xm.
434 1489 686 1528 persequutus
720 1483 807 1516 inde
840 1482 886 1515 ab
925 1483 1074 1527 Olymp.
1108 1485 1202 1526 ClV,
1239 1485 1274 1521 3.
1333 1485 1476 1519 Debuit
1507 1486 1634 1529 itaque
1671 1484 1765 1517 illud

310 1542 543 1576 descendere
581 1550 697 1583 usque
733 1539 780 1572 ad
815 1540 966 1584 Olymp.
999 1541 1094 1582 (ΣΠ,
1120 1541 1158 1576 3.
1189 1548 1230 1576 ut
1263 1543 1360 1578 adeo
1387 1554 1448 1577 res
1473 1553 1655 1576 annorum
1684 1541 1765 1575 fere

307 1610 441 1633 novem
471 1598 574 1640 (inde
602 1597 647 1629 ab
671 1607 703 1629 a.
731 1602 819 1630 ante
847 1598 886 1630 C.
912 1597 958 1630 N.
985 1598 1077 1633 362.
1106 1600 1153 1633 ad
1183 1611 1242 1633 an.
1269 1601 1364 1637 354.
1393 1600 1768 1645 comprehendere-Q:

311 1658 347 1701 [l
364 1657 528 1700 lo'jidem
555 1656 805 1698 praemiserat
830 1664 904 1687 uno
928 1655 1026 1689 libro
1052 1656 1247 1691 historiam
1275 1669 1296 1692 a
1323 1658 1480 1692 Philisto
1507 1658 1684 1691 intactam
1711 1667 1767 1690 re-

310 1715 437 1747 lictam
463 1713 525 1746 vll
549 1723 732 1744 annon-nin
757 1713 786 1744 ⁴.
835 1713 946 1746 Hunc
970 1714 1085 1757 igitur
1109 1714 1301 1750 Diodorus
1325 1716 1413 1750 iude
1441 1715 1488 1749 ab
1515 1715 1578 1749 lib.
1603 1714 1703 1757 XVI,
1730 1714 1765 1751 5.

309 1776 398 1805 ante
424 1770 553 1802 oculos
579 1768 756 1803 habuisse
775 1768 896 1803 videi-i
922 1770 1067 1805 debet„

401 1826 590 1873 Ephorum
625 1828 659 1859 in
693 1826 807 1860 rebus
838 1828 974 1862 Siculis
1008 1829 1087 1873 ipse
1121 1829 1263 1863 excitat
1303 1830 1454 1864 nomine
1495 1831 1678 1876 apposito.
1724 1830 1768 1864 In

318 1895 480 1920 escensu
528 1885 753 1918 Hannibalis
789 1885 849 1919 01.
880 1885 1059 1928 XC11‚4.
1092 1888 1130 1920 in
1162 1886 1291 1921 Sicilia
1326 1887 1425 1922 facto
1463 1888 1652 1933 Ephorum
1685 1899 1768 1922 cum

312 1945 471 1977 Timaeo
497 1943 710 1983 contendit,
739 1943 819 1984 (lib.
847 1942 948 1985 Xlll,
972 1943 1038 1978 54.
1064 1945 1149 1989 60.)
1176 1951 1215 1979 et
1237 1947 1373 1987 iterum
1398 1950 1467 1979 sub
1493 1948 1551 1981 01.
1579 1947 1707 1989 XClll,
1732 1945 1768 1979 3.

313 2001 431 2044 (xm,
458 2002 527 2041 80)
560 2004 598 2032 et
633 2000 689 2036 Ol.
722 1999 853 2040 xcvi,
883 1999 915 2033 l.
952 2000 1071 2044 (XlV,
1107 2003 1191 2047 54.)
1227 2003 1365 2048 ubique
1392 2003 1438 2037 de
1464 2006 1653 2048 copiarum
1683 2006 1770 2038 Car-

311 2058 605 2103 thaginiensium
642 2067 798 2090 numero
831 2058 993 2091 diversis
1024 2059 1146 2092 modis
1181 2060 1227 2092 ab
1253 2066 1413 2105 utroque
1443 2062 1605 2106 prodito.
1649 2061 1769 2096 Porro

317 2115 581 2159 Theopompum
615 2114 748 2147 Chium
783 2115 820 2147 in
852 2114 1071 2160 Philippicis
1102 2121 1180 2149 tres
1212 2118 1329 2151 libros
1364 2118 1461 2151 xm.
1492 2119 1536 2154 ΙΙ.
1567 2119 1629 2155 111.
1656 2120 1769 2153 rebus

313 2173 450 2207 Siculis
474 2172 707 2216 exponendis
733 2170 964 2215 impendisse
1006 2177 1085 2216 ipse
1122 2173 1313 2208 Diodorus
1347 2175 1507 2218 indicat3
1552 2176 1770 2221 complexos

313 2235 441 2265 autem
465 2239 530 2263 eos
555 2239 640 2263 esse
662 2230 825 2273 spatium
848 2227 891 2262 L.
906 2239 1089 2265 annorum
1114 2231 1201 2266 inde
1224 2241 1247 2265 a
1269 2231 1447 2278 Dionysii
1466 2234 1630 2268 senioris
1654 2234 1771 2269 domi-

407 2355 426 2388 1
454 2350 640 2383 Σικελικῶν
661 2348 830 2387 συντάξεις
856 2348 934 2382 δύο.

405 2400 429 2432 2
447 2398 538 2429 Nam
564 2397 593 2427 si
618 2396 661 2426 ad
688 2407 819 2430 anu-„1111
846 2400 914 2433 348
944 2396 1023 2439 plus
1051 2408 1156 2438 quam
1185 2399 1406 2441 octingentos
1441 2398 1644 2443 addideris,
1675 2400 1770 2434 haud

312 2444 418 2486 longe
436 2443 587 2475 abfueris
606 2454 623 2473 a
643 2442 749 2472 Troia
778 2450 873 2481 capta
896 2452 972 2474 ante
993 2443 1032 2476 C·
1053 2444 1094 2474 N.
1117 2456 1144 2477 a.
1169 2442 1269 2480 1184.

405 2493 427 2526 3
454 2490 618 2520 Ceterum
646 2498 687 2518 ex
711 2487 764 2518 his
790 2488 912 2519 videor
936 2488 1023 2518 milii
1052 2490 1223 2520 rationein
1247 2489 1395 2523 reddere
1435 2502 1536 2534 posse
1565 2491 1772 2525 diversitatis

316 2535 456 2566 numeri
484 2534 576 2577 apud
609 2533 778 2573 Simiam,
802 2536 859 2574 qui
892 2545 945 2564 με
969 2535 1104 2566 Siculas
1132 2536 1232 2568 libris
1262 2536 1323 2571 XI.
1355 2543 1386 2568 et
1413 2537 1573 2582 Dionysii
1608 2538 1770 2571 historias

313 2582 415 2612 libris
433 2580 481 2612 VI
500 2579 768 2621 comprehensas
789 2587 920 2618 narrat3
940 2580 1135 2612 admodum
1157 2583 1360 2622 oscitantem
1382 2595 1466 2615 nam
1485 2585 1601 2627 priore
1621 2597 1770 2617 numero

313 2635 460 2668 utraque
487 2637 565 2669 pars
585 2626 650 2657 Vll
670 2633 703 2656 et
722 2626 769 2658 [V
786 2626 982 2666 librorum,
1008 2628 1116 2658 altero
1141 2628 1295 2660 secunda
1315 2639 1393 2672 pars
1411 2641 1492 2661 cuin
1512 2630 1675 2674 Dionysii
1696 2632 1768 2668 iun.

314 2672 457 2705 historia
486 2673 521 2702 in
539 2683 651 2702 unum
669 2672 814 2702 collecta
831 2673 908 2704 snit.
1294 2676 1299 2679 “

408 2717 431 2753 4
456 2717 515 2748 Sic
542 2717 647 2749 Diod.
673 2717 748 2755 XV,
768 2715 822 2751 94.
852 2725 888 2748 ut
914 2715 1001 2749 adeo
1025 2717 1083 2749 hic
1108 2718 1145 2749 in
1176 2727 1383 2762 computum
1401 2731 1470 2752 non
1487 2719 1645 2754 retulerit
1658 2721 1768 2754 libros

317 2763 399 2794 illos
419 2763 487 2794 (luo
508 2763 551 2793 (le
574 2763 732 2805 Dionysii
754 2763 900 2794 iunioris
919 2763 1040 2803 rebu53
1063 2764 1125 2795 sed
1145 2772 1279 2796 tantum
1309 2766 1420 2797 mains
1440 2767 1529 2799 illud
1548 2780 1633 2811 opus
1655 2767 1770 2800 histo-

317 2809 431 2840 ricum
463 2808 614 2846 Philisti,
644 2808 738 2849 quod
767 2809 802 2840 in
829 2809 989 2850 Dionysii
1016 2811 1164 2841 senioris
1196 2819 1308 2842 morte
1347 2813 1494 2852 exierat,
1529 2812 1588 2845 Ol.
1618 2814 1710 2855 CUI,
1736 2815 1765 2849 l.

318 2863 396 2886 aute
420 2854 458 2889 C,
482 2855 524 2886 N.
541 2858 619 2890 503.
635 2866 651 2885 a
673 2867 742 2896 quo
761 2867 870 2886 annus
892 2855 1062 2898 septimus
1081 2857 1173 2896 CIV,
1196 2858 1229 2892 3.
1249 2858 1325 2893 362.
