1891 3310
390 156 452 195 ιΝ
483 155 836 196 ΕΧοΕκι)ἰἈ
872 156 952 193 DE
986 155 1153 195 vm'r.
1181 157 1259 195 ET
1292 158 1412 201 ΠΤ.
1546 164 1632 205 511

174 275 283 308 rant.
343 268 442 307 Eum
462 272 588 320 ipsum
611 270 796 321 inteiligit
815 270 1014 319 Appianus
1033 271 1099 308 lib.
1113 270 1142 308 1.
1167 269 1360 325 (1›.634.)
1387 272 1455 312 uhi
1479 272 1644 314 Servilii

174 326 330 364 Procos.
351 326 505 364 caedem
528 333 815 366 commemorat.
875 327 1026 367 VALES.

290 397 397 436 (512.
428 395 503 436 34.
547 391 599 435 Οἳ
614 391 844 446 Πιννῆται]
895 393 998 432 Urbs
1018 394 1266 433 Vestinorum
1288 402 1348 432 est
1368 395 1518 445 Pinna,
1546 397 1640 436 Pto-

173 453 318 490 lemaeo
337 458 546 489 memorata
565 453 605 489 in
625 452 690 488 lib.
706 452 746 490 3.
769 449 825 503 (p.
843 449 935 503 73.)
959 453 1068 489 cuius
1090 453 1195 489 cives
1214 452 1431 490 Pinnenses
1455 454 1639 494 dicuntur

173 507 509 562 al’lmio(1ib.3.
538 504 632 556 12.)
667 507 699 545 V
703 518 820 548 uus.
881 507 994 548 Conf.
1019 508 1115 545 Exc.
1137 508 1223 545 Vat.
1243 522 1278 558 p.
1296 509 1400 549 132.
1427 511 1498 551 15.

292 579 399 618 612
427 577 501 616 35.
535 571 853 626 Ἀιιετάπιστον
890 596 939 605 --
971 573 1077 629 πρὸς
1101 570 1332 627 εῬωμαιοις·
1363 576 1637 629 σῑμμαχιάν]

175 631 398 684 Legcndum
429 647 513 670 esse
534 632 681 670 arbitor
709 628 1053 683 ἀμεῖάσπειστον.
1112 632 1211 670 Nam
1233 633 1331 671 illud
1355 630 1638 684 ἀμεταπιστον

175 703 260 727 meo
290 690 441 739 quidem
480 689 622 727 iudicio
657 688 847 726 Graecum
881 703 958 727 non
991 698 1060 726 est.
1105 688 1256 727 VALES.
1315 689 1406 728 Non
1435 691 1636 729 dissentio.

171 744 369 795 Frequens
389 753 447 783 est
465 747 644 783 confusio
665 747 940 784 vocabulorum
961 746 1162 784 eiusmodi.
1212 744 1428 794 ’‘Amo-tog
1456 755 1494 785 et
1525 745 1639 787 εἴπει-

172 818 271 850 στος
301 805 342 839 in
372 802 444 840 hoc
473 804 589 841 etiam
619 815 737 840 censu
767 809 870 839 sunt.
931 801 1028 839 Vide
1059 803 1174 840 Vales
1179 805 1257 840 ium
1280 803 1328 841 ad
1350 802 1490 842 Euseb.
1515 804 1636 842 Laud.

172 859 376 897 Constant.
396 872 478 910 cap.
495 861 566 901 16.
590 858 742 898 etDm
720 872 846 897 isium
866 861 907 897 in
921 858 1027 897 Max.
1042 857 1139 910 'lyn
1162 858 1269 901 Diss
1282 859 1458 902 XXXIl
1479 875 1516 914 p.
1530 864 1638 906 616.

169 916 391 1014 xVESS612-
422 973 498 1013 46.
537 972 626 1025 Τῆς
653 986 738 1011 ‘cmv
760 965 978 1022 ’Ῥωμαίων
1005 967 1071 1024 ἧς
1061 969 1255 1024 μμιοιιας]
1305 972 1410 1025 Lego
1429 989 1530 1022 τους
1551 976 1636 1014 τῶν

163 1024 290 1081 εΡιι.)μ
320 1003 792 1082 7,)εμοιας1ῑΡτειοΙὶιηι
813 1028 909 1067 illud
927 1030 1138 1080 intelligit,
1171 1042 1246 1077 quo
1270 1029 1424 1068 Manius
1443 1031 1637 1080 Aquillius

171 1093 210 1123 et
241 1088 285 1131 Q.
305 1086 452 1137 Oppius
481 1099 568 1124 eum
589 1084 630 1123 L.
647 1085 781 1124 Cassio
805 1092 843 1123 et
861 1084 1073 1123 Nicomede
1092 1099 1182 1135 rege
1204 1084 1410 1136 Bithyniae
1432 1100 1456 1124 a
1480 1088 1637 1126 Mithri-

167 1143 257 1237 (117³oe
279 1146 375 1182 victi
394 1150 497 1182 sunt.
554 1143 614 1182 De
632 1155 708 1193 quo
727 1142 820 1182 vide
840 1142 1058 1193 Appianum
1079 1144 1122 1181 in
1141 1141 1408 1181 Mithridatico
1434 1143 1492 1198 (p.
1505 1145 1634 1196 315.)

205 1211 322 1239 ALES·

285 1257 393 1297 612.
421 1256 497 1296 47.
536 1255 622 1296 Καὶ
644 1252 826 1302 πολλοὺς
852 1251 1093 1309 ζωγρήσας]
1135 1253 1280 1292 Confer
1294 1253 1458 1306 Appian.
1481 1255 1638 1296 Mithri-

168 1312 245 1350 dat.
268 1323 305 1363 p.
322 1313 430 1353 313.
460 1315 634 1363 captivos
652 1313 859 1364 Bithynos,
885 1312 1176 1364 Gallograecos,
1204 1312 1452 1363 Cappadoces
1469 1321 1508 1350 ct
1523 1314 1636 1352 Asia-

168 1383 311 1407 norum
339 1371 437 1407 alios
466 1381 488 1407 a
518 1370 744 1408 Mithridate
775 1383 924 1408 summa
954 1371 1135 1408 comitate
1165 1376 1204 1407 et
1222 1367 1374 1408 habitos
1394 1377 1432 1408 et
1454 1371 1635 1409 dimissos

164 1428 411 1466 referentem.
472 1426 609 1467 WEss.

281 1495 388 1535 613.
416 1494 489 1534 53.
528 1492 614 1534 Και
635 1490 711 1534 33*
694 1510 741 1534 ον
760 1510 828 1533 και
850 1495 1022 1547 σωτῆρα
1043 1489 1469 1546 προσαγορευόντων]
1501 1494 1633 1545 Turpe

163 1550 270 1589 istud
298 1551 533 1589 adulationis
563 1564 687 1603 genus
715 1552 811 1589 alias
836 1564 907 1588 nos
936 1553 1138 1603 attigimus
1161 1559 1198 1588 et
1231 1550 1304 1588 Th.
1330 1551 1515 1589 Gataker.
1538 1552 1635 1590 Mis-

166 1609 303 1645 cellan.
326 1608 409 1647 Li.
433 1608 473 1647 3.
500 1621 539 1658 p.
560 1610 662 1650 187.
704 1608 930 1658 Opportune
951 1607 1087 1646 Cicero
1109 1620 1178 1657 pro
1199 1607 1339 1646 Flacco
1375 1622 1409 1648 c.
1429 1611 1505 1650 25.
1553 1610 1635 1647 Mo?-

166 1665 385 1703 thridatem
415 1663 567 1713 Deum,
608 1667 718 1704 illum
745 1665 937 1713 Patrem,
986 1666 1097 1702 illum
1131 1665 1462 1703 Conservatorem
1495 1666 1634 1715 Asiae,

163 1723 275 1760 illum
296 1722 452 1769 Evimn,
481 1721 717 1773 Dionysum,
743 1721 963 1769 Bacchum,
994 1722 1179 1759 Liberum
1201 1723 1472 1763 nominabant.
1522 1724 1632 1760 Adde

161 1777 415 1816 Posidonium
428 1806 439 1825 ,
470 1791 584 1829 quein
602 1786 800 1817 auctorem
816 1778 930 1816 huius
944 1781 1007 1816 *rei
1027 1778 1224 1816 Diodorus
1245 1778 1403 1828 habuit,
1424 1781 1468 1818 in
1488 1780 1630 1818 Athen.

160 1835 303 1876 V·12.
361 1835 500 1875 VVESS.

278 1904 384 1944 613.
419 1905 493 1944 61.
533 1899 619 1943 Καὶ
650 1898 725 1942 τὸν
751 1898 996 1953 Ἀκι’λλιον]
1055 1901 1161 1953 Lego
1190 1898 1448 1943 'Am-[Utov.
1493 1906 1632 1954 quippe

163 1958 320 1997 Manius
351 1959 532 2008 Aquilius
556 1973 579 1997 a
606 1960 854 2009 Mitylenaeis
877 1960 1034 1997 vinctus
1058 1972 1102 1996 ac
1125 1958 1348 1998 Mithridati
1370 1967 1430 1997 est
1449 1961 1631 2010 traditus,

159 2023 205 2054 ut
224 2017 360 2054 scribit
375 2016 602 2054 Paterculus
622 2017 688 2054 lib.
703 2016 751 2054 H.
776 2017 876 2068 (cap.
891 2013 983 2069 18.)
1043 2016 1195 2053 VALES.

278 2085 385 2124 613.
418 2085 492 2125 67.
526 2079 578 2125 ‘O
606 2082 651 2124 δὲ
678 2082 824 2137 καίπερ
849 2082 941 2131 νέος
972 2080 1057 2136 ὧν]
1102 2083 1209 2122 Haec
1231 2085 1404 2121 uoniam
1427 2084 1474 2121 de
1495 2083 1628 2123 Manio

135 2139 318 2190 ,Aquilio
357 2141 615 2194 intelligenda
655 2148 771 2188 sunt,
823 2154 935 2190 quem
964 2148 1118 2179 constat
1146 2143 1281 2180 vivum
1310 2142 1350 2178 in
1385 2140 1628 2179 Mithridatis

160 2210 299 2234 manus
327 2200 496 2236 venisse.
554 2199 618 2236 Ex
637 2197 791 2236 Valerio
811 2198 917 2236 Max.
944 2199 1011 2236 lib
1027 2198 1103 2236 IX.
1138 2198 1315 2248 Appiano
1343 2199 1385 2235 in
1419 2197 1628 2237 Mithrida-

137 2256 240 2292 ,tico
270 2266 305 2302 p.
329 2255 436 2295 316.
477 2261 519 2296 et
543 2255 780 2302 Posidonio,
822 2256 931 2293 cuius
960 2254 1055 2292 haec
1081 2256 1201 2293 verba
1231 2259 1343 2302 sunt,
1381 2251 1552 2301 Μάνιος
1583 2255 1628 2295 df*

157 2305 434 2357 ’.Ακὺλὶιος
415 2326 436 2350 ο
468 2306 711 2358 ’ὗπατευκως
744 2306 764 2352 ὃ
791 2308 866 2351 τόν
888 2308 969 2351 ἀπὸ
991 2311 1180 2358 Σικελίας
1200 2325 1447 2363 mammam
1469 2311 1628 2365 θ”ριαμ-

159 2367 239 2417 βον
262 2364 389 2405 συνὸέ
368 2382 461 2419 ετην
483 2364 586 2419 ἔχων
607 2363 749 2408 ἁλύσει
769 2371 913 2424 μακρᾶ
936 2364 1191 2421 Βαστάριην
1215 2364 1480 2419 πειτάπηχυν
1507 2367 1629 2417 πεζὸς

159 2418 242 2461 υπὸ
267 2439 358 2462 mne
354 2421 418 2470 ’ως
436 2410 1250 2478 2‘22fvac·apudAt11enaeunili1›.V.(12
1272 2438 1307 2474 p
1319 2424 1444 2475 213.)
1475 2425 1539 2463 Ex
1551 2439 1626 2477 quo

139 2504 142 2505 ν
161 2481 258 2517 satis
286 2487 394 2529 patet
424 2479 517 2518 haec
537 2480 701 2520 Diodori
727 2482 845 2520 verba
864 2482 914 2519 ad
935 2483 1052 2520 alium
1074 2483 1290 2531 quempiam
1315 2483 1528 2531 pertinere,
1558 2485 1624 2531 qui

160 2549 248 2574 cum
271 2550 293 2574 a
312 2536 561 2588 Mitylenaeis
584 2538 815 2576 vinciendus
836 2545 963 2586 esset,
990 2541 1192 2588 semetipse
1217 2538 1376 2578 occidit.
1439 2539 1518 2576 sed
1541 2541 1624 2577 eius

159 2605 303 2630 nomen
320 2596 471 2632 incuria
490 2597 773 2644 exscriptorum
796 2597 980 2633 omissum
1001 2603 1071 2633 est.
1110 2595 1263 2633 VALES.
1318 2594 1407 2632 Non
1432 2595 1623 2633 intactum

158 2652 318 2698 reliquit
340 2652 385 2688 de
407 2651 556 2702 Aquilii
581 2653 687 2689 exitu
709 2652 911 2702 disputans
933 2651 1035 2688 hunc
1053 2654 1180 2690 locum
1200 2652 1249 2689 ad
1272 2650 1447 2689 Ciceron.
1465 2651 1618 2702 Disput.

160 2705 321 2744 Tuscul.
340 2707 382 2745 L.
399 2707 445 2748 V.
475 2709 515 2747 5.
541 2708 594 2745 Io.
618 2707 816 2746 Davisius.
872 2707 1027 2759 Optime
1056 2710 1247 2748 Valesius.
1304 2708 1413 2746 Haec
1441 2710 1545 2746 enim
1573 2709 1622 2746 ad

159 2762 334 2802 Manium
355 2764 569 2814 Aquillium
588 2766 726 2803 referri
745 2777 824 2802 non
843 2771 1020 2815 possunt,
1051 2779 1164 2817 quem
1185 2768 1362 2817 legatum
1376 2767 1520 2817 populi
1539 2766 1621 2804 Ro-

158 2823 270 2860 mani
285 2823 535 2862 consularem
557 2824 727 2861 vinculis
747 2835 797 2861 ac
817 2822 1047 2861 verberibus
1066 2831 1188 2876 atque
1207 2825 1313 2862 omni
1333 2823 1529 2875 supplicio
1549 2837 1620 2861 ex-
