1875 3310
398 207 559 241 OECON
567 207 686 239 onim
724 207 993 242 Hts‘romAE
1029 210 1259 248 monom.
1448 215 1564 249 cxc!

191 303 286 339 Anu.
308 307 344 342 2.
391 303 602 349 Dionysius
623 302 775 338 tandem
793 306 942 349 cogitur
958 306 1135 344 abdicare
1154 311 1417 357 principatum,
1439 317 1479 348 et
1494 318 1564 351 (30.

87 362 214 396 -rinthi
239 364 354 396 vitam
383 371 500 406 agere
524 362 723 406 privatam.
771 362 853 402 Quo
878 363 979 398 facto
1002 366 1202 401 Timoleon
1224 368 1473 413 Syracusanis
1498 373 1564 407 de-

101 420 341 453 mocraticam
362 418 520 452 formam
540 428 731 463 novasque
751 418 859 463 leges
877 419 993 455 dedit.
1041 422 1142 459 Iovis
1157 425 1322 470 Olympii
1341 431 1561 465 sacerdotes

97 477 232 509 annuis
256 477 539 521 magistratibus
558 476 823 521 fungebantur.
854 487 884 510 c.
904 479 958 514 70.

191 532 384 578 Philippus
403 532 626 574 Thraciam,
654 532 803 566 devicto
822 543 912 577 rege
933 534 1200 581 Cersobleptc,
1223 540 1376 585 subigit.
1410 554 1440 577 c.
1456 546 1512 582 71,

189 596 208 613 ⁴¹
228 593 284 625 De
304 590 548 636 Theopompo
569 589 662 624 Chio
677 590 801 624 obiter
819 598 1108 635 commemorat,
1141 595 1222 629 eius
1241 607 1356 641 opere
1379 599 1559 637 historico

98 651 211 685 etiam
232 660 293 684 res
315 649 460 683 Siculas
479 649 640 683 traditas
663 657 761 681 esse.
793 649 876 684 c.71
896 653 992 681 extr.
1025 650 1081 684 Cf.
1099 662 1212 696 supra
1232 664 1262 687 c..
1273 658 1309 694 3.

187 706 282 740 Αηη.
307 708 340 743 3.
385 706 538 741 Mortuo
555 705 737 750 Arymba,
764 714 855 749 rege
876 705 1150 751 Molossorum,
1175 713 1371 746 annitente
1386 713 1559 761 Philippo

97 765 330 807 Macedone,
356 763 525 797 succedit
545 762 778 805 Alexander,
801 761 1037 806 Olympiadis
1057 765 1187 801 frater.
1212 779 1241 806 c.
1253 773 1298 806 72
1317 780 1371 813 pr.

190 823 230 855 In
251 822 379 855 Sicilia
395 821 595 854 Timoleon
613 820 788 854 Hicetam
812 822 929 854 armis
954 825 1216 867 persequitur,
1239 825 1460 871 Leptinem‚
1484 831 1559 864 En.

94 881 294 925 gyinorum
322 883 546 923 tyrannum,
575 878 696 922 capit,
731 879 825 912 etin
852 879 1025 912 exsilium
1053 882 1186 923 mittit,
1216 886 1341 918 terras
1365 887 1562 933 Carthagi.

97 939 283 971 niensium
304 936 580 980 depraedatur,
607 936 820 980 multasque
837 936 1012 970 civitates
1031 937 1067 969 in
1087 938 1198 972 Iidem
1222 942 1367 986 recipit.
1414 945 1559 987 Quibus

93 996 207 1029 rebus
229 994 461 1029 consternati
480 992 817 1038 Carthaginienses
834 994 932 1028 alios
952 993 1068 1028 duces
1089 1005 1280 1041 novasque
1301 1003 1427 1046 copias
1447 1004 1485 1038 in
1505 1004 1560 1038 Si.

93 1053 216 1086 ciliam
240 1053 405 1085 mittunt.
440 1060 471 1083 c.
488 1054 543 1087 72.
568 1053 625 1087 73.

186 1112 285 1144 Anu.
304 1108 337 1145 4.
383 1110 400 1127 ²*
425 1106 659 1149 Clitarchus,
692 1107 869 1142 Eretriae
894 1111 1100 1152 tyrannus,
1134 1117 1157 1142 a
1185 1107 1354 1158 Philippo
1379 1119 1560 1154 constitu-

92 1173 166 1208 tus,
193 1177 290 1201 nunc
306 1177 328 1199 a
351 1166 540 1200 Phocione
559 1165 781 1200 Atheniensi
798 1166 1006 1209 principatu
1025 1164 1209 1201 deiectus.
1234 1185 1279 1194 -—
1305 1172 1348 1206 ln
1360 1175 1469 1209 Caria
1480 1177 1560 1212 Ada

92 1235 212 1269 regno
231 1225 435 1268 expellitur
452 1234 474 1256 a
491 1223 699 1262 Pixodaro,
724 1222 855 1258 fratre.
888 1233 919 1259 c.
939 1222 985 1258 74
999 1234 1055 1268 pr.

186 1281 379 1325 Philippus
403 1282 440 1313 in
466 1280 645 1314 diuturna
666 1278 836 1313 Perinthi
855 1279 1059 1318 ,obsidione
1087 1286 1127 1316 et
1153 1285 1432 1328 oppugnatione
1451 1299 1558 1325 occu-

92 1343 216 1385 patus.
255 1339 460 1383 Byzantini
478 1342 517 1371 et
534 1337 675 1371 Persae
693 1337 860 1371 obsessis
877 1339 1021 1372 auxilio
1039 1341 1208 1374 veniunt.
1254 1341 1345 1376 ldeo
1365 1343 1557 1392 Philippus

91 1403 236 1444 partem
259 1398 450 1441 copiarum
470 1394 517 1428 ad
530 1395 828 1439 'oppugnandum
848 1395 1074 1439 Byzantium
1096 1399 1220 1434 mittit.
1251 1409 1282 1432 c.
1299 1400 1464 1441 74-76,

182 1455 340 1489 Adiecta
365 1454 501 1487 notitia
517 1452 564 1487 de
581 1452 734 1498 Ephoro
752 1455 792 1486 et
806 1451 960 1496 Diyllo,
993 1462 1122 1488 rerum
1146 1459 1227 1489 tum
1248 1460 1443 1502 gestarum
1468 1462 1558 1499 scri-

89 1514 273 1560 ptoribus.
305 1521 336 1545 c.
352 1513 397 1550 76
414 1514 514 1548 extr.

691 1597 818 1646 Olym
827 1609 865 1644 p.
885 1598 961 1634 CX.

177 1679 273 1716 Arm.
298 1682 331 1717 1.
380 1678 631 1714 Athenienses
651 1678 960 1723 Graecorumque
986 1677 1074 1721 alii,
1106 1678 1153 1713 ob
1177 1679 1403 1725 Byzantium
1431 1684 1560 1721 obses·

90 1749 172 1773 sum
185 1763 195 1782 ,
217 1738 358 1772 bellum
378 1744 514 1783 parant
529 1737 567 1771 in
585 1735 818 1782 Philippum,
842 1736 943 1782 quod
960 1740 1002 1770 ut
1020 1736 1208 1781 declinet,
1229 1739 1464 1776 obsidionem
1483 1744 1558 1779 sol·

87 1799 154 1831 vit.
190 1807 219 1830 c.
236 1800 280 1833 77
301 1805 354 1839 pr.

180 1852 256 1886 Sed
281 1853 326 1897 {in
352 1851 482 1884 Sicilia
504 1849 646 1883 bellum
675 1858 815 1894 magna
839 1851 1084 1885 contentione
1108 1852 1267 1896 geritur.
1320 1853 1556 1892 Timoleonti

88 1909 332 1956 pugnandum
351 1912 435 1942 erat
450 1913 529 1942 tum
549 1911 682 1941 contra
701 1908 841 1941 milites
857 1908 1082 1951 seditiosos,
1107 1919 1130 1942 a
1152 1909 1315 1945 Thrasio
1335 1913 1495 1956 quodam
1513 1916 1554 1950 in

90 1978 176 2002 eum
205 1968 433 2007 concitatos,
471 1969 550 1998 tum
577 1969 708 1998 contra
731 1964 912 1998 infestum
936 1965 1307 2011 Carthaginiensium
1331 1972 1554 2015 exercitum,

89 2025 197 2058 novis
226 2025 344 2067 copiis
369 2027 532 2057 auctum.
585 2021 740 2055 lteratis
766 2023 922 2065 proeliis
945 2023 1146 2058 Timoleon
1174 2026 1307 2059 victor.
1359 2026 1556 2073 Carthagi-

86 2083 262 2123 nienses,
289 2081 376 2114 aliis
394 2082 550 2125 insuper
569 2081 680 2114 malis
698 2080 846 2123 afflicti,
872 2080 919 2114 de
936 2080 1020 2126 ipsa
1037 2080 1163 2115 Africa
1178 2086 1338 2128 pavent,
1364 2089 1405 2118 et
1421 2095 1555 2128 pacem

85 2142 282 2184 expetunt.
311 2149 342 2172 c.
357 2139 523 2175 77—81.

178 2195 275 2229 Αηη.
297 2197 333 2232 2.
378 2194 583 2228 Thrasium
606 2196 645 2228 et
668 2193 834 2228 rebelles
850 2194 991 2229 milites
1006 2195 1207 2230 Timoleon
1225 2194 1354 2230 Sicilia
1372 2199 1477 2233 exire
1499 2200 1554 2234 iu-

85 2255 172 2296 bet,
196 2253 430 2287 Postumium
447 2252 704 2297 Tyrrhenum,
728 2252 902 2295 piratam,
921 2253 1062 2296 domat,
1090 2255 1264 2288 Hicetam
1283 2254 1384 2289 bello
1403 2261 1553 2300 captum

86 2313 307 2352 obtruncat3
336 2314 413 2344 tum
432 2307 561 2354 pacem
586 2320 669 2342 cum
690 2309 1066 2354 Carthaginiensibus
1086 2314 1287 2357 componit.
1335 2312 1445 2346 Pacis
1460 2324 1552 2347 con-

86 2371 264 2403 ditiones.
310 2368 388 2401 Iam
404 2377 496 2401 vero
517 2368 733 2400 universam
752 2366 918 2400 Siciliam
940 2369 976 2401 in
996 2370 1213 2404 libertatem
1228 2370 1412 2412 vindicat,
1443 2373 1551 2406 novis

87 2428 229 2462 colonis
250 2429 386 2470 auget,
408 2425 558 2469 legibus
575 2426 833 2469 institutisque
853 2424 1161 2461 florentissimam
1180 2428 1315 2463 reddit.
1356 2438 1386 2460 c.
1401 2430 1456 2463 82.
1487 2430 1548 2465 83.

174 2482 270 2519 Anu.
297 2487 330 2522 3.
378 2483 550 2516 Tandem
573 2483 781 2516 revertitur
797 2481 989 2517 Diodorus
1010 2484 1058 2517 ad
1077 2485 1308 2529 propositum
1331 2483 1442 2517 huius
1462 2485 1550 2518 libri

86 2541 320 2587 primarium.
372 2539 586 2585 Philippus,
618 2539 819 2573 conciliata
840 2540 1086 2584 plurimorum
1115 2542 1299 2576 Graeciae
1325 2541 1549 2586 populorum

84 2598 273 2639 amicitia,
316 2600 360 2630 ut
385 2597 570 2631 Graeciae
596 2597 794 2641 imperium
822 2606 1139 2642 consequeretur,
1183 2598 1394 2632 consultum
1428 2598 1549 2641 duxit,

83 2654 398 2697 Atheniensibus,
429 2659 507 2688 tum
533 2655 696 2688 maxime
715 2654 763 2688 ad
781 2654 922 2688 bellum
943 2656 1157 2700 imparatis,
1184 2656 1378 2699 inopinato
1405 2655 1545 2689 bellum

83 2711 239 2746 inferre.
285 2711 384 2745 Belli
397 2712 713 2746 *inathenienses
731 2714 830 2756 gesti
851 2711 1009 2746 historia
1025 2717 1065 2746 et
1081 2717 1251 2747 eventus.
1274 2731 1320 2738 -
1350 2711 1481 2759 Pugna
1497 2713 1545 2747 ad

85 2767 345 2804 Chaeroneam
365 2770 404 2804 in
421 2769 583 2805 Boeotia
598 2769 688 2804 victi
706 2768 972 2808 Athenienses.
1005 2781 1036 2808 c.
1059 2770 1224 2809 84—88.
