1891 3310
557 196 623 250 m
655 196 1075 241 FRAGMENTA.
1460 206 1551 248 537

93 318 175 357 cuit
183 313 204 363 {J
255 313 345 358 Non
364 319 468 355 certe
484 313 589 354 Plut.
612 327 659 352 eo
678 313 788 364 loeo,
819 324 943 363 neque
965 313 1007 353 in
1025 312 1108 352 vu.
1137 313 1229 367 Sap.
1247 313 1372 358 Conv.
1393 320 1553 370 p>.159.

91 374 170 420 Ε.,,
187 385 311 423 neque
325 372 505 424 Sympos.
527 370 723 418 1..1V.1.‚
749 370 891 408 nedum
904 369 1135 422 Fulgentius
1158 372 1203 410 de
1219 372 1342 412 Serm.
1355 377 1488 427 Antiq.
1510 379 1554 417 in

95 429 339 479 Kalen-eudes,
372 437 439 467 aut
451 429 666 467 Pausanias
687 426 808 466 LIV.
834 428 905 469 19.
966 428 1047 465 lmo
1069 441 1163 466 vero
1180 431 1398 474 clarissime
1423 443 1554 472 osten-

94 488 213 535 dunt,
251 482 535 539 ἑκατομφόνια
562 486 657 523 illos
670 482 953 523 Messeniorum
984 485 1069 523 lovi
1089 484 1302 539 Ithomatae
1326 490 1556 539 celebrasse,

95 539 244 584 ὁπόσοι
271 542 493 594 πολεμίους
521 537 678 594 ἄνδρας
711 536 1034 594 κατεργάσαιντο
1065 536 1234 593 ἑκατόν,
1274 547 1344 597 qm·
1357 547 1555 599 inpugna

95 601 228 640 hostes
260 606 415 639 centum
439 597 720 646 confecissent.
775 597 867 636 Non
894 611 987 650 ergo
1009 596 1138 644 hoste-s
1170 601 1246 649 ipsi
1271 604 1556 655 mactabantur,

97 671 183 697 cum
217 650 502 710 ἑκατομφόνια
533 655 749 692 ederentur.
796 653 907 692 Adde
926 656 968 693 in
987 651 1092 692 Plut.
1113 653 1320 707 Symposio
1341 657 1558 714 δειπνῆσαι

95 708 380 767 ἑκατομφόνια
400 713 498 763 legi:
529 711 630 761 quod
651 710 697 748 de
717 709 896 755 humanis
916 712 1086 750 victimis
1104 713 1445 766 absurdissimum,
1476 731 1558 757 non

95 774 188 810 item
205 771 316 817 allis,
348 781 444 819 quae
464 768 512 806 ob
531 781 664 806 caesos
681 767 812 804 hostes
831 768 1121 819 iugulabantur.
1179 769 1293 810 Mitto
1315 785 1443 824 nunc,
1479 778 1558 814 triti

95 829 173 866 illa*
192 820 499 880 ἑκατομφόνια,
541 825 588 863 de
614 824 753 875 quibus
779 823 1032 877 Plutarchus,
1069 824 1280 878 diligenter
1312 842 1336 868 a
1362 830 1559 871 Pausania

96 884 264 923 describi
289 889 403 934 atque
433 882 714 929 Aristomenis,
760 881 827 930 qui
865 880 1106 924 Messeniaco
1126 893 1170 920 11.
1211 884 1313 924 bello
1343 891 1465 940 gestis
1495 890 1559 929 in..

97 941 238 978 claruit
256 940 386 987 rebus,
411 940 558 992 gloriae
576 938 770 977 contribui
787 936 907 978 L.1V.
927 938 1000 980 19.
1020 949 1056 986 p.
1073 939 1181 982 326.
1212 940 1322 980 Istud
1344 947 1471 995 itaque
1491 945 1560 984 (le-

95 1010 186 1045 cus,
215 996 330 1035 modo
358 999 444 1035 veri
464 996 580 1033 fidem
602 1008 682 1034 non
700 996 982 1045 superiecerint
1000 994 1211 1046 Messenii,
1248 999 1488 1042 Aristomeni
1509 1002 1558 1041 11.

92 1054 370 1103 relinquamus.
436 1051 581 1092 Noster
617 1054 744 1102 priore
784 1050 886 1090 bello
927 1054 1124 1105 egregiam
1150 1054 1325 1106 laudem,
1370 1062 1561 1108 optimum

96 1113 215 1149 istum
229 1111 391 1149 virtutis
410 1110 581 1149 fructum
593 1136 606 1159 ‚
634 1109 813 1157 abstulit,
842 1109 1072 1147 obscuratus
1091 1109 1252 1161 deinde,
1279 1120 1324 1151 ut
1343 1114 1430 1152 fieri
1448 1118 1560 1167 solet,

95 1165 247 1205 Rhion?
258 1166 403 1205 Benaci
419 1168 611 1216 versibus,
637 1169 680 1205 in
700 1165 838 1215 quibus
858 1168 974 1205 sicuti
994 1166 1036 1204 in
1057 1165 1220 1207 Homeri
1237 1169 1360 1208 Iliade
1376 1171 1562 1224 Achilles,

95 1225 361 1263 Aristomenes
380 1223 428 1262 Π.
454 1220 509 1263 τὰ
527 1219 665 1264 πάντα
686 1229 790 1274 erat,
819 1230 919 1261 teste
939 1224 1136 1262 Pausania
1156 1225 1208 1263 ib.
1229 1239 1260 1264 c.
1274 1228 1315 1268 6.
1365 1227 1504 1267 VVEss.

103 1310 109 1314 .
210 1282 317 1322 639.
351 1281 425 1321 94.
464 1280 551 1321 Καὶ
570 1282 646 1321 τοῦ
671 1275 867 1331 σώματος
886 1275 1113 1333 ἐποιούμην
1131 1277 1352 1336 πρόνοιαν]
1392 1284 1565 1326 Conten-

95 1337 154 1376 dit
176 1351 263 1376 cum
285 1337 346 1375 his
361 1335 648 1388 CLChristoph.
660 1336 829 1375 Wollius
850 1337 967 1376 verba
986 1337 1029 1378 S.
1042 1337 1172 1376 Paulli
1192 1353 1240 1378 ex
1253 1340 1325 1392 Ep.
1343 1342 1389 1380 ad
1400 1341 1564 1383 Roman,

95 1408 129 1436 e.
146 1394 256 1432 Xlll.
281 1395 353 1436 14.
391 1393 554 1446 καὶτῆς
572 1390 727 1448 σαρκὸς
743 1390 944 1447 πρόνοιαν
962 1391 1022 1446 μὴ
1052 1398 1241 1438 ποιεῖσθε
1260 1397 1316 1445 εἷς
1336 1397 1565 1452 ἐπιθυμίας

96 1451 263 1489 Dissert.
299 1451 344 1489 de
373 1451 489 1491 Verb.
518 1450 621 1489 Med.
643 1462 681 1500 p.
706 1451 811 1491 194.
848 1463 972 1500 neque
1002 1453 1102 1490 male
1128 1454 1313 1504 profecto.
1381 1457 1434 1495 At
1464 1470 1564 1507 quae

98 1511 283 1548 continuo
314 1508 368 1547 ibi
396 1508 592 1546 adduntur
622 1507 668 1545 de
694 1508 806 1546 libris
825 1505 1019 1556 Diodori,
1052 1521 1127 1560 qua
1143 1508 1353 1562 deperditis
1361 1543 1374 1563 ,
1405 1525 1479 1564 qua
1498 1528 1563 1554 su-

95 1566 322 1617 perstitibus
353 1578 402 1604 ex
432 1572 544 1604 tanta
576 1571 728 1617 strage,
764 1578 811 1604 ea
838 1564 947 1606 aliud
969 1568 1103 1618 agenti
1124 1568 1338 1620 excidisse,
1378 1571 1564 1612 credibile

93 1623 153 1663 fit.
209 1622 351 1661 WEss.

211 1680 317 1721 639.
352 1678 428 1720 95.
465 1675 543 1719 Ἐν
568 1675 682 1734 αὐτῷ
701 1677 990 1732 θυμομαχεῖν]
1028 1677 1186 1719 Mallem
1206 1678 1248 1723 ἕν
1270 1679 1384 1738 αὐτῷ
1405 1686 1464 1724 τῶ
1483 1687 1565 1725 θυ-

95 1751 198 1788 μοιι.
251 1736 349 1776 Vide
381 1733 574 1777 L.XV11.
605 1737 679 1777 34.
747 1735 883 1774 Scribe
912 1731 1029 1775 c'tiam
1054 1750 1148 1775 mox
1175 1726 1562 1793 napopaffeiivdff

96 1788 168 1847 ὑφ’
192 1788 313 1845 ἡμῶν
336 1805 385 1830 ex
407 1805 511 1831 nexu
528 1794 732 1833 sermonis,
790 1793 931 1832 Wssss.

213 1851 321 1890 639.
356 1851 428 1891 17.
472 1851 545 1903 Τῷ
575 1847 679 1903 γένει
712 1848 1029 1902 ΖΙῖΙηθυμναΐος]
1078 1848 1269 1891 Clementi
1297 1852 1565 1895 Alexandrino

101 1904 285 1944 Stromat.
307 1905 387 1944 L.1.
409 1920 445 1956 p.
459 1906 567 1947 365.
594 1911 633 1943 et
651 1906 854 1955 Apostolio
874 1905 1088 1945 Cent.Xss.
1112 1909 1185 1948 70.
1212 1905 1488 1959 'Amooafog
1509 1921 1568 1952 est

99 1963 232 2001 eadem
255 1976 303 2000 ex
323 1963 458 2001 Lesbo.
518 1963 719 2001 Variatum
737 1969 868 2001 tamen
888 1965 970 2001 cius
989 1966 1030 2002 in
1051 1967 1175 2014 patria
1193 1966 1333 2015 fuisse,
1372 1981 1420 2007 ex
1441 1968 1566 2009 Suida

99 2021 142 2056 in
162 2018 432 2071 Τέρπανδρος
450 2026 616 2057 constat.
637 2019 714 2057 Par
734 2020 932 2058 discordia
953 2020 998 2058 de
1020 2022 1116 2069 eius,
1146 2034 1220 2071 qua
1237 2024 1402 2074 vixerit,
1428 2033 1568 2075 aetate,

101 2077 201 2125 apud
219 2075 456 2115 Clementem
471 2076 564 2116 ibid.
583 2077 761 2128 p.397.‚
792 2079 854 2116 cui
864 2076 1115 2118 Plutarchum
1145 2079 1192 2117 de
1203 2079 1340 2120 Music.
1370 2094 1407 2132 p.
1430 2084 1568 2125 1132.

98 2133 280 2185 adiunge.
338 2133 476 2174 WVESS.

215 2191 322 2232 (339.
358 2192 433 2231 21.
463 2186 636 2238 Αὐτοὺς
654 2186 778 2231 πάλιν
800 2185 1056 2244 συνήρμοσε]
1084 2190 1327 2232 Instauratae
1347 2193 1461 2234 huius
1477 2211 1571 2237 con-

102 2246 256 2286 cordiae
281 2250 542 2285 memiuerunt
573 2250 853 2297 paroemiarum
879 2249 1107 2286 collectores
1138 2249 1339 2289 Zenobius
1368 2253 1413 2291 V.
1446 2256 1488 2295 9.
1531 2262 1570 2294 et

105 2303 247 2342 Suidas
268 2305 311 2341 in
333 2301 460 2344 ΒἸετὰ
477 2301 669 2355 Λέσβιον
700 2300 823 2360 ᾠδόν.
878 2304 976 2343 Eius
994 2318 1088 2343 vero
1109 2319 1246 2346 caussa
1262 2307 1481 2359 Terpandri
1502 2312 1570 2363 ly.-

103 2373 208 2409 rmn,
239 2368 382 2411 septem
411 2360 569 2398 chordis
595 2363 847 2410 instructam,
882 2375 1019 2400 nomos
1038 2363 1191 2412 aliaque
1218 2366 1388 2406 eiusdem
1408 2370 1570 2417 inpense

105 2417 285 2467 deinceps
306 2417 488 2465 probasse
509 2416 745 2468 Spartanos,
775 2419 931 2472 copiose
952 2418 1112 2458 docetur
1134 2434 1158 2459 a
1175 2425 1262 2461 viro
1279 2422 1502 2464 doctissimo
1519 2426 1570 2465 ad

105 2474 235 2513 Oxon.
255 2473 390 2511 Marm.
412 2487 446 2524 p.
464 2476 566 2516 198.
623 2475 766 2513 WEss.

219 2532 327 2573 6210.
369 2532 444 2571 31.
487 2526 629 2571 Ἓπτὰ
666 2530 735 2571 καὶ
769 2527 1085 2585 τεσσαράκοντα
1123 2529 1280 2588 ἔτεσιν]
1335 2535 1479 2577 Confer
1514 2538 1569 2578 Io.

105 2587 320 2626 Meursiutn
349 2589 390 2625 in
414 2586 552 2628 Solon.
578 2601 610 2625 c.
626 2589 698 2630 13.
729 2587 860 2627 Draco
882 2588 1185 2628 Atheniensibus
1203 2592 1309 2644 leges
1327 2596 1480 2647 scripsit
1499 2597 1570 2636 sub

109 2645 265 2696 Olymp.
281 2655 438 2682 xxxlx.
467 2651 566 2683 teste
589 2644 712 2683 Suida
731 2648 772 2683 in
801 2642 984 2699 Δράκων
1007 2647 1256 2698 pluribusque
1287 2653 1388 2691 aliis.
1433 2652 1571 2703 Solon,

110 2715 196 2740 cum
221 2702 413 2740 Draconis
441 2704 547 2754 leges
567 2703 615 2738 ob
641 2705 872 2751 asperrimas
892 2702 1123 2741 delictorum
1143 2719 1285 2756 poenas
1309 2707 1571 2759 displicerent,

111 2760 206 2797 alias
223 2761 380 2810 rogavit
394 2762 496 2797 circa
512 2772 654 2796 annum
670 2759 736 2798 lli.
759 2758 913 2810 Olymp.
929 2768 1066 2808 XLVI„
1094 2762 1196 2811 apud
1209 2761 1423 2815 Diogenem
1444 2766 1570 2805 Laert.

113 2814 196 2853 LJ.
221 2817 296 2857 62.
359 2816 472 2860 Quod
502 2818 667 2864 spatium
695 2829 781 2854 eum
805 2819 900 2854 anni
926 2817 992 2854 isti
1021 2826 1151 2855 XLVH.
1181 2829 1432 2870 exsuperent,
1461 2837 1570 2862 men-

114 2872 200 2910 dosi
231 2873 355 2911 videri
386 2880 562 2922 possent,
601 2874 680 2912 nisi
698 2874 811 2912 nobis
835 2876 876 2912 in
894 2873 1077 2927 ambiguo
1098 2887 1203 2914 nunc
1224 2885 1345 2926 esset,
1375 2878 1570 2930 deperdita
