1859 3326
313 200 439 230 CXCII
607 198 896 231 OECONOMA
930 197 1212 230 HISTORIAE
1248 199 1476 244 DIODORI.

400 296 417 315 ⁹
441 294 586 330 Eadem
605 293 678 328 dier
692 298 731 330 et
748 294 842 329 hora
858 293 1045 340 proelium
1065 296 1363 344 commissumin
1381 297 1493 333 ltalia
1515 298 1780 336 interTaren-

299 354 413 386 -tinos
430 357 470 386 et
489 351 684 394 Lucanos,
709 363 781 397 quo
800 352 1065 392 Archidamus,
1099 362 1167 386 rex
1182 352 1595 398 Lacedaemoniorum,
1623 357 1684 400 qui
1706 357 1779 390 Ta·

311 410 472 443 rentinis
495 410 636 443 auxilio
662 414 841 451 venerat,
874 410 1000 452 periit.
1029 427 1074 435 --
1110 409 1276 444 Moritur
1293 412 1534 455 Timotheus,
1563 413 1777 448 Heracleae

310 466 494 500 Ponticae
513 470 696 511 tyrannus
710 492 717 505 ,
740 469 797 499 cui
818 466 986 499 succedit
1003 465 1231 510 Dionysius,
1256 468 1385 507 frater.
1419 481 1447 506 c,
1464 473 1510 506 88
1530 464 1626 510 extr.

350 561 352 563 ¹
404 522 501 558 Anu.
525 522 558 558 4.
606 524 737 558 Victor
755 523 947 567 Philippus
971 524 1073 558 ultra
1102 525 1267 558 intendit
1290 528 1454 560 animum
1477 527 1524 560 ad
1543 536 1782 571 consequen-

312 580 399 613 dum
429 591 613 613 summum
646 580 831 614 Graeciae
858 582 1070 624 imperium.
1117 580 1443 629 I'roponititaque
1457 584 1597 617 bellum
1619 595 1686 617 suo
1716 584 1781 617 du-

312 642 374 671 ctu
405 639 441 670 in
467 637 664 671 commoda
692 637 922 671 Graecorum
956 643 1088 672 contra
1113 638 1271 682 Persas,
1317 641 1363 675 ob
1383 642 1526 676 violata
1544 641 1779 676 Graecorum

312 696 455 738 templa
475 695 536 739 (cs.
556 694 702 735 lib.X1‚
726 705 757 727 c.
774 697 820 730 28
840 698 951 739 extr.)
974 696 1265 739 suscipiendum.
1295 707 1326 732 c,
1347 699 1402 734 89.
1524 733 1527 737 ,

405 755 445 786 ln
464 752 592 785 Sicilia
611 749 695 783 vita'
717 752 882 784 decessit
899 753 1119 795 Timoleon,
1150 764 1260 799 quem
1288 758 1329 787 ut
1357 758 1554 798 parentem
1578 755 1712 800 lugent
1740 759 1780 790 et

311 810 585 844 anniversariis
602 809 710 842 festis
730 816 972 842 venerantur.
1001 820 1030 842 c.
1046 814 1103 847 90.

403 868 420 885 *
439 867 651 900 Dei‘unctus
681 865 752 899 hoc
781 877 880 900 anno
904 867 1183 901 Ariobarzanes
1213 869 1249 902 in
1278 879 1398 913 regno
1417 867 1608 914 Phrygiae
1631 874 1669 905 et
1687 871 1781 915 (Σειρ-

310 924 512 968 padociae‚
544 924 772 957 succedente
791 923 1028 960 Mithridate.
1051 945 1096 951 —-
1127 926 1232 969 Apud
1247 926 1438 966 Romanos
1455 927 1621 962 Manlius
1639 929 1686 963 de
1705 929 1780 963 La-

308 982 400 1014 tinis
419 985 457 1014 et
475 981 674 1025 Campanis
692 982 920 1027 triumphum
941 983 1031 1027 egit.
1068 992 1098 1016 c.
1112 984 1157 1019 90
1173 988 1269 1020 extr.

902 1059 935 1094 Ο
946 1062 986 1105 ly
999 1071 1073 1104 τηρ.
1101 1062 1193 1097 CXI.

401 1126 497 1160 Αηη.
525 1129 558 1164 1.
605 1127 797 1173 Philippus
811 1140 833 1171 ‚⁷
847 1140 870 1162 a
888 1129 1045 1163 Graecis
1062 1132 1270 1173 imperator
1287 1135 1450 1173 creatus,
1474 1130 1616 1165 beilum
1638 1130 1675 1164 in
1693 1130 1781 1166 Per-

311 1196 373 1218 sas
403 1187 577 1226 instruit,
607 1186 806 1231 laetusque
826 1186 993 1227 honore,
1026 1196 1049 1219 a
1076 1186 1234 1220 Graecis
1262 1188 1332 1220 sibi
1358 1187 1507 1231 habito,
1538 1190 1657 1224 festos
1684 1190 1780 1232 dies,

315 1244 508 1284 convivia,
534 1246 761 1285 certamina,
783 1244 912 1285 ludos,
939 1245 1125 1278 celebrat:
1168 1246 1269 1278 inter
1285 1256 1380 1290 quae
1397 1246 1538 1291 gaudia
1557 1257 1627 1292 rex
1643 1257 1666 1281 a
1686 1247 1781 1282 Pau-

312 1302 420 1334 sania
440 1301 601 1347 quodam
620 1312 690 1347 per
711 1302 870 1336 insidias
889 1302 1084 1336 occiditur.
1122 1313 1153 1336 c.
1169 1293 1332 1340 91495.
1375 1312 1384 1321 '¹

910 1405 1168 1445 PeriodiI

748 1480 787 1544 S
823 1495 868 1545 E
905 1495 945 1545 c
984 1497 1031 1545 Τ
1064 1476 1096 1545 ’Ῑ
1133 1495 1178 1545 o
1229 1496 1348 1546 IV...

653 1598 868 1645 Aetas
921 1601 1320 1646 Alexandri
1366 1601 1431 1646 M.

912 1701 1016 1744 Lib.
1041 1701 1189 1747 XVII.
1286 1766 1288 1768 Ι

702 1801 772 1847 01.
800 1802 927 1857 cxl,
967 1810 1012 1846 2.
1045 1830 1111 1837 -
1146 1802 1316 1857 cxlv,
1352 1806 1396 1845 1.

309 1883 523 1930 Paoossmo
543 1896 735 1931 Diodorus
751 1909 884 1940 aevum
905 1908 1042 1943 resque
1059 1903 1188 1943 gestas
1206 1897 1411 1933 Alexandri
1428 1897 1481 1931 M.
1498 1896 1605 1930 velut
1622 1895 1778 1945 fundum

312 1965 436 1987 novae
464 1955 611 1998 periodi
639 1957 853 1998 constituit,
894 1956 1154 2001 laetaturque,
1196 1957 1366 1990 eminere
1393 1965 1491 1988 nunc
1518 1965 1609 1999 prae
1639 1955 1779 1988 ceteris

310 2021 470 2054 regnum
490 2011 642 2054 aliquod
664 2017 701 2045 et
718 2014 924 2056 principem
943 2014 1128 2057 aliquem,
1161 2013 1209 2046 ad
1226 2023 1355 2057 quem,
1387 2016 1566 2056 tanquam
1588 2012 1635 2045 ad
1656 2015 1780 2054 caput,

308 2078 514 2111 regnorum
534 2071 573 2100 et
592 2069 786 2103 civitatum
806 2072 966 2104 aliarum
986 2083 1049 2105 res
1068 2071 1335 2104 memorabiles
1349 2069 1586 2109 reserantur,
1607 2073 1644 2101 et
1662 2079 1684 2101 a
1702 2079 1775 2113 quo

309 2125 503 2168 singulare
523 2128 705 2169 temporis
724 2129 886 2170 spatium
907 2130 1022 2162 certis
1043 2129 1180 2161 finibus
1202 2127 1454 2160 circumscribi
1472 2136 1516 2158 ac
1531 2127 1685 2169 signari,
1712 2125 1779 2158 hu-

307 2182 445 2225 iusque
471 2182 618 2215 initium
650 2189 689 2216 et
709 2184 796 2217 finis
824 2191 1010 2218 metarum
1036 2195 1103 2219 seu
1130 2184 1357 2229 epocharum
1384 2184 1504 2216 instar
1528 2193 1612 2215 esse
1635 2184 1777 2226 possit3

309 2242 438 2279 ratus,
479 2238 518 2270 id
545 2242 750 2274 memoriae
784 2243 921 2276 eximio
951 2253 1036 2276 esse
1059 2243 1291 2276 adiumento.
1350 2240 1515 2286 Imperio
1543 2243 1582 2273 et
1605 2241 1777 2287 victoriis

306 2295 526 2330 Alexander
542 2297 714 2340 implevit
727 2297 799 2330 Xll
821 2310 1003 2332 annorum
1023 2302 1197 2343 spatium.
1225 2309 1256 2331 c.
1274 2298 1306 2334 1.

403 2353 447 2386 ld
475 2363 566 2386 vero
591 2355 784 2397 singulare
813 2355 1131 2399 deprehendimus
1158 2358 1195 2389 in
1221 2356 1291 2388 hoc
1315 2354 1434 2395 libro,
1475 2351 1587 2398 quod*
1604 2352 1777 2395 scriptor,

309 2415 442 2444 contra
469 2420 534 2450 ea,
567 2421 663 2454 quae
684 2413 721 2443 in
744 2415 936 2455 prooemio
958 2418 1067 2446 erant
1084 2415 1289 2456 promissa,
1322 2421 1493 2456 quaeque
1513 2411 1629 2443 totius
1647 2412 1774 2454 operis

307 2469 407 2501 ratio
427 2468 656 2512 requirebat,
682 2470 720 2505 in
737 2470 820 2502 sola
837 2471 1042 2504 Alexandri
1060 2471 1111 2504 M.
1131 2470 1290 2504 historia
1310 2470 1496 2507 substitit,
1522 2466 1689 2500 eiusdem
1712 2478 1776 2499 au-

307 2528 384 2557 tem
404 2526 542 2557 aetatis
562 2525 723 2560 aliorum,
742 2536 959 2569 regnorum,
979 2530 1187 2572 principum
1206 2532 1244 2560 et
1261 2525 1634 2570 rerumpublicarum,
1659 2526 1775 2557 etiam

307 2582 357 2614 ad
378 2583 598 2616 memoriam
615 2583 840 2626 insignium,
867 2587 899 2618 si
916 2596 1038 2630 neque
1059 2586 1245 2619 bellorum
1264 2583 1379 2624 socii,
1404 2592 1524 2626 neque
1544 2581 1673 2615 hostes
1690 2581 1774 2614 Alc-

308 2640 446 2672 xandri
463 2640 625 2680 suerint,
652 2649 801 2679 omnem
819 2643 1051 2676 mentionem
1069 2643 1242 2678 exclusit.
1289 2640 1434 2684 Abxsunt
1461 2641 1589 2684 itaque
1613 2640 1651 2675 αἱ
1675 2650 1772 2671 συνε-

302 2699 376 2737 χεῖς
403 2695 557 2741 πράξεις,
593 2696 734 2731 absunt
750 2694 794 2731 τὰ
811 2697 883 2743 ἅμα
900 2699 1039 2739 τούτοις
1055 2702 1344 2745 συντελεσθέντα,
1376 2697 1548 2745 quam-vis
1574 2696 1771 2742 prooemio

305 2757 601 2789 commemorata
620 2759 660 2791 et
673 2758 908 2794 annuntiata.
