1859 3326
206 243 208 247 ,
260 202 343 248 40
659 201 662 206 ’
698 200 701 203 ’
736 200 1260 242 ANNOTATIONES

270 332 364 359 nere
381 318 578 371 neglexit,
607 315 862 357 Athenienses
881 317 930 356 ad
947 323 1060 356 vetus
1080 317 1211 355 illud·
1198 330 1239 355 m
1259 318 1442 356 conmuni
1459 318 1591 355 totius
1588 311 1726 355 Grae-

274 380 356 415 ciae
388 377 606 423 decretum,
642 389 717 426 quo
755 374 1019 428 ἐψηφίσαντο
1059 369 1315 413 δεκατεύσειν
1344 380 1432 421 τοΐς
1462 377 1579 421 θεοῖς
1610 371 1729 425 (τοὺς

276 430 511 486 Θηβαίους)
542 428 823 485 κρατησαντες
852 433 910 470 τῶ
934 428 1100 481 πολὲιιω
1123 432 1208 469 τῶν
1234 427 1485 483 βαρβάρων,
1519 445 1605 468 cum
1626 425 1732 467 The-

275 491 392 537 bani,
423 489 557 528 Xerxe
574 488 777 526 Graeciam
807 487 1037 533 invadente,
1066 486 1340 538 quiescendum
1362 488 1437 525 sibi
1459 501 1541 525 esse
1560 490 1743 525 necessi-2

276 554 357 585 tate
380 547 508 584 adacti
527 547 773 592 statuissent,
797 544 897 592 apud
927 544 1133 593 Polybium
1154 542 1196 579 L.
1221 542 1294 582 IX.
1319 544 1391 583 33.
1440 543 1500 581 De
1522 557 1566 581 eo
1588 544 1733 582 Noster

278 603 322 642 L.
341 603 416 641 XI.
437 604 478 642 3.
522 601 630 639 Adde
658 600 930 650 Xenophontis
957 599 1000 637 L.
1033 598 1097 636 VI.
1126 610 1162 650 p.
1193 601 1324 648 476„
1350 599 1428 639 'ubi
1453 600 1629 639 firmatur
1655 602 1735 640 viri

279 661 387 699 docti
406 661 593 696 correctio
618 660 785 709 egregie.
812 657 948 695 VVESS.

391 717 468 756 43.
501 717 542 756 7.
570 711 808 762 Πλαταιὰς]
840 712 896 750 lta
917 712 1129 760 oportebat.
1156 711 1269 749 Hanc
1292 719 1330 750 et
1347 711 1536 764 Thespias
1557 712 1736 752 Thebani

281 778 502 813 everterant
521 784 642 822 nuper
661 770 877 808 admodum.
914 769 1011 806 Vide
1037 775 1116 805 not.
1134 769 1182 805 ad
1212 783 1244 806 c.
1265 770 1341 809 46.
1376 770 1511 807 WESS.

394 830 471 869 43.
498 830 569 869 10.
607 823 702 866 Οὔτ’
726 823 843 865 αὐτοὶ
865 826 1259 878 πολυπραγμονοῦσι
1283 848 1332 853 -
1354 823 1436 866 οὔτ’
1464 825 1629 873 ἐκείνοις
1644 823 1738 879 etc.·]

281 884 424 923 Delevi
443 885 491 922 ad
506 883 736 933 explendam
758 885 971 919 orationem
991 882 1141 919 additas
1161 896 1182 919 a
1202 883 1373 920 librariis
1392 880 1531 921 vocesz‘
1558 880 1640 920 sine
1658 885 1738 920 illis

284 944 414 980 omnia
436 944 577 990 optime
610 940 828 978 decurrunt.
867 938 1115 975 Simillimum
1147 938 1281 990 Magni
1302 939 1486 978 Antiochi
1513 936 1750 989 responsum

284 1006 364 1047 est,
394 996 471 1036 τίνι
496 993 693 1047 Ῥωμαῖοι
723 993 868 1050 δικαίῳ
897 992 972 1047 τὴν
995 992 1138 1034 Ἀσίαν
1170 997 1609 1048 πολυπραγμονοῦσιν,
1637 995 1738 1047 ε’μοῦ

282 1053 361 1106 τὴν
379 1052 556 1094 Ἰταλίαν
577 1051 624 1092 οὗ
645 1054 1112 1105 πολυπραγίιιονοῦντοςς
1142 1054 1184 1089 in
1204 1053 1369 1101 Appiani
1400 1051 1551 1103 Syriac.
1572 1066 1606 1102 p.
1634 1053 1740 1093 144.

283 1111 423 1151 wass.
463 1109 522 1147 De
550 1111 906 1161 πολυπραγμονεῖν
936 1121 1023 1147 cum
1050 1111 1225 1160 genitivo
1258 1110 1465 1148 coniuncto
1497 1109 1578 1148 vid.
1608 1115 1742 1149 annot.

287 1168 337 1207 ad
357 1167 454 1206 Exc.
478 1167 604 1206 Vatic.
635 1180 671 1216 p.
698 1168 770 1206 76.
791 1167 866 1206 26.

400 1225 475 1264 43.
511 1226 581 1264 12.
620 1220 859 1273 Γενομένων
888 1219 933 1261 δέ
951 1217 1151 1262 τοιούτων
1175 1219 1463 1275 ἀποκρίσεων]
1493 1221 1588 1259 Post
1610 1222 1745 1261 Βοιω-

286 1279 381 1328 τίας
402 1282 634 1330 relinquitur
654 1282 846 1316 sententia
865 1278 1058 1327 pendens,
1085 1286 1198 1327 atque
1219 1279 1305 1316 ideo
1327 1282 1450 1327 prima
1470 1280 1597 1316 fronte
1618 1279 1745 1327 suspi-

287 1346 396 1377 cetur
415 1339 556 1387 aliquis
577 1337 708 1376 deesse
727 1335 788 1373 hic
809 1335 1024 1384 quidpiam:
1049 1336 1114 1372 sed
1136 1343 1223 1385 post
1243 1333 1580 1387 ἀποκριναμένων
1601 1333 1644 1374 δὲ
1661 1337 1746 1374 τῶν

294 1393 496 1447 Θηβαίων
523 1394 584 1447 (id
606 1399 677 1441 est,
699 1406 814 1444 quum
833 1400 965 1430 autem
988 1394 1283 1444 respondissent
1307 1392 1505 1447 Thebani)
1535 1391 1634 1441 quod
1656 1393 1747 1429 sub-

288 1452 441 1502 iungit,
468 1449 697 1503 γενομένων
727 1448 770 1489 de*
799 1464 999 1489 τοιουτων
1028 1452 1110 1488 τῶν
1141 1447 1423 1501 ἀποκρίσεων,
1453 1445 1613 1498 perinde
1642 1447 1747 1487 valet

289 1520 337 1547 ac
361 1511 394 1545 si
415 1507 594 1555 dixisset,
626 1520 754 1558 quum,
775 1508 949 1557 inquam,
977 1508 1036 1543 ita
1056 1507 1363 1557 respondissent.
1394 1505 1447 1542 Et
1465 1507 1519 1543 ita
1542 1512 1749 1544 excusatur

290 1566 361 1605 illa
381 1566 596 1603 sententiae
621 1566 744 1601 veluti
769 1565 980 1611 suspensio.
1014 1563 1171 1600 STEPH.

405 1622 480 1663 43
518 1623 588 1661 18.
612 1612 741 1659 Ι-Ικον
762 1619 817 1666 εἷς
836 1614 1125 1672 λαιρώνειαν]
1164 1618 1341 1655 Postulat
1363 1619 1517 1656 itineris
1546 1618 1640 1657 ordo
1664 1618 1750 1659 Ko-

293 1691 491 1731 ρωνειαν,
520 1689 615 1726 quae
646 1689 763 1725 prope
787 1675 1012 1713 Heliconem
1046 1683 1149 1722 erat,
1178 1677 1458 1725 transitumque
1487 1677 1529 1712 in
1552 1674 1751 1713 Boeotiam

294 1735 420 1772 dabat.
465 1734 753 1783 Epaminondas
785 1732 854 1770 hac
877 1732 1088 1780 Spartanos
1111 1735 1328 1782 irrupturos
1350 1733 1560 1769 arbitratus
1588 1729 1641 1771 τὰ
1662 1731 1754 1786 περὶ

291 1788 370 1843 τὴν
390 1787 630 1844 Κορώιειαν
652 1787 773 1830 στενὰ
795 1790 1023 1838 occupavit,
1047 1802 1253 1839 progressu
1274 1801 1340 1825 eos
1363 1788 1649 1838 prohibiturus,
1676 1791 1752 1825 sic-

293 1850 354 1886 uti
373 1855 544 1885 extremo
567 1847 637 1884 hoc
658 1849 780 1895 capite
804 1841 1251 1898 docetur.Aou9a‘1veta
1269 1847 1425 1896 longius
1445 1846 1599 1893 aberat,
1628 1846 1670 1882 in
1691 1846 1753 1883 ul-

295 1907 393 1942 tima
423 1903 583 1942 Boeotia
611 1917 746 1941 versus
781 1902 989 1939 Phocidem
1016 1904 1218 1940 collocata.
1265 1901 1412 1938 Vitium
1440 1904 1588 1952 peperit
1616 1915 1755 1940 vocum

294 1961 480 2011 quaedam
501 1960 736 2006 similitudo,
764 1960 881 1996 sicuti
899 1966 935 1995 et
956 1961 996 1995 in
1018 1958 1186 1995 Isocrate
1208 1958 1254 1995 de
1273 1957 1359 2009 Βί3.
1377 1972 1412 2010 p.
1434 1960 1538 2001 521.
1565 1958 1651 1996 vid.
1673 1965 1754 1998 not.

295 2017 345 2056 ad
366 2009 865 2066 Hieroclisssynecdemum
885 2029 920 2083 p.
944 2015 1049 2056 644.
1079 2014 1220 2052 VVESS.

408 2074 483 2113 41.
515 2074 588 2113 31.
630 2071 737 2125 Πεοι
756 2069 833 2125 γὰρ
855 2069 930 2118 τὰς
957 2066 1035 2109 πύ)
1027 2086 1089 2117 ας
1110 2066 1321 2122 ἀπηντησε
1340 2077 1411 2108 etc.
1422 2070 1436 2122 ]
1473 2070 1677 2108 Notandus
1697 2079 1757 2109 est

296 2130 466 2178 optimus
494 2129 557 2166 hic
579 2129 816 2165 Graecorum
836 2130 900 2166 vel
929 2126 1201 2164 'lhebanorum
1226 2141 1331 2174 mos,
1360 2130 1445 2176 pius
1477 2134 1515 2164 et
1533 2135 1757 2166 mansuetu-

297 2186 403 2224 dinis
430 2187 578 2236 plenus.
611 2184 771 2222 Scilicet
792 2186 894 2222 servi
914 2185 1097 2234 fugitivi,
1128 2184 1194 2220 sed
1216 2190 1375 2232 sponte,
1403 2190 1448 2221 ut
1468 2191 1585 2234 puto,
1615 2185 1663 2222 ad
1688 2185 1757 2221 do·-

296 2245 446 2282 minum
474 2242 703 2288 redeuntes,
729 2244 770 2278 in
800 2254 935 2278 manus
966 2240 1164 2289 praeconis
1186 2241 1332 2288 publici
1362 2254 1402 2277 se
1430 2240 1658 2288 tradebant,
1691 2244 1759 2290 qui

299 2312 365 2337 eos
385 2299 432 2336 ad
464 2298 661 2336 (lominum
687 2298 917 2335 reducentes
940 2296 1040 2334 hanc
1069 2298 1274 2334 formulam
1302 2299 1380 2334 alta
1410 2311 1532 2343 voce,
1560 2311 1627 2347 per
1648 2300 1758 2335 vicos

299 2363 338 2393 et
358 2358 522 2404 compita
536 2383 547 2403 ,
575 2360 620 2391 ut
644 2355 690 2391 ab
712 2355 888 2391 omnibus
910 2354 1127 2400 audiretur,
1152 2354 1434 2401 inclamabant,
1458 2354 1492 2391 Α
1518 2353 1660 2391 Thebis
1680 2367 1758 2392 mm

301 2412 511 2459 abducito,
541 2424 666 2462 neque
686 2413 905 2463 perimito,
931 2412 1002 2448 sed
1020 2422 1160 2448 rursus
1188 2411 1368 2447 reducito
1394 2417 1434 2447 et
1460 2418 1634 2450 servato.
1678 2410 1760 2448 Ro-

299 2471 405 2507 mani
429 2481 508 2505 non
539 2470 594 2505 ita
615 2470 690 2517 pii,
721 2468 859 2515 quibus
888 2467 1028 2504 licebat
1047 2479 1181 2503 servos
1202 2480 1291 2504 suos
1323 2480 1393 2518 pro
1413 2468 1574 2505 arbitrio
1599 2480 1667 2507 suo
1687 2480 1761 2505 ne-

302 2538 401 2564 care.
430 2524 488 2562 De
511 2537 555 2561 eo
575 2537 681 2561 more
701 2523 800 2561 nihil
822 2523 914 2560 alibi
934 2524 1022 2574 legi.
1049 2523 1179 2559 PALM.

413 2582 488 2621 44.
517 2581 590 2620 34.
633 2576 749 2631 Ζῑῖἱήτὶ
783 2577 1017 2632 ἀφανίζειν]
1058 2579 1290 2631 Intelligunt
1318 2580 1397 2618 viri
1428 2580 1533 2618 docti
1562 2580 1608 2617 de
1642 2591 1760 2628 nece3

302 2639 386 2676 sine
408 2650 555 2675 caussa.
596 2636 740 2673 Praeco
763 2636 903 2682 edicit,
932 2649 979 2672 ne
1001 2649 1154 2674 servum
1179 2638 1386 2684 occultent,
1417 2637 1519 2685 quod
1549 2634 1761 2690 ἀφανίζειν

300 2691 374 2733 τὸν
404 2695 535 2733 παῖδα
566 2692 748 2729 Isocratis
773 2695 815 2729 in
847 2691 1040 2742 Trapezit.
1069 2706 1105 2742 p.
1133 2694 1236 2732 532.
1268 2694 1501 2742 frequenter.
1552 2692 1760 2730 Praeconis

303 2763 419 2799 opera
450 2751 490 2786 in
514 2749 693 2800 fugitivis
725 2748 952 2797 quaerendis
983 2751 1099 2786 ctiam
1121 2748 1288 2787 Romani
1318 2751 1546 2796 utebantur,
1575 2751 1699 2786 veluti
1718 2750 1762 2786 in

302 2806 479 2845 Petronii
500 2805 618 2842 Satir.
639 2817 673 2845 c.
696 2806 795 2853 97.,
822 2818 891 2842 nec
917 2805 1114 2842 dissimilis
1132 2807 1339 2843 admodum
1367 2813 1426 2843 cst
1447 2807 1634 2852 formula,
1664 2817 1761 2854 quae

298 2864 436 2901 collari
458 2865 644 2912 inscripta
676 2874 725 2900 ex
761 2863 1019 2913 fugitivorum
1048 2863 1151 2899 collo
1182 2862 1395 2914 pendebat,
1423 2873 1538 2902 ΤΕΝΕ
1566 2873 1632 2902 ΜΕ
1660 2873 1762 2907 QUJA
