1891 3310
421 134 485 174 ΙΝ
516 133 633 173 LlB.
659 133 817 176 xvn.
846 133 975 177 CAP.
1012 137 1083 178 13.
1107 158 1156 167 -
1182 139 1253 180 17.
1483 145 1566 184 151

115 243 219 301 υπέρ
248 249 324 300 τῆς
345 242 500 300 χώρας.
545 245 680 286 Cetera
711 247 758 286 de
788 248 1008 300 vii-giuibus
1051 250 1137 287 istis
1173 249 1289 290 obvia
1326 259 1438 298 sunt,
1483 254 1569 291 ‹lili-

114 312 325 355 genterque
353 303 541 342 conducta
570 316 593 341 a
626 303 670 344 P.
703 304 900 359 Leopardo
928 304 1132 343 Emendat.
1161 306 1203 344 L.
1233 305 1346 344 ΧΙΧ.
1378 309 1452 347 23.
1463 335 1475 355 ,
1516 309 1567 347 lo.

114 360 285 398 Meursio
324 358 472 400 Ceram.
503 359 656 397 Gemin.
692 374 726 398 c.
760 362 831 401 17¹.
880 368 920 398 et
948 360 999 398 H.
1031 361 1186 399 Valesio
1218 361 1266 399 ad
1299 361 1489 401 Maussaci
1528 368 1567 402 in

114 415 342 466 Harpocrat.
374 422 456 453 not.
485 428 519 466 p.
545 417 647 457 121.
686 415 817 466 Itaque
846 416 993 455 desino.
1033 418 1139 462 Quae
1168 425 1380 467 sequuntur
1400 413 1565 458 ‘'Yam-

114 472 246 520 timec,
276 471 630 522 Hyacintltifileae
651 473 698 510 ab
720 472 933 524 Interprete
952 473 1191 511 redduntur.
1217 487 1350 524 prave,
1374 476 1408 512 si
1426 473 1566 513 Demo-

115 528 239 566 sthen.
259 529 392 566 audias
414 527 483 567 Or.
506 528 658 566 Parent.
678 541 713 579 p.
736 530 860 578 749.,
871 532 980 567 cuius
998 529 1093 567 haec
1114 537 1228 568 sunt:
1260 527 1453 582 ῄὸεσαν”
1438 528 1565 569 ἁπαν-

112 598 180 630 τες
198 581 453 651 Ἐρεχθεῖδαι
486 582 560 624 τὸν
592 580 808 651 ἐπώνυμον
839 583 978 625 αὐτῶν
996 582 1218 638 Ἐρεχθέα,
1252 584 1368 625 ἕνεκα
1391 589 1465 626 τοῦ
1486 589 1565 626 σῶ-

114 653 183 680 σαι
201 654 278 691 την
293 635 453 692 χώραν,
479 637 555 687 τὰς
577 636 706 681 αυτοῦ
727 640 893 689 παῖδας,
925 639 975 689 ἃς
1000 640 1387 682 ΥΛΚΙΝΘΙΔΑΣ
1411 644 1538 681 καῖοῢ
1543 668 1564 672 -

113 711 191 744 σιν,
217 695 274 742 εἷς
292 710 506 748 προυπτον
527 693 756 737 θάνατον’
734 713 784 737 αν
777 699 963 738 ἀλῶσαι.
986 697 1112 736 Erant
1126 711 1219 750 ergo
1230 697 1435 735 Erechthei
1448 698 1516 735 fiii.
1518 713 1565 746 ie,

106 747 370 798 ‘Yamtildaeg
399 752 521 790 dictae
551 766 574 790 a
602 767 701 805 pago
735 753 986 807 Hyacinthe,
1014 756 1055 792 in
1080 767 1155 804 quo
1182 760 1372 792 mactatae
1390 755 1561 804 fuerunt,

112 814 210 846 teste
231 807 477 846 Phanodemo
497 809 598 857 apud
619 808 728 847 Suid.
748 813 790 848 in
809 808 1043 877 Παρθένοι.
1086 809 1164 848 Sed
1185 812 1295 848 salva
1314 823 1376 847 res
1397 817 1465 847 est.
1497 810 1561 847 In-

111 870 315 914 terpretem
344 870 477 902 tuetur
503 864 810 916 Harpocration,
842 869 908 915 qui
927 861 1201 912 ιΥακινθίδας
1226 867 1327 903 filias
1357 867 1476 903 fuisse
1507 868 1562 903 ait

109 919 322 970 Hyacinthi
341 919 648 969 Lacedaemonii,
667 929 705 959 et
723 929 874 973 praeter
893 929 1041 960 ceteros
1052 922 1308 972 Apollodorus
1320 920 1416 959 Bibl.
1438 922 1481 960 L.
1493 922 1559 960 111

114 979 186 1017 14.
215 979 255 1017 8.
275 988 310 1024 p-
331 977 440 1018 236.
470 977 663 1015 Videntur
681 985 830 1026 autem,
858 984 902 1016 ut
920 977 993 1016 hoc
1012 977 1174 1027 addam,
1207 977 1492 1029 Hyacinthides
1522 985 1560 1015 et

106 1031 315 1071 Erechthei
333 1032 436 1070 filiae
454 1033 500 1071 ab
521 1033 820 1072 Atheniensibus
842 1036 1019 1072 consulto
1041 1035 1236 1084 confusae,
1269 1036 1475 1089 gloriosius
1497 1048 1559 1071 ar-

108 1090 275 1136 biti-atis,
302 1090 335 1126 si
354 1091 502 1136 puellae
525 1090 731 1140 indigenae
751 1102 821 1139 pro
842 1091 966 1128 salute
987 1093 1131 1138 patriae
1150 1103 1232 1127 sese
1258 1091 1459 1128 devovisse
1481 1098 1559 1128 tra-

107 1145 301 1182 derentur.
337 1143 454 1183 Plura
483 1146 517 1182 si
547 1145 766 1194 desideres,
805 1147 870 1185 adi
889 1146 940 1186 H.
962 1147 1155 1184 valesium
1179 1147 1226 1183 ad
1247 1145 1403 1185 E'usebii
1424 1146 1490 1183 Or.
1512 1147 1557 1182 de

106 1201 226 1240 Laud,
250 1199 452 1241 Constant.
480 1215 512 1241 c.
540 1203 610 1242 13.
635 1214 670 1251 p.
689 1204 812 1251 284,
840 1210 880 1240 et
900 1202 1127 1253 Harpocrat.
1148 1215 1182 1251 p.
1208 1205 1295 1249 76..
1323 1203 1388 1239 ubi
1410 1203 1457 1240 ad
1476 1216 1559 1239 eam

106 1259 321 1294 orationem
351 1257 453 1295 dieta
485 1259 698 1306 iterantur,
739 1265 1010 1311 praetereaque
1038 1258 1115 1296 los.
1135 1257 1292 1297 Barnes.
1316 1259 1364 1296 ad
1384 1258 1556 1308 Furipid.

106 1313 188 1351 lon.
215 1326 254 1351 v.
276 1314 383 1354 267-
406 1315 512 1354 277.
541 1314 676 1352 WEss

222 1370 326 1410 171.
359 1371 431 1409 76
466 1368 600 1411 Πέντε
628 1366 848 1418 va7dvtoac
878 1366 1095 1427 ἀργυρίου]
1122 1369 1210 1409 Vid.
1232 1369 1333 1408 Plut.
1356 1369 1553 1409 Demos-th

103 1439 140 1475 p
164 1426 268 1467 856
289 1424 334 1462 Ε.
368 1425 503 1462 WEss.

219 1483 322 1522 172.
345 1483 385 1522 7.
410 1478 487 1520 Ἔν
506 1480 600 1537 Δίῳ
621 1483 697 1534 τῆς
714 1481 1003 1539 Μακεδονίας]
1033 1481 1255 1530 Arrianus'
1238 1497 1279 1522 εν
1299 1482 1375 1534 Αἵ)
1379 1487 1451 1528 αῖς
1472 1481 1534 1520 ὑπ’
1525 1507 1554 1512 -—

102 1537 209 1589 θηκε
227 1534 280 1576 τὰ
297 1532 503 1587 Ὀλύμπια
523 1538 714 1581 L.1.11.
751 1538 854 1592 Lege
882 1552 979 1592 quae
1011 1539 1206 1590 adscripta
1227 1542 1434 1590 superioris
1463 1546 1553 1574 sint

101 1594 193 1632 libri
214 1607 248 1630 c.
275 1594 346 1634 56
371 1592 507 1631 lVEss.

219 1652 322 1690 172.
347 1652 418 1691 18.
457 1648 761 1701 Προσανέλαβε
781 1648 829 1691 τὸ
854 1645 1166 1703 στρατὸπεὸον]
1201 1650 1393 1700 Interpres
1417 1652 1553 1701 copias

101 1706 192 1744 hinc
215 1707 326 1744 illinc
347 1708 578 1758 adsumpsit.
591 1705 786 1744 Debuerat
805 1708 941 1758 copias
960 1709 1164 1745 recreavit
1185 1715 1224 1744 ec
1246 1708 1404 1753 refecit.
1430 1710 1551 1750 Quam

100 1763 336 1800 sententiam
367 1764 564 1811 superiora
593 1774 713 1810 paene
744 1764 994 1811 expostulant
1024 1769 1063 1799 et
1087 1763 1196 1801 verbi
1218 1776 1322 1800 usus.
1353 1763 1551 1828 lixemplis

99 1831 161 1855 res
181 1818 417 1855 absolvetur.
450 1817 556 1855 Infra
579 1817 694 1855 huius
713 1818 803 1856 libri
823 1831 855 1855 c.
880 1820 952 1859 87.
971 1815 1086 1858 Ἀλέί
1065 1818 1238 1870 Ὦναιδρος
1271 1817 1311 1857 ἐν
1339 1834 1385 1872 τι,
1384 1817 1549 1865 Ταξί-

99 1875 175 1913 λου
200 1869 321 1928 χήρα
351 1875 566 1925 προσανω)
572 1870 687 1923 αβων
714 1888 791 1925 την
821 1869 1008 1925 ὁνναμιν.
1047 1881 1128 1911 tum
1159 1888 1193 1914 c.
1221 1876 1324 1915 110.
1364 1844 1550 1912 έίτιιτίῐθα

100 1929 145 1968 δὲ
162 1929 308 1979 (ffl‘mg
333 1951 380 1957 —-
404 1944 472 1967 και
501 1927 837 1996 προσαναλαβὼν
865 1927 943 1981 τὴν
969 1925 1103 1982 ὁυναμ
1109 1945 1157 1969 ιν.
1200 1930 1252 1967 Et
1275 1930 1315 1966 Ι.
1336 1930 1452 1967 ΧΙΧ.
1476 1931 1548 1969 21.

99 1984 180 2024 ἐπει
186 1983 235 2036 δη
256 1984 391 2037 βραχ·’
390 1999 445 2031 ως
465 1980 594 2025 αυτὸν
613 1983 919 2037 προσανέλαβε,
951 1989 1103 2038 προῆγε
1124 1995 1197 2025 etc.
1222 1987 1368 2032 Quibus
1389 1989 1429 2024 in
1455 1988 1550 2023 locis

99 2043 345 2091 interpretem
367 2042 546 2079 vocabuli
571 2048 741 2090 potestas
760 2054 838 2079 non
857 2042 1011 2082 fefellit.
1051 2042 1186 2081 Wrtss.

217 2099 318 2137 172
348 2098 418 2138 19.
457 2094 767 2149 Κτησικλέους]
809 2097 899 2136 Non
920 2097 992 2136 hoc
1011 2098 1227 2145 Archonte,
1253 2098 1320 2134 sed
1341 2098 1549 2147 superioris

97 2155 192 2190 anni
215 2152 426 2200 Euaenew,
452 2154 746 2192 Alexandrum·
737 2167 776 2190 in
798 2155 930 2192 Asiam
951 2156 1151 2192 transiisse
1180 2167 1228 2192 cx
1259 2157 1454 2191 annalium
1476 2154 1548 2189 fide

97 2208 272 2247 Clemens
290 2210 401 2247 Alex.
421 2208 563 2249 strom.
586 2211 629 2248 L.
653 2209 682 2247 l.
708 2223 746 2260 p.
771 2210 878 2250 403.
908 2210 1091 2258 prodidit,
1118 2223 1242 2259 neque
1264 2212 1360 2247 male
1383 2213 1451 2249 illi.
1487 2209 1549 2245 ln-

99 2272 213 2307 ennte
243 2268 344 2303 enim
373 2278 464 2304 vere
488 2268 571 2307 eius
594 2268 710 2314 anni,
738 2279 813 2316 quo
837 2265 1010 2304 Athenae
1029 2273 1244 2316 praetorem
1270 2267 1450 2304 viderunt
1472 2265 1548 2302 liu-

97 2329 298 2367 mancatum,
324 2324 364 2359 in
384 2322 515 2359 Asiam
533 2325 700 2359 tramisit
719 2323 951 2360 Alexander.
989 2322 1068 2360 Sed
1088 2336 1173 2360 cum
1193 2324 1301 2360 brevi
1324 2331 1407 2371 post
1428 2324 1549 2368 magi-

98 2385 259 2414 stratum
281 2376 467 2415 Ctesicles
485 2379 616 2425 iniret,
648 2380 762 2416 solito
781 2379 856 2416 sibi
877 2392 982 2417 more
1001 2378 1197 2419 Diodorus
1212 2392 1273 2416 res
1299 2378 1364 2415 has
1390 2379 1455 2414 illo
1477 2378 1548 2414 Ar-

99 2433 238 2472 chonte
256 2434 544 2471 administratas
566 2433 750 2484 perhibet.
781 2435 916 2475 WVESS.

216 2492 303 2530 17...
278 2492 319 2529 ⁶.)
341 2491 416 2529 20.
454 2486 638 2530 Λεύκιον
657 2490 893 2543 Παπίριον]
923 2490 1032 2529 Fasti
1055 2503 1123 2541 pro
1144 2491 1216 2529 hoc
1237 2496 1460 2527 annotatum
1481 2487 1548 2524 ha-

100 2546 190 2582 bent
215 2542 408 2586 Πόπλιον
438 2543 614 2594 Αἴλιον,
643 2553 687 2583 ut
717 2553 755 2584 et
784 2548 918 2585 Livius
945 2547 989 2586 L.
1013 2547 1115 2586 V111.
1147 2549 1214 2588 15.
1252 2546 1389 2583 Rnon
1432 2540 1547 2582 Ad·-

98 2601 186 2640 κίον
217 2601 456 2654 Παπίριον]
494 2601 722 2651 Insequentc
750 2615 854 2640 anno
888 2615 1075 2641 summum
1105 2602 1249 2640 Romae
1281 2603 1544 2650 magistratum

97 2660 231 2708 gessit.
260 2657 408 2694 bersan
429 2671 544 2709 ergo,
571 2659 671 2707 quod
693 2658 736 2695 P.
758 2659 860 2697 Aelii
881 2660 990 2697 Paeti
1012 2672 1151 2697 nomen
1171 2659 1232 2696 hic
1253 2659 1469 2705 corruptius
1492 2658 1543 2691 le-

98 2721 276 2763 geretur,
305 2714 394 2751 inde
414 2713 585 2753 adscitus
606 2727 629 2752 a
646 2715 782 2754 scribis
801 2722 870 2753 est.
904 2715 971 2753 Sic
990 2715 1153 2767 Pighius
1178 2717 1291 2752 etiam
1315 2717 1352 2751 in
1376 2711 1479 2749 Fast.
1499 2711 1545 2748 ad

99 2781 190 2809 ann.
214 2778 356 2809 ccxvi.
384 2769 519 2808 Wnss.
