1859 3326
318 220 508 254 CXLVIII
600 218 889 254 oEcoNofflA
924 220 1198 253 HISTORIAE
1237 220 1464 253 D10DOR1.

891 318 954 352 Ar
1000 323 1213 354 onautae.

412 374 555 408 Eorum
582 374 707 409 socius
733 378 818 409 erat
839 329 1047 417 Hercuffes3
1080 375 1208 420 itaque
1234 375 1428 420 proximus
1444 375 1551 410 locus
1578 374 1625 410 de
1652 373 1711 409 his
1734 374 1789 408 di-

330 431 451 466 cendi.
494 431 613 474 (cons.
631 442 711 477 cap.
729 433 773 469 15
793 435 833 466 et
848 434 920 477 32.)
946 452 991 458 --
1025 432 1173 465 Iasonis
1199 432 1418 474 consilium,
1446 436 1644 466 exstructa
1671 433 1792 475 navis,

329 490 480 522 itineris
513 490 616 522 socii.
651 490 740 533 Cap,
756 487 812 525 40,
838 487 896 526 41.
944 488 1211 523 Memorabilia
1233 490 1271 522 in
1297 490 1460 523 itinere:
1489 490 1537 523 ad
1553 500 1656 524 oram
1672 491 1791 524 Troa-

330 546 389 579 dis
408 546 614 578 Hesionem
638 546 812 579 devotam
831 546 1019 580 Hercu-les
1044 546 1203 587 liberat,
1239 548 1278 579 et
1304 546 1466 580 balaena
1485 547 1690 582 interfecta
1707 557 1794 581 ean-

333 603 420 636 dem
450 607 488 636 et
513 604 641 646 regios
665 613 782 647 equos
801 604 959 647 praemii
977 603 1060 637 loco
1081 604 1236 647 accipit,
1269 604 1418 637 interea
1443 605 1542 648 apud
1560 614 1690 648 regem
1707 604 1796 638 reli-

333 665 426 693 ctos.
467 663 554 702 Cap.
581 661 637 695 4⁶2.
677 660 732 692 Ob
762 664 1027 703 tempestatem
1054 660 1228 704 Orpheus
1253 660 1335 694 Diis
1363 662 1402 693 in
1418 660 1662 695 Samothrace
1687 670 1797 694 sacra

335 721 374 751 et
390 720 478 749 vota
495 716 597 748 facit.
641 715 907 751 Samothraces
925 717 1009 759 Dii,
1032 718 1221 751 Dioscuri.
1253 717 1346 751 Inde
1367 719 1563 762 progressi
1580 717 1740 751 ulterius
1758 718 1797 750 in

335 773 557 813 Thraciam,
592 772 665 806 duo
690 775 794 817 regis
818 773 951 807 Phinei
976 774 1094 816 filios,
1124 779 1280 818 propter
1303 785 1491 808 novercae
1516 775 1799 808 criminationes

335 831 541 864 crudeliter
559 840 581 862 a
601 834 707 873 patre
727 829 890 872 habitos,
910 831 1152 865 ulciscuntur.
1202 833 1335 866 Occiso
1355 824 1513 875 Phineo,
1535 831 1623 865 filiis
1640 823 1799 875 regnum

333 888 509 923 traditur.
559 887 631 920 Alii
651 897 731 920 rem
748 888 860 921 aliter
883 893 1056 931 narrant3
1082 890 1150 923 sed
1168 890 1386 930 tenendum,
1409 891 1447 923 in
1467 894 1639 923 veterum
1659 887 1801 932 mythis

336 955 412 978 11011
438 944 564 978 011111ἱᾶ
588 954 811 987 congruere·
844 945 933 989 Cap·
948 946 1004 985 43.
1032 945 1088 982 44.
1132 948 1192 981 Ex
1209 947 1374 981 Thracia
1388 948 1427 981 in
1444 946 1605 981 Pontum
1626 949 1803 980 transve-

336 1002 386 1035 cti
413 1001 609 1045 appellunt
629 1000 680 1034 ad
705 1000 981 1036 Chersonesum
1012 1004 1235 1046 Tauricam,
1274 1005 1422 1049 ignari,
1456 995 1630 1037 barbaris
1656 1010 1802 1037 morem

337 1069 445 1100 esse,
471 1058 640 1102 hospites
656 1058 876 1092 immolandi
895 1060 1043 1095 Dianae
1061 1062 1261 1098 'Tauricae
1297 1059 1443 1106 Cap-44
1461 1064 1557 1097 extr.
1602 1060 1697 1094 Eius
1724 1070 1802 1094 mo·

336 1117 389 1149 ris
423 1125 538 1148 causa
576 1120 614 1148 et
648 1116 756 1159 orig-o
786 1117 1007 1160 explicatur.
1061 1118 1183 1152 Simul
1210 1129 1274 1153 res
1299 1117 1497 1152 Colchicae
1524 1117 1803 1151 describuntur.

337 1171 462 1206 Aeetes
476 1177 515 1206 et
531 1171 656 1205 Perses
675 1172 815 1206 fratres
831 1178 961 1215 erant,
985 1173 1050 1207 ille
1073 1175 1282 1215 Colchidis,
1315 1173 1377 1208 hic
1393 1174 1580 1208 Tauricae
1599 1183 1683 1212 rex.
1723 1174 1803 1207 He-

341 1234 471 1272 catae,
501 1230 640 1264 Persae
666 1229 771 1271 filia5
800 1230 882 1264 fero
910 1235 950 1264 et
972 1232 1127 1265 immani
1145 1234 1299 1276 ingenio
1319 1232 1512 1276 praedita,
1534 1231 1804 1268 venenainvenj

338 1289 414 1329 nit,
454 1292 493 1321 et
516 1287 760 1321 inhumanum
779 1287 926 1322 Dianae
949 1299 1097 1322 sacrum
1116 1290 1294 1322 instituit.
1339 1289 1467 1334 Nupta
1491 1291 1633 1323 Aeetae
1658 1285 1804 1329 Circen,

339 1343 503 1377 Medeam
522 1343 765 1390 etAegialmn
780 1346 942 1389 peperit.
984 1346 1093 1379 Circe
1114 1347 1245 1380 matris
1263 1350 1385 1380 artem
1408 1347 1516 1390 colit;
1540 1336 1801 1380 Sarmatarum

338 1403 422 1446 regi
448 1403 486 1434 in
511 1404 790 1435 matrimonium
814 1402 921 1444 data,
958 1405 1095 1437 marito
1123 1404 1291 1445 sublato,
1326 1414 1486 1448 regnum
1512 1407 1680 1448 occupat.
1739 1392 1798 1435 Ob

338 1459 575 1492 crudelitatis
599 1459 768 1492 facinora
802 1469 921 1503 regno
955 1460 1077 1493 eiecta
1101 1460 1251 1494 Italiam
1281 1462 1388 1505 petit.
1429 1461 1588 1504 Cap.45-
1645 1459 1800 1501 Medea,

339 1517 502 1548 mitioris
527 1517 692 1560 ingenii,
722 1518 1010 1560 peregrinorum
1038 1518 1238 1550 servatrix.
1290 1519 1402 1552 Hanc
1416 1517 1615 1562 profugam
1633 1516 1671 1549 in
1684 1516 1800 1558 litore

339 1572 539 1605 offendunt
561 1575 799 1617 Argonautae
825 1575 866 1607 in
889 1573 1104 1608 Coit-,hidem
1131 1574 1292 1618 appulsi.
1355 1576 1487 1616 lason,
1516 1575 1610 1608 data
1635 1573 1802 1617 coniugii

338 1629 433 1670 fide,
464 1630 639 1664 Medeam
667 1631 909 1664 consiliorum
931 1636 970 1664 et
989 1632 1242 1675 expeditionis
1265 1633 1406 1666 sociam
1428 1631 1555 1666 habet·
1600 1631 1698 1664 Tum
1717 1630 1801 1663 vel-

335 1686 396 1720 lus
421 1694 577 1719 aureum
605 1692 716 1721 noctu
740 1688 933 1720 invadunt.
972 1690 1059 1732 Cap.
1082 1688 1139 1726 46.
1204 1689 1392 1724 Inseritur
1423 1689 1553 1723 fabula
1577 1687 1624 1721 de
1646 1686 1800 1729 Phrixo,

334 1752 452 1776 aureo
470 1744 613 1777 vellere
634 1745 731 1788 apud
751 1744 908 1779 Colchos
926 1746 964 1778 in
982 1747 1123 1791 templo
1141 1747 1279 1780 Martis
1297 1750 1538 1786 consecrato,
1562 1745 1718 1789 eiusque
1738 1754 1801 1778 cu-

333 1800 525 1841 stodi-buS,
558 1802 721 1835 dracone
749 1805 823 1835 cet.
865 1803 953 1847 Cap.
969 1804 1026 1841 47.
1079 1804 1185 1837 Duce
1215 1804 1356 1838 Medea
1378 1805 1639 1848 Argonautae,
1674 1801 1797 1834 caesis

331 1858 570 1900 custodibus,
592 1859 736 1892 vellere
755 1869 872 1893 aureo
896 1865 1025 1905 rapto,
1053 1861 1101 1893 ad
1119 1871 1237 1895 naves
1255 1862 1490 1906 con-fugiunt.
1530 1859 1692 1900 Aeetes,
1725 1858 1799 1891 col-

331 1912 432 1946 lecta
454 1925 566 1948 manu
585 1926 650 1949 eos
668 1921 912 1959 perseeutuS‚
945 1919 983 1950 in
1006 1928 1132 1962 pugna
1157 1919 1267 1962 perit.
1312 1920 1420 1952 'runc
1440 1916 1601 1951 navibus
1619 1925 1798 1950 conscen-

333 1972 386 2004 sis
404 1973 567 2005 reditum
589 1979 733 2017 parant,
785 1974 951 2008 Glaucus
967 1976 1116 2009 itineris
1134 1986 1260 2009 comes
1279 1980 1320 2010 et
1333 1977 1500 2009 adiutor.
1525 1974 1614 2017 Cap.
1625 1973 1682 2010 48.
1729 1971 1797 2006 Su-

331 2033 465 2071 perato
485 2030 734 2074 Hellesponto
751 2032 945 2074 attingunt
961 2033 1164 2066 Troade-m.
1212 2035 1268 2067 Ob
1282 2034 1477 2067 Hesionen
1492 2034 1534 2064 et
1555 2041 1671 2075 equos
1690 2041 1796 2064 recu-

332 2090 435 2118 satos
457 2089 657 2132 commissa
674 2099 809 2132 pugna.
847 2087 1071 2123 Laomedon
1090 2100 1215 2133 pugna
1237 2090 1352 2131 cadit3
1377 2099 1533 2133 regnum
1550 2088 1701 2121 Priamo
1721 2090 1795 2119 tra-

330 2141 443 2175 ditur.
492 2144 532 2176 ln
549 2144 794 2179 Samothrace
812 2146 895 2179 Diis
913 2146 1220 2180 Samothracibus
1238 2151 1326 2180 vota
1346 2145 1507 2179 reddita.
1538 2144 1661 2187 (Conf.
1678 2154 1794 2186 supra

327 2209 408 2242 cap.
428 2199 485 2236 43.
511 2201 585 2247 48.)
632 2204 719 2246 Cap.
735 2203 791 2238 49.
831 2221 870 2228 -
918 2204 1071 2236 Interea
1097 2203 1243 2244 Pelias,
1283 2207 1456 2247 peremta
1482 2201 1627 2233 Iasonis
1660 2202 1792 2244 stirpe,

325 2265 485 2299 regnum
511 2264 774 2301 occupaverat.
826 2259 958 2304 Itaque
983 2261 1096 2293 Iason
1124 2271 1302 2294 reversus
1322 2261 1361 2292 in
1388 2258 1626 2290 Thessaliam
1655 2257 1791 2291 funera

327 2323 478 2346 suorum
502 2316 631 2347 ulcisci
646 2319 769 2358 parat.
815 2316 905 2348 Cum
926 2318 1050 2349 onmia
1068 2318 1144 2350 sint
1161 2317 1361 2360 impedita,
1392 2315 1532 2348 Medea
1550 2325 1679 2357 regem
1698 2315 1786 2348 dolo

323 2369 545 2404 interimere
573 2376 613 2405 et
638 2373 780 2415 regiam
806 2374 968 2417 prodere
995 2375 1190 2418 promittit.
1231 2376 1320 2417 Cap.
1336 2374 1391 2409 50.
1438 2371 1591 2405 Scilicet
1616 2378 1787 2405 assumta

324 2437 440 2470 sagae
461 2438 641 2471 persona,
665 2430 805 2463 Medea
821 2431 952 2463 urbem
977 2434 1016 2464 et
1032 2432 1176 2475 regiam
1195 2431 1428 2474 ingreditur,
1454 2429 1601 2471 magica
1621 2431 1787 2462 ministe-

322 2484 382 2515 ria
397 2490 574 2518 senectae
593 2486 923 2521 transformandae
938 2489 977 2520 in
994 2489 1199 2522 iuvenilem
1217 2489 1388 2531 vigorem
1407 2485 1521 2520 offert
1536 2490 1574 2519 et
1590 2486 1786 2529 approbat.

322 2540 447 2573 Caede
469 2542 597 2574 Peliae
620 2552 688 2585 per
707 2542 878 2576 fraudem
896 2549 1069 2588 peracta,
1094 2545 1259 2589 datoque
1279 2545 1410 2587 signo,
1435 2544 1546 2576 Iason
1565 2554 1646 2577 cum
1669 2546 1782 2576 sociis

317 2599 465 2640 regiam
491 2603 730 2642 recuperant.
771 2601 858 2644 Cap.
877 2605 935 2637 51.
959 2605 1017 2638 52.
1046 2622 1090 2627 -
1128 2603 1171 2635 ln
1192 2603 1436 2644 superstitem
1464 2602 1567 2645 regis
1598 2601 1779 2634 familiam

316 2653 526 2698 benignus,
563 2657 700 2691 Acasto
718 2656 797 2690 filio
823 2668 981 2701 regnum
1003 2658 1143 2700 tradit,
1177 2659 1276 2691 lilias
1294 2659 1534 2691 matrimonio
1550 2659 1672 2702 iungit
1687 2659 1780 2691 viris

312 2711 554 2754 principibus
602 2713 674 2746 His
694 2717 881 2757 pei-acm,
908 2716 1077 2749 Hercule
1101 2719 1279 2756 auctore,
1310 2717 1552 2759 Argonautae
1578 2714 1713 2748 foedus
1738 2720 1779 2749 et

312 2769 533 2803 societatem
554 2770 593 2804 in
613 2768 762 2806 futuros
778 2781 887 2806 casus
905 2773 1085 2818 iungunt,
1113 2772 1298 2819 ludosque
1324 2772 1520 2808 celebrant
1536 2771 1617 2807 Iovi
1645 2782 1774 2806 sacros
