1859 3326
322 235 469 268 CLXIV
652 233 933 265 OECONOMIA
961 232 1234 264 IIISTORIAE
1266 233 1487 266 DIODORI.

919 342 1174 381 reriodu

769 445 808 493 S
842 443 886 492 E
924 443 965 491 G
1003 444 1051 492 Τ
1087 443 1114 493 Ι
1151 442 1196 492 Ο
1247 445 1326 492 ΙΙ.

327 563 368 607 Α
398 559 612 607 Xerxis
638 560 791 606 bello
827 564 884 604 in
909 560 1197 604 Graeciam
1228 569 1489 619 suscepto
1519 575 1688 620 usquc
1723 563 1787 604 ad

712 638 1060 699 Philippum,
1103 642 1154 684 R.
1189 641 1400 684 Maced.

814 722 885 767 Ol.
912 721 1295 766 LXXV—CIV.

869 823 970 866 Lib.
990 822 1060 866 XI
1072 848 1139 855 ——
1148 822 1252 867 XV.

301 968 303 970 .
335 937 374 980 1.
432 935 658 974 Initium
687 933 817 972 belli
844 948 871 972 a
907 934 1086 974 Xerxe
1116 937 1168 974 in
1202 935 1431 974 Grae-cos
1467 935 1606 985 gesti
1626 946 1790 985 usque

569 1003 636 1042 ad
662 1001 849 1041 bellum
877 1001 1262 1041 Atheniensium
1296 1003 1551 1056 Cyprium.

969 1080 1055 1120 Lib..
1076 1079 1152 1118 XI.
1200 1134 1203 1137 Ι

687 1151 860 1200 olymp.
876 1152 1038 1197 LXXV,
1060 1155 1093 1190 1.
1113 1174 1158 1180 —
1177 1151 1376 1194 LXXXII,
1399 1154 1435 1187 2.

327 1225 570 1272 PRooEmmM
596 1238 709 1283 spatii
736 1223 939 1284 temporis,
979 1239 1052 1274 hoc
1076 1238 1175 1273 libro
1199 1240 1386 1281 contenti,
1431 1237 1615 1272 terminos
1638 1236 1791 1270 indicat.

324 1295 468 1329 Suasor
493 1296 586 1329 belli
609 1295 852 1340 Mardonius,
892 1296 986 1331 socii
1012 1297 1216 1332 Persarum
1246 1296 1593 1341 Carthaginienses.
1644 1294 1793 1329 Horum

327 1356 532 1399 apparatus
548 1353 720 1391 bellicus.
755 1364 789 1391 c.
811 1357 845 1392 1.

888 1441 1057 1491 Olymp.
1072 1442 1227 1482 LXXV.

418 1521 515 1555 Ann-
545 1525 577 1558 1.
600 1538 603 1539 ⁷
624 1521 818 1557 Adventus
847 1523 987 1558 Xerxis
1015 1524 1054 1557 in
1081 1523 1294 1558 Graeciam.
1337 1522 1393 1557 Ad
1413 1532 1496 1556 eum
1517 1521 1658 1555 multae
1676 1519 1794 1554 Grae·

329 1580 410 1613 ciae
429 1580 601 1613 civit-ates
619 1580 853 1622 defecerant,
878 1591 974 1625 quae
996 1585 1175 1615 notantur
1192 1580 1360 1615 infamia.
1399 1579 1630 1613 Graecorum
1649 1579 1794 1622 copiae,

328 1637 423 1670 duce
442 1636 624 1672 Leonida.
674 1636 812 1682 Pztgna
836 1636 1013 1671 terrestris
1044 1638 1092 1672 ad
1110 1637 1409 1681 Thermopylas:
1443 1638 1584 1671 Persae
1602 1639 1661 1669 ter
1675 1635 1794 1678 pulsi3

326 1693 480 1726 tandein
500 1693 660 1736 perfidia
685 1693 880 1728 Trachinii
905 1695 1091 1737 victoresq
1128 1694 1322 1728 Leonidas
1340 1705 1422 1726 cum
1440 1695 1518 1727 suis
1536 1693 1720 1726 occubuit.
1759 1702 1791 1727 e.

329 1751 471 1785 2—10.
518 1749 672 1794 Pugnae
698 1752 843 1784 navales
866 1738 1026 1785 ⁸«lucibus
1052 1751 1271 1796 Eurybiade
1302 1752 1340 1784 et
1365 1749 1637 1792 Themistocle,
1672 1751 1793 1793 primo

330 1807 378 1839 ad
396 1808 635 1840 Artemisium
647 1830 657 1850 ,
688 1810 753 1843 ubi
769 1811 928 1844 victoria
946 1809 1059 1842 dubia
1077 1812 1170 1842 erat.
1215 1808 1369 1841 Interea
1384 1807 1533 1840 Xerxes
1550 1807 1709 1840 Atticam
1728 1806 1795 1840 de-

331 1868 470 1897 vastat·
505 1874 535 1897 c.
556 1866 596 1901 11
610 1886 649 1890 —
664 1866 718 1903 14.
764 1868 861 1900 Tum
880 1867 927 1899 ad
945 1866 1194 1906 Salaminem,
1228 1875 1300 1909 qua
1319 1874 1445 1908 pugna
1467 1864 1603 1898 Graeci
1628 1865 1795 1908 praecla-

330 1931 410 1954 ram
430 1922 627 1955 victoriam
651 1927 858 1966 reportant.
887 1934 889 1937 ·
905 1922 987 1956 Rex
1007 1927 1110 1956 metu
1129 1921 1327 1965 perculsus
1341 1921 1431 1965 fuga
1451 1921 1487 1953 in
1505 1932 1662 1965 regnum
1681 1932 1722 1955 se
1737 1932 1796 1955 re-

331 1979 440 2021 cipit,
473 1978 673 2013 Mardonio
687 1980 729 2012 in
749 1980 912 2014 Graecia
933 1979 1079 2014 relicto.
1114 1989 1146 2012 c.
1164 1970 1330 2016 15—19'.
1375 1978 1449 2012 Per
1473 1979 1511 2011 id
1530 1983 1682 2022 tempus
1708 1979 1795 2011 Car-

330 2034 614 2078 thaginienses,
640 2035 796 2070 foedere
815 2038 930 2070 iuncti
949 2047 1032 2070 cum
1051 2037 1198 2078 Persis,
1224 2036 1363 2069 bellum
1376 2059 1386 2076 ,
1413 2040 1457 2068 ut
1472 2035 1573 2069 inter
1590 2036 1690 2079 ipsos
1711 2045 1795 2068 con-

331 2096 502 2131 venerat,
528 2092 621 2125 duce
641 2093 872 2135 Hamilcare,
897 2093 1055 2127 Graecis
1075 2095 1111 2126 in
1131 2093 1259 2127 Sicilia
1274 2093 1455 2126 inferunt.
1500 2093 1640 2126 Eorum
1663 2093 1792 2135 copiae

334 2152 373 2180 et
392 2151 597 2181 terrestres
618 2152 656 2181 et
674 2150 840 2183 navales.
885 2150 1002 2192 Gelo,
1035 2150 1309 2194 Syracusarum
1339 2151 1530 2193 princepS,
1559 2150 1617 2182 vir
1634 2149 1796 2193 pruden-

331 2206 502 2237 tissimus
519 2206 648 2250 reique
667 2206 842 2239 militaris
865 2208 1131 2250 peritissimus,
1157 2207 1389 2240 Graecorum
1406 2206 1545 2239 vindex
1566 2210 1606 2239 et
1621 2210 1796 2240 servator

335 2264 430 2294 erat.
482 2260 540 2303 Is,
574 2266 848 2307 strategemate
876 2274 988 2304 usus,
1022 2266 1060 2296 et
1081 2264 1240 2296 classem
1260 2263 1424 2297 hostium
1444 2262 1628 2301 incendit,
1664 2267 1702 2296 et
1719 2263 1795 2296 Ha-

333 2318 528 2350 milcarem
548 2318 767 2361 obtruncat,
791 2324 831 2354 et
846 2321 1019 2354 terrestri
1038 2321 1183 2364 proelio
1201 2319 1330 2354 hostes
1352 2320 1485 2354 fundit.
1531 2319 1622 2352 Inde
1643 2320 1795 2353 Cartha-

333 2375 527 2417 ginienses
552 2385 682 2418 pacem
705 2379 859 2420 petunt,
893 2381 932 2409 et
955 2387 978 2410 a
1003 2378 1148 2412 victore
1176 2379 1259 2411 miti
1284 2387 1426 2421 aequas
1452 2377 1534 2411 eius
1559 2377 1796 2413 conditiones

332 2431 549 2475 impetrant.
575 2442 606 2464 c.
623 2435 785 2469 20—26.

422 2488 440 2506 '⁶
465 2488 678 2532 parergon:
708 2488 863 2523 Pindari
883 2494 1002 2525 aetas.

426 2552 519 2586 Ann-
544 2557 577 2590 2.
628 2554 769 2587 Classis
788 2554 989 2590 Persarum
1017 2558 1116 2591 circa
1142 2559 1296 2592 Cumam
1320 2559 1360 2591 et
1378 2556 1530 2590 Samum
1549 2556 1678 2590 Ioniae
1706 2557 1795 2589 insi-

332 2609 471 2643 diatur.
515 2609 608 2643 Mox
641 2611 855 2645 simultates
891 2614 990 2647 inter
1013 2614 1264 2648 Athenienses
1291 2619 1329 2648 et
1357 2614 1703 2654 Lacedaenioni053
1747 2614 1793 2647 ob

334 2677 426 2711 quas
444 2666 666 2700 Mardonius
686 2667 937 2703 Athenienses
960 2671 997 2703 in
1024 2681 1112 2704 suas
1128 2676 1258 2715 partes
1275 2672 1426 2705 trahere
1454 2670 1707 2715 nequidquam
1732 2680 1794 2703 an—

333 2724 479 2756 nititur.
523 2723 606 2764 Quo
635 2723 735 2759 sacto
761 2727 877 2760 caede
904 2730 942 2760 et
966 2727 1150 2761 incendiis
1166 2729 1326 2762 Atticam
1353 2731 1489 2761 vastat.
1537 2726 1613 2760 Sed
1632 2727 1793 2761 Graeco-

332 2790 417 2815 rum
435 2779 482 2816 de
502 2778 700 2815 liberanda
718 2784 843 2828 patria
871 2794 1018 2818 summa
1040 2786 1281 2822 unanimitas.
1325 2785 1458 2831 ltaque
1476 2784 1615 2828 duplici
1635 2785 1793 2829 proelio,
