1859 3326
311 211 406 253 443
777 182 1293 249 ANNOTATmNEs

313 336 486 363 caussam
506 321 694 360 dederunt
710 319 943 371 Euaephnus
965 319 1192 371 Spartanus,
1219 327 1257 358 et
1279 318 1513 371 Polychares
1534 321 1762 369 Messenius,

313 395 475 432 quorum
494 378 727 429 Polychares
750 378 902 426 quidem
922 386 980 416 lv.
1003 377 1232 428 Olympiade
1252 378 1378 415 stadio
1394 379 1519 416 victor
1537 380 1666 416 fuerat
1676 408 1688 427 ‚
1717 386 1761 415 ut

312 439 481 476 refertur
500 437 541 472 in
561 436 736 485 catalogo
756 433 1112 484 Olympionicarum
1127 461 1139 482 ,
1172 445 1283 482 quem
1312 446 1361 471 ex
1391 434 1624 472 bibliotheca
1655 435 1764 485 regia.

315 495 438 532 edidit
463 492 650 541 Scaliger.
708 489 922 540 Historiam
950 490 1048 527 hanc
1067 490 1293 540 Polycharis
1321 492 1448 541 legere
1469 499 1526 528 est
1543 490 1641 541 apud
1662 490 1764 527 Pau-

316 553 463 588 sanium
485 550 525 585 in
546 548 794 585 Messeniaeis
820 551 918 595 (cap.
933 548 975 586 4.
995 544 1192 599 P·28„9-)‚
1229 547 1296 584 ubi
1319 547 1461 584 bellum
1485 547 1765 585 Messeniaeum

317 614 493 644 accurate
523 604 730 650 describit,
769 603 869 653 quod
890 616 957 652 per
977 614 1038 640 xx
1068 601 1190 640 annos
1212 610 1375 641 tractum
1394 603 1547 641 tandem
1568 617 1766 654 expugna-

315 667 422 701 tione
448 661 613 698 {thomae
636 659 751 695 finem
772 661 922 708 accepit
953 673 1055 697 anno
1072 670 1098 698 1.
1126 660 1279 710 Olymp.
1295 670 1382 697 xlv.
1451 660 1502 697 Et
1521 659 1593 697 hoc
1613 660 1766 709 quidem

271 735 273 738 ·
317 720 573 759 Messenieum
592 717 735 753 bellum
753 718 919 765 primum
940 717 1027 753 fuit.
1072 717 1211 754 Postea
1231 729 1323 754 vero
1346 717 1486 754 bellum
1508 715 1766 754 Messenicum

318 774 527 814 secundum
553 774 625 812 39.
647 779 734 820 post
747 775 859 810 annis
880 780 937 810 est
956 775 1164 810 excitatum
1186 785 1288 810 anno
1309 773 1351 812 4.
1372 784 1496 810 xxm.
1517 772 1669 822 Olymp.
1685 800 1697 820 ,
1723 778 1767 810 ut

318 836 372 870 ait
392 830 602 868 Pausanias
625 828 763 880 (L.1V.
788 826 897 881 15.),
924 832 1151 881 magistratu
1173 829 1335 866 Athenis
1347 829 1489 867 Tlesia.
1533 830 1770 877 Quamquam

317 889 491 926 Iustinus
521 893 608 934 post
634 887 834 937 octoginta
851 899 973 924 anuos
997 887 1035 923 id
1054 887 1194 923 bellum
1213 889 1416 935 repetitum
1437 899 1518 923 esse
1539 887 1674 922 scribit
1701 887 1766 922 lib.

318 944 388 982 Ill.
424 944 462 982 5.
533 942 605 979 Cui
634 943 784 980 accedit
811 942 1003 980 Eusebius
1045 945 1086 979 in
1115 941 1327 990 Chronico,
1368 945 1433 992 qui
1464 942 1769 992 Olymp.xxxv.

318 1013 422 1038 anno
452 1000 492 1039 3.
535 999 748 1046 stlessana,
788 1001 865 1046 ait,
898 1013 926 1036 ιι
956 1000 1358 1038 Lacedaemoniorum
1379 1001 1572 1037 societate
1592 1000 1773 1036 discedit.

318 1058 490 1104 Eamque
509 1058 741 1093 sententiam
764 1067 879 1104 prope
901 1063 958 1093 est
976 1063 1019 1093 ut
1036 1058 1226 1093 veriorem
1243 1063 1387 1105 putem.
1443 1056 1542 1093 Nam
1562 1054 1772 1105 Tyrtaeus,

320 1117 386 1164 qui
416 1126 460 1150 eo
495 1112 596 1149 bello
616 1126 637 1149 a
658 1112 971 1150 Lacedaemoniis
995 1113 1103 1149 iussu
1126 1114 1272 1149 oraculi
1293 1119 1351 1148 est
1371 1114 1540 1157 accitus,
1569 1113 1684 1148 tertia
1707 1125 1772 1148 ae-

320 1179 401 1209 tate
431 1176 518 1217 post
547 1171 710 1216 primum
734 1168 991 1207 Messenicum
1024 1169 1166 1206 bellum
1185 1168 1392 1206 rebellasse
1415 1167 1628 1206 Messenios
1646 1170 1777 1206 innuit

321 1228 381 1266 his
401 1226 601 1266 versibus:

538 1278 661 1335 Ἀμφ’
695 1277 826 1332 αὐτὴν
854 1277 895 1320 δ”
928 1276 1117 1332 ἐμάχοντ’
1150 1277 1416 1320 ἔννεακαίὸεκ’
1453 1276 1523 1332 ἴτη

517 1335 721 1388 Ὗ(ι)λ«ε,ιιείυς
749 1337 826 1376 αἰεὶ
854 1338 1146 1391 ταλασίφρονα
1175 1335 1318 1388 θυμὸν
1347 1335 1507 1388 ἔχοντες

546 1393 763 1445 Αἷχμηταὶ
795 1392 985 1446 πατέρων
1016 1391 1225 1446 ἡλιιετέρων
1251 1392 1439 1445 πατέρες.

322 1453 421 1490 Tres
450 1458 578 1489 autem
606 1458 752 1488 aetates
781 1464 847 1488 seu
866 1450 996 1502 γενεαὶ
1028 1453 1228 1501 octoginta
1254 1452 1339 1498 plus
1362 1452 1491 1487 minus
1512 1461 1635 1488 annos
1657 1451 1778 1487 confi-

321 1512 445 1547 ciunt.
502 1508 681 1555 Accedit,
719 1508 821 1557 quod
850 1506 1042 1558 Tyrtaeus
1072 1507 1374 1557 Olyilip.xxxv.
1400 1506 1577 1544 floruisse
1597 1507 1736 1544 dicitur
1755 1521 1778 1545 a

323 1566 446 1604 Suida
477 1566 518 1602 in
550 1565 771 1615 Τυρταῖος,
830 1563 1021 1601 Eusebius
1050 1564 1203 1614 Olymp.
1226 1573 1379 1600 XXXVI.
1415 1563 1592 1600 floruisse
1626 1564 1776 1603 scribit.

320 1623 474 1660 Floruit
491 1628 617 1658 autem
637 1620 831 1671 Tyrtaeus
853 1621 953 1658 bello
975 1620 1192 1659 Messenico
1213 1619 1403 1669 secund0‚
1430 1626 1475 1657 ut
1499 1621 1593 1657 satis
1614 1627 1778 1657 constat.

324 1681 472 1717 VAlAEs.

439 1734 544 1774 548.
576 1735 617 1774 6.
656 1730 903 1772 Συνθὲσθαι
924 1730 1071 1784 μεθών
1093 1731 1330 1786 κοινωνίαν]
1361 1732 1526 1771 Mediam
1544 1745 1677 1787 vocem
1700 1746 1779 1771 non

322 1793 524 1842 intelligo,
560 1792 638 1828 nisi
667 1803 787 1838 prava
816 1791 916 1839 quod
947 1793 1008 1827 sit.
1077 1790 1173 1827 Esse
1203 1792 1321 1837 novi,
1372 1791 1438 1839 qui
1466 1787 1562 1840 μεθ’)
1598 1788 1655 1830 ὡν
1694 1792 1780 1827 loco

323 1844 428 1901 μετά
465 1862 588 1886 τινων
620 1849 751 1893 malit,
798 1848 864 1884 sed
885 1860 1007 1895 neque
1028 1847 1067 1884 id
1089 1849 1182 1884 satis
1203 1849 1340 1896 placet.
1399 1846 1538 1884 Wssss.

441 1905 544 1944 548.
582 1906 652 1943 12.
697 1899 802 1942 ‘Yno
844 1905 1008 1954 λῃστῶν
1046 1901 1250 1956 γέγονέναι
1286 1901 1460 1953 βιαίων]
1524 1902 1782 1940 Doctissimus

323 1960 503 1998 Kuhnius
523 1959 570 1997 ad
583 1960 748 1997 Pausan.
772 1959 815 1996 L.
832 1960 893 1997 [V.
915 1973 950 2008 p.
966 1962 1072 2000 289.
1102 1958 1305 2012 γεγονέναι
1324 1959 1481 2010 βιαίαν,
1505 1962 1654 1996 scilicet
1668 1955 1782 1998 ἀπώ-

326 2020 458 2064 λειαν,
498 2018 750 2066 praeoptavit.
813 2015 1027 2054 Simulasse
1060 2020 1163 2054 enim
1190 2016 1382 2055 hominem
1411 2028 1480 2066 per
1511 2019 1592 2055 vim
1622 2018 1783 2053 amissos

329 2088 411 2111 esse
430 2074 562 2113 boveS.
623 2073 757 2110 VVESS.

443 2131 548 2170 518.
575 2131 648 2169 37.
685 2124 915 2181 Πολυχάρη
939 2125 1118 2179 τυχόντα
1140 2131 1223 2168 τῶν
1245 2126 1346 2169 ἴσων
1368 2131 1461 2177 etc.]
1502 2128 1665 2167 Defecta
1688 2127 1782 2165 haec

326 2186 510 2224 videntur
531 2193 567 2223 et
589 2199 668 2223 non
689 2188 784 2222 satis
803 2193 906 2222 reete
926 2185 1062 2222 Latine
1086 2186 1248 2222 reddita.
1306 2185 1487 2223 Kuhnius
1517 2188 1612 2236 legit
1638 2186 1782 2223 [Ιολυ-

323 2239 435 2295 χάρη
458 2240 515 2293 μὴ
537 2238 717 2293 τυχόντα
739 2249 809 2278 etc.
841 2244 1054 2290 vertitque:
1087 2242 1348 2292 Polycharem
1379 2255 1496 2289 vero,
1539 2256 1624 2279 cum
1655 2254 1781 2291 aequo

329 2302 416 2336 iure
437 2313 517 2336 rem
538 2312 649 2336 suam
668 2311 912 2349 recuperare
934 2311 1008 2335 non
1018 2306 1177 2349 posset,
1205 2301 1495 2337 adolescentem
1514 2297 1782 2344 interfecisse,

329 2363 370 2393 et
401 2355 576 2405 ›S'parlae
610 2354 784 2401 civibus,
830 2367 925 2405 quos
955 2368 1101 2406 capere
1121 2358 1344 2406 potuisset,
1384 2369 1541 2393 manum
1586 2356 1780 2391 iniecisse.

329 2412 489 2449 Addidit
518 2412 631 2456 dein,
669 2413 817 2458 „aliter
843 2411 973 2447 reddit
1002 2413 1136 2448 ultima
1167 2413 1282 2449 verba
1308 2413 1507 2459 Valesius,
1549 2411 1615 2448 sed
1644 2413 1780 2457 invita,

329 2476 406 2515 „ut
425 2471 556 2514 aiunt,
582 2467 771 2505 Minerva.
834 2468 982 2517 Τυχεΐν
1001 2470 1084 2506 τῶν
1107 2466 1228 2514 ἴσων,
1266 2470 1393 2516 paullo
1413 2474 1502 2504 ante
1524 2467 1676 2504 dixerat
1702 2469 1781 2516 ipse

330 2524 560 2572 „Diodorus
593 2529 727 2573 τυχεῖν
756 2524 838 2562 τῶν
868 2523 1060 2571 δικαίων,
1095 2526 1156 2561 ius
1176 2537 1285 2562 suum
1304 2537 1560 2576 recuperare.
1616 2523 1782 2572 Ideoque

330 2609 356 2629 ,5
373 2594 450 2618 non
470 2580 663 2631 significat
673 2581 870 2631 jum-pari
889 2580 1065 2626 referre.
1116 2580 1336 2631 Restringit
1354 2580 1565 2618 Pausanias
1585 2579 1634 2616 ad
1654 2579 1782 2615 homi-

331 2650 437 2686 „nes
465 2649 531 2685 per
559 2634 846 2688 ἀνδροληψίαν
875 2644 1028 2685 captos:
1067 2632 1204 2675 πάντα
1228 2634 1319 2676 τινὰ
1349 2634 1395 2676 ὅν
1427 2632 1547 2687 λάβοι
1565 2636 1781 2674 Λακεδαι-

330 2693 521 2743 ,Ἁιιονίων
545 2688 699 2742 ἐτόλμα
719 2688 903 2745 φονεύειν
926 2694 1066 2742 iuquit.
1126 2693 1231 2743 Ergo
1251 2696 1367 2730 nimis
1386 2694 1619 2743 generaliter
1638 2691 1688 2730 H.
1705 2691 1780 2728 Va-

331 2751 504 2797 „lesius,
532 2750 733 2800 praedam
762 2762 812 2785 ea:
832 2748 1037 2800 Spartano
1057 2763 1152 2800 agro
1182 2752 1275 2800 egit.
1291 2753 1316 2772 ‘⁶
1371 2749 1570 2786 Hactenus
1587 2747 1781 2795 Kuhnius,

332 2809 393 2843 cui
415 2807 600 2843 adsentiri
624 2818 701 2842 non
725 2818 875 2844 recuSO.
936 2806 1073 2842 Posset
1094 2807 1257 2843 fortasse
1280 2801 1482 2857 ῥυσιάζειν
1501 2801 1576 2856 τὴν
1597 2801 1715 2843 πόλιν
1744 2812 1782 2842 et

333 2862 506 2900 homines
527 2869 564 2900 et
583 2863 684 2900 bona
707 2863 849 2900 civium
879 2863 1102 2912 complecti,
1143 2864 1200 2899 uti
1229 2858 1352 2915 ῥίτσια
1383 2859 1666 2914 καταγγέλλειν
1694 2865 1781 2907 τοῖς
