1891 3310
363 186 419 242 IN
447 178 731 224 EXCERPTA
761 174 944 216 PHOTII
979 171 1072 211 LlB.
1094 169 1283 208 XXXIV.
1451 167 1543 205 427

96 305 202 344 Haec
231 299 496 340 Hoeschelius.
552 295 638 347 Ego
665 305 757 333 vero
788 302 905 342 paene
934 293 1049 337 puto,
1081 283 1200 321 verba
1228 281 1312 321 τῶν
1337 293 1381 319 τε
1413 279 1542 330 κρεῶν

97 355 333 413 ἀναγκάσας
362 364 436 398 etc,
472 360 641 392 veterem
672 349 799 387 sedem
828 348 1037 396 migrasse,
1075 342 1270 389 positaque
1300 338 1392 373 olim
1422 335 1543 370 fuisse

97 425 182 468 post
208 411 476 468 καταῤῥᾶναι.
538 409 596 446 lbi
616 414 718 444 certe
738 417 804 454 per
821 403 951 440 forent
971 396 1268 436 accommodata.
1323 391 1459 429 WVESS.

224 473 327 512 525.
378 471 449 508 71.
506 461 672 516 Φόρους
700 476 742 500 τε
776 481 822 487 --
848 451 1136 511 πραξάμενος]
1196 451 1384 500 Synesz‘us
1411 446 1539 496 Epist.

97 540 290 569 LXXXIX.
335 526 475 577 Ζηνᾶς
497 518 516 561 ὃ
541 516 698 571 πράξας
725 514 867 569 πέρυσι
888 510 985 558 τοὺς
1005 509 1173 554 διπλοῦς
1192 503 1371 560 φόρους,
1408 503 1451 540 id
1473 505 1544 547 est,

96 582 317 637 εἰσπράξας
343 582 405 619 vel
429 572 758 629 ξῖσπραξάμενος.
816 572 957 608 lterum
976 565 1240 604 Hoeschelius.
1297 559 1410 605 Quod
1434 557 1544 595 addi-

97 652 159 681 tur
181 643 225 678 de
247 640 365 677 muris
383 635 742 682 Hierosolymorum
763 628 943 673 deiectis,
978 624 1017 660 id
1048 620 1229 669 Iosephus
1257 631 1306 655 ex
1323 622 1428 667 parte
1447 626 1542 663 qua-

99 701 184 736 dam
202 698 384 747 largitur,
421 704 498 728 non
517 690 657 727 oblitus
688 686 850 730 addere,
886 683 1007 720 fuisse
1042 675 1233 715 Antiocho
1259 684 1433 711 suasores
1457 669 1542 716 ἐξε-

96 757 179 795 λεῖν
209 750 255 792 τὰ
286 750 408 794 ἔθνος
439 744 507 786 διὰ,
541 742 616 796 τὴν
639 739 743 793 πρὸς
760 738 910 784 ἄλλους
939 735 1077 775 αὐτῶν
1093 735 1168 783 τῆς
1188 730 1346 782 διαίτης
1362 724 1542 780 ἀμιξίαν,

96 815 207 863 plane
228 815 272 846 ut
290 805 505 850 Diodorus,
538 802 626 837 Ant.
653 798 733 835 lud.
756 794 923 833 LXHI.
949 796 989 833 8.
1024 793 1066 830 3.
1127 788 1263 825 VVESS.

212 865 313 905 525.
353 862 427 901 73.
475 857 561 896 Ἐπὶ
591 852 621 903 ξ’
656 852 759 893 ἴῖεσι
786 854 869 891 τῶν
903 849 1082 887 Σικελῶν
1115 839 1394 895 εὖροούντων]
1457 838 1545 876 Non

89 929 226 976 potest
243 918 434 971 probari,
470 915 574 965 quod
593 912 796 948 Diodorus
812 906 1013 944 scribebat
1037 903 1102 941 lib.
1133 899 1350 938 XXXIV.
1386 910 1412 934 (ι
1445 896 1545 932 Car·

98 980 260 1028 tlmgine
281 981 400 1026 capla
422 974 477 1010 ad
487 972 663 1023 primum
684 967 822 1003 bellum
840 963 984 1000 servile
1005 972 1088 997 esse
1108 970 1232 995 annos
1258 966 1318 993 LX
1342 949 1447 1004 μετὰ
1468 948 1545 1001 τὴν

97 1031 398 1085 Καρχηδονίων
418 1024 666 1071 κατάλυσιν,
693 1021 760 1061 καὶ
780 1017 884 1071 ἑξῆς.
946 1017 1048 1055 Nam
1077 1025 1136 1052 LX
1161 1015 1258 1050 anni
1272 1017 1370 1062 post
1386 1014 1546 1060 captam.

101 1091 385 1138 Carthaginem
408 1084 652 1137 perveniunt
676 1081 731 1116 ad
758 1088 960 1115 numerum
986 1080 1307 1110 MDCCCCXXXV.
1364 1066 1401 1102 A
1425 1070 1547 1115 capta

97 1162 190 1186 ‘cel-o
214 1144 460 1193 Carthagine
475 1143 530 1178 ad
541 1141 712 1190 primum
734 1135 872 1172 bellum
888 1131 1033 1169 servile
1051 1134 1144 1166 sunt
1162 1132 1313 1163 tantum
1329 1124 1426 1160 anm?
1444 1130 1545 1157 XIX.

101 1205 184 1242 Non
210 1203 384 1245 dubium,
413 1200 503 1249 quin
530 1208 646 1233 error
667 1196 720 1230 sit
741 1194 779 1228 in
798 1196 893 1227 nota
913 1185 1159 1225 numeraria.
1208 1182 1266 1218 Ita
1294 1181 1351 1217 111.
1373 1178 1545 1226 Scaliger

97 1262 145 1299 ad
166 1259 325 1297 Eusebii
354 1255 493 1292 Chron.
522 1265 611 1290 ann.
635 1244 961 1293 MDCCCCXX.‚
1008 1245 1070 1278 cui
1101 1240 1146 1276 de
1176 1250 1304 1275 errore
1321 1234 1549 1282 adstipulari

97 1317 267 1355 nondum
299 1325 463 1362 possum.
527 1309 700 1355 Namque
732 1314 809 1340 xlx
841 1313 963 1338 annos
988 1299 1034 1335 ab
1066 1309 1200 1334 eversa
1232 1292 1463 1342 Carthagine
1499 1287 1547 1325 ad

98 1374 251 1412 initium
285 1369 439 1406 servilis
470 1366 562 1402 belli
589 1365 751 1406 abiisse,
789 1366 832 1396 ut
859 1357 1034 1402 credam,
1067 1353 1225 1391 annales
1240 1362 1319 1387 uon
1339 1349 1546 1398 patiuntur.

101 1431 235 1467 Deleta
256 1425 447 1475 Carthago
466 1430 523 1459 est
543 1433 645 1458 anno
663 1418 712 1454 U.
728 1416 769 1454 C.
791 1424 953 1466 loc-Vll„
979 1410 1241 1462 flagrabatque
1260 1409 1336 1444 iam
1356 1406 1430 1441 isto
1447 1402 1549 1439 bello

96 1487 232 1524 Sicilia
272 1482 376 1519 Coss.
421 1479 506 1516 Ser.
547 1477 685 1513 Fulvio
721 1474 860 1511 Flacco
895 1477 934 1507 et
973 1469 1020 1512 Q.
1052 1465 1259 1515 Calpurnio
1288 1462 1453 1507 Pisone,
1504 1463 1547 1494 ut

98 1542 232 1580 scribit
254 1541 296 1577 P.
318 1538 479 1574 Orosius
501 1535 543 1571 L.
558 1533 601 1570 V.
624 1533 667 1572 9.
728 1531 802 1574 Qui
822 1541 908 1564 cum
928 1524 1111 1561 honorem
1136 1522 1245 1558 illum
1266 1520 1344 1555 sint
1363 1514 1551 1563 auspicati

97 1612 200 1637 anno
223 1605 411 1635 mcxvlu.
423 1621 434 1639 ‚
455 1605 518 1627 res
535 1597 592 1626 est
609 1588 824 1625 manifesta.
863 1583 1067 1620 Praeterea
1087 1577 1134 1615 ad
1148 1576 1305 1613 Siciliae
1320 1574 1551 1622 pacatiorem

99 1661 240 1693 statum
270 1651 367 1689 nihil
403 1647 609 1685 admodum
644 1643 823 1692 proderat
850 1637 1097 1687 Carthaginis
1132 1633 1345 1669 excidium:
1390 1629 1551 1665 multum

99 1724 191 1750 vero
212 1712 336 1747 fracta
355 1706 570 1742 Poenorum
591 1702 691 1737 bello
713 1710 757 1735 1¹.
786 1698 979 1748 potentia3
1015 1706 1038 1729 a
1068 1690 1175 1728 cuius
1202 1689 1293 1724 belli
1326 1686 1424 1730 fine,
1466 1685 1547 1720 sive

99 1769 148 1805 U.
168 1766 209 1805 C.
237 1777 337 1803 anno
360 1772 503 1807 1.›1.111.,
530 1761 562 1795 si
581 1760 784 1807 sexaginta
802 1765 939 1797 annos,
963 1749 1102 1797 quibus
1123 1758 1185 1782 res
1195 1744 1348 1781 Siculae
1370 1752 1549 1791 prosper-

98 1828 217 1862 rimae
237 1823 414 1865 fuerunt,
451 1827 649 1860 numeres,
685 1812 732 1849 ad
752 1810 800 1847 U.
823 1808 863 1846 C.
884 1819 1027 1844 annum
1046 1811 1222 1848 locxl11.‚
1253 1800 1446 1847 primaque
1463 1808 1548 1832 ser-

102 1882 190 1918 vilis
212 1879 302 1914 belli
324 1877 433 1912 initia
455 1873 647 1909 devenies.
682 1868 799 1906 Probi
816 1877 907 1914 ergo
925 1862 1075 1899 numeri
1095 1865 1197 1896 sunt.
1242 1855 1363 1893 Porro
1384 1853 1550 1889 Servius

100 1938 191 1974 belli
223 1934 419 1970 historiam
450 1930 575 1966 literis
601 1924 846 1975 consignavit
864 1919 1054 1957 Caecilius
1079 1914 1300 1952 Calactinus
1330 1922 1378 1947 ex
1400 1908 1550 1953 Sicilia,

99 2000 196 2029 teste
222 1989 416 2026 Athenaeo
438 1984 553 2022 L.VI.
575 1997 609 2032 p.
624 1983 731 2021 272.
755 1979 800 2016 F.
834 1977 927 2028 Egit
949 1975 994 2011 de
1014 1971 1146 2010 eodem
1165 1968 1409 2011 Posidonius,
1437 1977 1549 2013 quem

100 2048 295 2086 Diodorus
322 2057 407 2081 cum
434 2042 528 2078 alibi
548 2040 680 2076 ducem
711 2037 785 2073 sibi
803 2033 1033 2077 adsciverit,
1067 2034 1111 2064 ut
1131 2038 1245 2074 supra
1267 2022 1442 2067 ostendi,
1481 2033 1549 2055 ne-

101 2118 173 2154 que
204 2104 276 2139 hac
311 2102 352 2138 in
381 2106 488 2148 parte
514 2097 733 2146 neglexisse
758 2091 925 2130 videtur.
985 2086 1133 2134 Inspice
1150 2081 1385 2119 Athenaeum
1406 2075 1550 2113 LXII.

99 2174 135 2211 p.
164 2161 266 2201 542.
294 2157 337 2195 Β.
381 2161 420 2192 et
451 2154 631 2202 Excerpt.
668 2149 834 2186 Peiresc.
874 2160 909 2196 p.
933 2144 1062 2189 366..
1112 2146 1152 2176 et
1181 2137 1281 2175 nihil
1311 2136 1441 2174 verius
1468 2145 1550 2169 esse

97 2218 310 2267 eonperies.
366 2212 504 2249 WESS.

214 2271 318 2311 525.
351 2271 424 2309 78.
460 2265 528 2305 Ἐκ
555 2265 638 2303 τῶν
669 2252 1049 2312 σιοματοτροφείων
1077 2249 1171 2303 etc]
1219 2250 1336 2288 Putes
1358 2245 1552 2298 ergastula

101 2330 278 2368 indicari.
305 2325 402 2363 Vide
423 2323 605 2370 Excerpt.
620 2319 785 2356 Peiresc.
809 2330 844 2366 p.
860 2314 988 2361 365„
1016 2309 1083 2347 ubi
1103 2308 1149 2345 de
1170 2307 1230 2344 his
1248 2306 1460 2354 copiosius3
1490 2303 1551 2338 in-

101 2386 228 2429 didem
260 2381 327 2421 καὶ
365 2376 496 2431 μεστὰ
527 2374 667 2430 φόνιον
696 2368 747 2425 ἦν
776 2369 940 2411 ἅπαντα
979 2373 1069 2416 post
1103 2375 1223 2413 pauca
1251 2361 1370 2399 scribi
1401 2359 1552 2404 debere,

102 2442 292 2488 verbaque
313 2435 356 2477 οἳ
370 2433 586 2482 ἐι)’ἕσποζον
603 2432 766 2484 λῃστῶν
784 2442 806 2465 a
820 2427 959 2464 Photio
977 2424 1145 2467 venisse,
1166 2429 1388 2470 cognosces.
1407 2415 1551 2452 Wssss.

217 2497 321 2536 526.
351 2495 425 2532 92.
464 2489 548 2529 Καὶ
576 2486 707 2541 κριταὶ
735 2489 898 2531 τοΐς-
921 2481 1168 2533 στρατηγοῖς
1196 2470 1427 2528 γινόμενοι]
1484 2469 1551 2506 Sic

103 2555 278 2604 scripsit,
318 2551 376 2586 uti
406 2551 447 2585 in
465 2546 602 2583 iisdem
623 2544 802 2589 Exceipt.
825 2552 859 2588 p.
874 2540 978 2578 366.
1029 2534 1178 2572 Iudicia
1199 2545 1247 2569 ex
1265 2532 1351 2580 lege
1371 2527 1551 2577 Sempro-

105 2614 170 2649 nia
193 2617 273 2646 tum
294 2618 409 2655 penes
432 2603 590 2652 Equites
607 2605 735 2636 erant:
770 2597 860 2633 hinc
880 2596 969 2631 illae
986 2594 1192 2639 lacrymae.
1250 2586 1384 2624 WESS.

221 2666 323 2705 526.
361 2663 399 2702 1.
444 2658 561 2698 Θεῶν
579 2650 821 2706 ἐπιτάγμασι
846 2646 942 2690 καθ’
966 2644 1120 2690 ὕπνον]
1159 2643 1266 2680 Nihil
1284 2647 1402 2678 muto.
1458 2638 1551 2676 Fre-

106 2735 226 2771 quens
239 2719 403 2757 formula
422 2719 461 2754 in
483 2714 647 2751 literatis
660 2709 849 2759 lapidibus
867 2695 1419 2747 EEEHITAFMATOE,
1447 2694 1553 2733 KA-

110 2779 194 2818 TA
221 2769 626 2816 HI’OETAFMA,
656 2764 832 2806 ΚΑΤΑ
860 2755 1190 2802 ΚΕΛΕΥΣΙΝ,
1223 2765 1281 2791 Ex
1298 2760 1556 2796 PRAECEPTo,

110 2845 167 2873 Ex
188 2842 386 2879 ιΜΡΕιιιυ,
419 2829 465 2867 ‹le
496 2825 696 2871 omnibus,
729 2821 796 2872 qui
815 2831 881 2872 per
897 2817 1064 2870 quietem
1089 2813 1228 2853 moniti
1260 2808 1406 2860 aliquid
1432 2807 1554 2845 susci·
