1859 3326
1329 131 1344 140 x

314 187 470 221 eorm
621 184 913 219 OEcoNomA
947 185 1219 219 HISTORIAE
1251 160 1485 220 monor-1.

311 286 483 332 corporis
503 283 620 318 decor
640 288 806 328 ceperat.
842 293 874 320 c.
894 286 950 320 80.
972 286 1034 320 81.
1080 284 1189 318 Acies
1209 284 1256 318 ab
1275 288 1435 330 utraque
1453 287 1562 329 parte
1579 285 1792 320 instructa-e

312 344 592 378 describuntur.
616 351 646 374 c.
665 345 718 377 82.
746 343 801 378 83.
849 341 1000 375 Proelio
1027 341 1072 375 ad
1104 341 1245 374 Gazam
1274 344 1395 376 victus
1419 342 1640 377 Demetrius
1657 344 1793 387 Tripo-

309 402 363 436 lin
388 401 548 445 aufugit.
580 411 609 433 c.
631 398 685 436 84.
714 401 770 435 85.
817 399 1059 433 Ptolemaeus
1078 399 1233 442 insuper
1251 398 1428 433 Sidonem
1452 405 1490 433 et
1507 401 1653 444 Tyrum
1672 401 1710 433 in
1729 400 1792 434 ‹le-

310 460 496 493 ditionem
518 458 660 502 redigit
696 469 724 490 c.
744 459 800 494 86.
851 457 925 498 ,,Ιιι
948 456 1018 490 hoc
1038 461 1138 490 statu
1158 460 1236 489 tum
1261 467 1323 491 res
1341 459 1453 491 Asiae
1476 462 1630 494 erant.“

407 517 628 562 Sequuntur
646 526 707 549 res
725 517 761 547 in
783 514 947 547 Graecia
965 519 1112 559 gestae.
1155 513 1437 559 Telesphorus,
1460 516 1637 559 Antigoni
1661 509 1793 553 navar-

310 573 422 616 chus,
459 586 541 608 cum
563 574 609 607 ad
630 571 846 606 Corinthum
867 577 1100 613 moraretur,
1136 571 1374 616 indignatus,
1406 573 1504 617 quod
1530 572 1803 606 Ptolemaeum

309 634 382 666 sibi
403 632 590 677 praeferri
611 631 772 671 rideret,
800 631 846 662 ab
863 631 1052 673 Antigono
1072 628 1224 665 defecit.
1270 630 1427 663 Obviam
1449 631 1517 663 ivit
1536 629 1791 671 Ptolemaeus,

309 694 468 735 eiusque
490 696 647 723 conatus
667 689 891 733 suppressit.
922 697 951 719 c.
964 689 1019 722 78.
1054 687 1095 719 ln
1114 697 1233 730 regno
1251 688 1356 732 Epiri
1375 687 1575 725 Aeacidem
1596 686 1659 729 (cf,
1681 687 1789 730 c.74.)

307 757 463 785 secutus
485 754 544 782 est
560 747 731 787 Alcetas,
771 745 986 779 Cassandro
1008 743 1182 779 infestus.
1230 745 1364 789 Itaque
1383 745 1589 789 Lyciscus,
1627 745 1787 778 Cassan-

307 809 366 842 dri
389 810 424 840 in
446 806 658 840 Acarnania
678 805 850 848 legatus,
874 802 977 835 bello
998 802 1103 834 illato
1128 813 1210 835 eum
1231 813 1349 847 regno
1370 805 1510 837 eiicere
1528 807 1648 846 pai-at.
1693 803 1785 835 Cum

307 866 446 911 duplici
476 864 621 909 proelio
645 862 928 902 decertassent,
966 864 1004 893 et
1024 860 1145 893 altero
1163 861 1316 894 Alcetae
1339 862 1468 908 copiae
1487 861 1787 903 succubuissent,

307 923 524 958 Cassander
547 921 626 953 suis
656 930 902 960 summ-rem,
937 918 1038 951 facta
1057 929 1137 950 cum
1161 919 1291 951 Alceta
1309 929 1420 962 pace,
1455 919 1491 951 in
1521 918 1784 963 Apolloniatas

304 982 445 1021 movit,
481 981 542 1024 qui
571 978 617 1011 ad
650 978 803 1021 Illyrios
831 977 1085 1010 desciverant:
1133 976 1208 1010 Sed
1238 977 1383 1020 proelio
1403 977 1532 1020 pulsus
1550 978 1587 1008 in
1608 976 1784 1010 Macedo-

304 1041 406 1072 niam
432 1038 557 1074 rediit,
610 1036 792 1069 Leucadii
811 1044 973 1079 quoque,
997 1044 1020 1066 a
1041 1034 1265 1078 Corcyraeis
1283 1035 1427 1068 auxilia
1446 1035 1558 1075 nacti,
1582 1043 1604 1065 a
1627 1035 1785 1066 Cassan-

304 1097 373 1129 dro
405 1095 643 1129 defecerunt.
677 1113 722 1119 --
765 1093 932 1126 Alcetam
963 1096 1097 1137 postea
1125 1092 1204 1134 sui,
1244 1092 1290 1126 ob
1314 1093 1395 1126 eius
1413 1092 1651 1136 superbiam,
1681 1093 1785 1126 occi-

302 1154 454 1189 derunt,
496 1163 525 1186 c.
542 1154 596 1188 88.
622 1153 678 1187 89·

394 1211 474 1244 lam
507 1220 598 1243 vero
626 1210 739 1243 Asiae
767 1218 830 1242 res
853 1207 1014 1241 ulterius
1045 1207 1289 1251 persequitur
1317 1203 1535 1240 historicus.
1595 1206 1779 1242 Seleucus

305 1275 396 1315 post
421 1269 658 1302 Demetrium
680 1271 897 1310 superatum
925 1268 970 1307 (c.
991 1266 1079 1309 84),
1110 1265 1268 1298 absente
1287 1265 1400 1298 etiam
1424 1265 1612 1308 Antigono
1634 1268 1680 1308 (c.
1695 1267 1783 1309 77.),

302 1329 342 1361 in
364 1327 614 1371 Babyloniam
633 1323 848 1365 contendit,
883 1323 1053 1368 quanwis
1073 1322 1218 1354 modico
1239 1324 1431 1364 exercitu,
1466 1327 1593 1356 tamen
1615 1323 1779 1356 confisus

300 1385 603 1429 Babyloniorum
633 1384 670 1415 in
698 1392 739 1415 se
765 1381 1058 1414 benevolentiae
1084 1390 1128 1413 ac
1157 1379 1261 1414 fidei.
1311 1381 1488 1424 Antigoni
1515 1381 1708 1422 asseclae,
1742 1382 1781 1414 in

301 1454 429 1477 arcein
450 1442 636 1486 quandam
656 1439 821 1483 recepti,
848 1438 957 1471 facile
981 1439 1090 1482 capti.
1142 1438 1226 1470 Hoc
1245 1439 1373 1482 itaque
1392 1437 1505 1472 modo
1527 1438 1779 1482 Babyloniam

298 1500 482 1534 Seleucus
510 1498 762 1543 recuperavit,
805 1507 834 1529 c.
858 1499 915 1532 90.
948 1497 1003 1533 91.
1070 1496 1203 1529 Movet
1238 1496 1387 1539 quidem
1416 1496 1453 1527 in
1484 1506 1568 1528 eum
1598 1496 1778 1538 Nicanor,

300 1558 457 1593 Mediae.
479 1558 576 1598 (lux,
605 1555 672 1589 sed
693 1555 828 1598 partim
850 1554 995 1598 proelio
1016 1554 1157 1598 pulsus,
1186 1554 1319 1596 partim
1342 1564 1363 1586 a
1380 1555 1456 1587 suis
1476 1554 1670 1595 desertus,
1693 1564 1776 1587 cum

295 1618 428 1662 paucis
453 1616 584 1648 amicis
612 1613 739 1657 fugam
767 1613 943 1656 capessit.
982 1613 1086 1647 092.
1150 1611 1291 1644 Eodem
1321 1622 1412 1645 vero
1439 1616 1610 1655 tempore
1635 1611 1780 1644 Deme-

293 1675 392 1716 trio,
419 1673 590 1718 quamvis
613 1681 750 1715 magna
767 1670 875 1703 clade
897 1669 1049 1709 afflicto,
1074 1671 1254 1713 contigit,
1283 1670 1416 1710 Cillen,
1442 1669 1652 1702 Ptolemaei
1673 1670 1775 1713 lega-

297 1736 399 1771 tum,
422 1731 458 1762 in
483 1740 567 1763 eum
588 1740 669 1762 cum
694 1730 863 1762 exercitu
887 1729 1064 1769 missum,
1094 1730 1327 1771 opprimere,
1352 1728 1549 1772 ipsumque
1571 1738 1590 1761 e
1611 1729 1689 1760 vita
1709 1728 1778 1761 tol-

290 1788 398 1829 lere;
435 1799 507 1832 quo
528 1787 654 1820 fausto
675 1797 853 1820 successu
875 1787 1047 1828 cognito,
1089 1788 1172 1819 eius
1195 1790 1324 1829 pater,
1356 1787 1588 1829 Antigonus,
1618 1791 1695 1819 tum
1726 1786 1775 1819 ad

293 1846 482 1879 Celaenas
504 1846 540 1877 in
560 1843 729 1888 Phrygia
753 1847 880 1876 castra
901 1842 1065 1885 habens,
1092 1849 1295 1889 properato
1315 1844 1472 1884 itinere,
1499 1854 1586 1876 suas
1607 1844 1776 1877 admovit

292 1905 441 1947 copias,
479 1907 521 1934 ut
560 1903 659 1935 iilius
697 1903 816 1945 copiis
841 1902 954 1944 longe
985 1903 1160 1944 superior
1187 1907 1302 1935 esset.
1360 1901 1613 1941 Quamobrem
1643 1901 1776 1934 Ptole-

292 1970 448 2000 maeus,
475 1960 592 2003 copiis
613 1961 755 2001 impar,
780 1959 993 1991 consultum
1014 1960 1144 2000 «luxit,
1170 1970 1210 1993 se
1231 1961 1268 1992 in
1289 1960 1501 2003 Aegyptum
1519 1960 1700 2004 recipere.
1740 1970 1772 1996 c.

289 2021 350 2055 93.
398 2019 457 2051 lta
476 2022 703 2061 recuperata
722 2016 834 2060 Syria
851 2017 1060 2060 Antigonus
1085 2017 1366 2062 expeditionem
1393 2017 1429 2048 in
1448 2016 1623 2049 Arabiam
1645 2016 1773 2049 facere

288 2085 499 2119 aggressus
522 2080 592 2108 est.
638 2073 801 2106 Arabum
823 2073 975 2107 diversa
992 2085 1156 2118 genera,
1186 2077 1379 2115 instituta,
1408 2084 1534 2107 mores
1555 2074 1774 2106 describun-

290 2137 366 2167 tur.
415 2133 473 2166 De
496 2120 738 2176 eripeditione
766 2131 848 2173 ipsa
876 2133 1033 2176 eiusque
1062 2138 1199 2165 eventu
1218 2133 1401 2165 narratio.
1448 2131 1598 2164 Petram
1617 2131 1771 2175 nequid-

289 2200 401 2234 quam
434 2199 655 2233 oppugnans
683 2187 925 2231 Demetrius,
951 2191 1066 2222 ‘donis
1093 2191 1280 2233 acceptis,
1315 2189 1363 2221 ad
1389 2189 1511 2221 lacum
1530 2188 1769 2232 Asphaltiten

287 2248 364 2281 iter
381 2252 485 2281 retro
505 2248 642 2287 vertit,
666 2247 729 2289 qui
746 2246 851 2278 lacus
871 2252 909 2280 et
926 2249 962 2279 in
983 2258 1028 2280 eo
1048 2253 1174 2280 natum
1196 2248 1364 2280 bitumen
1387 2246 1512 2279 obiter
1529 2246 1769 2283 describitur.

291 2316 323 2338 c.
343 2305 519 2341 94—100
539 2303 638 2336 med.
693 2303 848 2336 Interea
868 2306 998 2337 nuntio
1019 2310 1194 2347 accepto,
1226 2304 1425 2337 Seleucum
1447 2303 1661 2347 Babylonia
1684 2314 1769 2337 esse

286 2364 474 2407 potitum,
513 2361 723 2405 Antigonus
743 2362 980 2395 Demetrium
1004 2363 1041 2394 in
1068 2362 1317 2405 Babyloniam
1342 2361 1519 2405 ablegat,
1545 2362 1607 2406 qui
1635 2362 1768 2395 urbem

284 2420 526 2465 Babylonem
549 2419 741 2452 desertam
761 2419 921 2453 offendit
943 2424 981 2452 et
1000 2421 1111 2463 capit.
1144 2430 1174 2452 c.
1195 2423 1258 2454 100
1279 2424 1374 2452 extr.

376 2477 610 2510 &Inseritur
635 2476 696 2510 hic
723 2487 850 2510 rerum
877 2476 1129 2510 Romanarum
1159 2479 1313 2515 mentio.
1382 2477 1570 2519 Prospere
1598 2476 1769 2508 succedit

282 2534 425 2568 ‘bellum
445 2536 483 2567 in
505 2532 716 2577 Samnites,
752 2537 792 2568 et
812 2535 898 2569 loca
913 2536 1033 2569 multa
1050 2541 1328 2580 expugnantur.
1355 2533 1532 2568 'Colonia
1549 2532 1685 2567 Pontia
1704 2533 1768 2566 (le-

283 2593 410 2626 ducta
429 2603 458 2626 c.
483 2594 566 2628 101.

377 2651 549 2684 Tandem
574 2649 693 2682 resin
715 2647 845 2684 Sicilia
870 2655 1003 2695 gestae
1031 2650 1253 2684 lustrandae
1281 2652 1520 2693 supererant.
1567 2647 1766 2689 Messenii,

281 2711 455 2755 quamvis
482 2717 576 2752 pace
608 2706 730 2749 facta,
764 2707 827 2752 (cf.
856 2719 886 2744 c,
908 2713 979 2754 71.)
1009 2708 1139 2742 infesti
1166 2712 1275 2742 erant
1299 2707 1509 2751 Agathocli.
1557 2706 1598 2739 ln
1630 2715 1764 2738 eorum

280 2767 415 2802 urbem
435 2764 701 2800 confluxerunt
724 2766 876 2800 exsules
894 2766 1233 2812 Syracusanorum.
1268 2767 1363 2799 Eam
1381 2763 1623 2810 Agathocles,
1647 2763 1762 2795 misso
