1859 3326
264 184 344 219 CIV
858 188 1065 223 HEYNE

264 283 424 317 terranei
453 283 581 319 insulis
621 285 703 331 agit
735 285 779 330 (c.
807 283 981 324 7—18).
1026 285 1069 318 ln
1102 284 1161 319 his
1195 285 1401 329 scriptores
1442 283 1589 321 Siculos
1631 288 1720 321 ante

264 342 395 377 oculos
419 341 570 384 habuit,
604 341 783 379 ,⁸2'nzaeum
806 346 898 388 puto
924 346 963 390 et
985 341 1196 383 Philistum,
1238 352 1332 386 quos
1356 343 1438 386 ipse
1464 343 1597 377 laudat
1623 354 1653 377 c.
1689 344 1722 378 1.

267 402 307 433 et
324 399 360 434 6.
374 423 385 441 ,
409 404 452 433 ut
468 403 596 434 tamen
614 400 662 435 de
679 399 879 445 su0[loo]
891 401 1009 433 multa
1019 401 1101 433 visu
1114 403 1153 433 et
1164 398 1294 432 auditu
1317 403 1484 442 accepta,
1511 399 1598 434 dum
1618 409 1725 443 pere-

264 457 486 500 grinaretur
518 459 558 491 in
588 457 648 490 his
682 458 816 499 terris,
850 457 1131 502 interponeret:
1165 457 1204 488 in
1238 455 1309 491 hac
1339 456 1457 500 igitur
1488 461 1594 501 parte
1630 455 1724 490 inter

261 512 500 558 gravissimos
530 520 694 548 auctores
725 513 937 548 Diodorum
971 513 1216 548 referendum
1250 522 1336 546 esse
1376 523 1526 547 censeo.
1560 514 1627 559 (cf.
1657 513 1727 548 inf.

265 571 516 606 Commentat.
546 572 626 617 HE.)
674 573 723 606 At
750 582 848 616 quae
882 575 929 615 (c.
965 570 1026 604 19.
1052 571 1134 616 20.)
1167 570 1214 604 de
1251 570 1376 603 insula
1402 569 1550 614 Libyae
1575 570 1738 605 obiecta.

262 627 304 660 in
333 627 487 663 Oceano
512 631 824 672 interponuntur,
857 629 1116 663 commentitia
1148 638 1232 661 esse
1258 627 1501 661 manifestum
1526 628 1588 670 fit,
1613 630 1653 661 et
1675 637 1724 661 ex

261 684 453 720 Atlantica.
485 686 656 720 Platonis
692 687 877 727 conficta,
915 695 960 719 ex
994 683 1188 718 Posidonio
1220 685 1318 719 forte
1346 686 1511 730 repetita
1544 691 1577 719 1.
1623 683 1727 719 Posi-

262 740 398 776 donius
423 744 522 776 enini
547 744 794 787 Apameensis
818 753 886 777 seu
908 741 1077 776 Rhodius
1101 741 1251 785 Polybii
1285 741 1463 775 historias
1502 742 1610 775 libris
1641 741 1723 777 Lll.

261 808 383 844 usque
415 799 464 833 asl
494 801 663 845 Pompeii
693 804 867 845 tempora
894 800 1205 841 continuaverat3
1240 799 1409 832 eiusdem
1439 799 1538 833 liber
1574 799 1646 833 fuit
1677 799 1725 834 de

263 854 438 899 Oceano,
470 858 509 890 in
543 868 653 902 quem
687 868 887 892 censuram
920 857 999 901 egit
1031 855 1190 895 Strabo,
1235 857 1314 899 (lib.
1336 856 1381 889 Π.
1407 867 1441 900 p.
1469 856 1722 896 150--162.)

264 913 328 956 qui
360 913 483 955 idem,
522 918 610 948 ante
645 925 729 948 euin
763 919 801 948 et
841 913 1040 958 Polybium
1075 913 1320 946 occidentalis
1358 913 1535 956 Europae
1572 914 1725 957 plagam

260 977 393 1016 parum
422 972 609 1015 cognitam
635 971 773 1014 fuisse,
795 972 1006 1016 profitetur.
1033 971 1143 1004 Hunc
1171 971 1300 1015 utique
1324 974 1516 1004 auctorem
1543 975 1725 1016 sequutus

260 1028 403 1070 passim
427 1032 486 1061 est
509 1027 701 1062 Diodorus
725 1030 764 1061 in
790 1028 1057 1073 sequentibus,
1093 1037 1190 1071 quae
1222 1028 1270 1061 de
1294 1026 1496 1060 Britannia
1529 1028 1577 1070 (c.
1604 1027 1655 1061 21
1677 1047 1726 1055 —-

258 1082 328 1117 23.
367 1084 414 1117 (le
441 1089 612 1119 extremo
647 1087 906 1128 septentrione
932 1086 970 1118 in
1006 1086 1181 1118 Caesaris
1207 1085 1320 1118 rebus
1346 1085 1443 1118 libro
1470 1083 1552 1116 XL.
1578 1089 1724 1128 egerat,

260 1143 303 1172 ut
327 1141 500 1186 intelligo
527 1154 574 1177 ex
598 1144 660 1185 m,
686 1142 766 1188 38.)
804 1143 851 1176 de
880 1141 1002 1176 Gallia
1030 1144 1081 1187 (o.
1103 1141 1304 1186 24—32.)
1350 1141 1397 1174 de
1432 1138 1555 1173 Iberia
1602 1146 1647 1182 (c.
1670 1141 1721 1176 33

260 1216 307 1223 -—
327 1197 408 1242 37.)
458 1200 505 1233 <le
539 1198 743 1245 Liguribus
779 1203 818 1233 et
852 1203 900 1243 (c.
925 1200 1011 1244 40.)
1045 1199 1092 1234 de
1124 1197 1293 1234 Etruscis
1319 1198 1446 1231 tradit.
1490 1197 1566 1231 Sed
1596 1198 1726 1233 viden-

262 1255 350 1289 dum
379 1260 437 1290 est
462 1258 508 1291 de
535 1256 592 1290 his
616 1257 812 1300 sigiflatim
836 1257 1062 1292 accuratius.

352 1314 394 1347 ln
420 1315 488 1354 iis,
520 1324 616 1358 quae
650 1314 696 1347 de
729 1314 930 1346 Britannia
965 1312 1080 1348 affert
1112 1312 1324 1354 Diodorus,
1369 1311 1551 1345 nonnulla
1584 1311 1630 1345 de
1655 1323 1724 1346 suo

260 1379 363 1414 penu
388 1372 563 1405 attulisse
595 1371 718 1405 videri
753 1371 889 1412 (lebet,
924 1371 1117 1414 patefacta
1149 1370 1277 1415 paullo
1311 1373 1399 1403 ante
1425 1379 1448 1402 a
1468 1371 1632 1404 Caesare
1654 1369 1727 1403 Ro-

261 1429 384 1462 manis
412 1429 554 1471 ixisula3
582 1430 654 1463 etsi
684 1426 870 1461 Timaeum
896 1438 1044 1473 quoque
1070 1432 1157 1461 ante
1185 1428 1314 1461 oculos
1339 1425 1480 1460 habere
1507 1426 1649 1470 potuit3
1686 1425 1726 1459 id

264 1485 363 1530 quod
388 1486 501 1530 [lot]
530 1487 568 1519 in
586 1486 692 1527 loco,
722 1487 786 1529 qui
804 1486 976 1531 sequitur
996 1485 1043 1519 de
1065 1485 1216 1519 succino
1236 1485 1275 1517 in
1296 1483 1421 1516 insula
1438 1483 1582 1516 Basilia
1601 1483 1727 1527 colligi

262 1543 399 1584 solito,
437 1543 577 1576 iactum
616 1553 701 1576 esse
740 1547 845 1576 certo
885 1546 1035 1576 constat
1058 1547 1100 1584 2,
1143 1551 1254 1585 quem
1289 1540 1481 1574 Diodorus
1514 1541 1644 1585 utique
1677 1550 1727 1574 ex

267 1598 413 1634 Timaeo
442 1601 664 1644 exscripsit,
689 1600 752 1645 qui
775 1609 845 1634 sua
869 1609 888 1632 e
910 1598 1050 1647 Pytlwa
1076 1596 1297 1635 Massiliensi
1318 1599 1504 1644 petierat:
1539 1597 1589 1631 ad
1614 1608 1726 1643 quem

353 1712 372 1747 1
399 1713 491 1745 Nam
515 1725 556 1745 ex
581 1726 622 1746 eo
642 1714 679 1746 in
704 1713 930 1756 sequentibus
957 1713 1068 1745 multa
1092 1711 1227 1753 hausit,
1254 1719 1288 1744 et
1320 1717 1452 1743 constat
1479 1721 1521 1742 ex
1543 1710 1728 1755 Strabone,

263 1756 498 1791 Posidonium
534 1760 570 1792 in
596 1760 720 1792 barum
748 1761 944 1792 insularum
970 1759 1167 1792 narratione
1192 1758 1407 1791 credulitatis
1433 1765 1514 1788 nota
1538 1757 1727 1793 laborasse,

262 1803 506 1837 Narrationem
533 1807 690 1847 aliquam
713 1805 756 1838 de
778 1806 903 1837 insulis
924 1806 959 1836 in
984 1806 1127 1838 Oceano
1152 1805 1328 1836 Atlantico
1354 1803 1429 1834 sitis
1445 1826 1453 1842 ,
1475 1811 1593 1834 natam
1611 1804 1728 1846 primo

264 1860 306 1880 ex
332 1859 486 1882 vetorum
511 1861 695 1894 poetarum
729 1853 904 1893 figmentis
929 1851 973 1884 de
1000 1851 1093 1882 Solis
1118 1850 1310 1881 occidentis
1337 1857 1370 1881 et
1394 1848 1437 1880 de
1462 1849 1580 1880 Noctis
1607 1849 1729 1889 domo,

263 1893 347 1927 hinc
373 1897 416 1928 de
441 1898 527 1928 iocis
556 1898 699 1938 inferis,
723 1897 867 1929 tandem
889 1896 932 1928 ‹le
958 1897 1086 1929 Insulis
1111 1896 1310 1928 Fortunatis
1338 1903 1371 1927 ct
1398 1895 1519 1937 Elysio
1545 1894 1588 1925 ad
1613 1903 1730 1927 extre-

264 1952 366 1973 mum
391 1943 611 1975 occidentem
631 1945 814 1985 relegatis,
839 1943 1061 1975 stabilierunt
1084 1954 1242 1974 rumores
1267 1941 1394 1984 partim
1421 1952 1439 1971 a
1462 1940 1732 1982 Carthaginien·-

265 1987 361 2019 sibus
387 1989 515 2029 (Szrah.
543 1990 570 2030 l,
591 2001 628 2031 p.
654 1989 688 2025 4.
714 1991 748 2025 5.
770 1989 833 2030 III,
858 2000 893 2031 p.
922 1990 1003 2023 224.
1034 1989 1085 2026 B.)
1122 1988 1268 2029 aliisque
1294 1986 1535 2027 navigantibus
1560 1988 1727 2029 prosect13
1765 1981 1770 1993 ¹

266 2033 330 2070 (ita
362 2034 534 2066 Sertorius
565 2043 706 2078 accepto
740 2034 784 2066 de
825 2034 950 2067 insulis
984 2035 1056 2066 illis
1096 2035 1220 2065 nuntio
1249 2033 1450 2076 perfugium
1474 2033 1510 2063 in
1536 2033 1578 2064 iis
1609 2044 1730 2076 parare

267 2080 335 2111 sibi
357 2082 599 2120 constituerat,
625 2092 656 2115 v.
683 2081 774 2113 Plut.
797 2079 929 2113 Sertor.
953 2091 989 2125 p.
1010 2082 1090 2116 571.
1113 2079 1169 2123 2.)
1196 2079 1324 2121 partim
1350 2091 1368 2109 a
1391 2077 1632 2121 philosophis,
1658 2078 1729 2122 qni,

267 2137 348 2156 cum
380 2135 538 2158 nostrum
571 2127 812 2159 continentem
843 2126 934 2158 mari
966 2125 1249 2157 circumductum
1283 2135 1357 2155 esse
1381 2131 1541 2164 nossent,
1574 2125 1610 2154 in
1635 2132 1730 2157 vasto

265 2171 330 2203 illo
354 2173 444 2204 mari
470 2173 644 2204 Atlantico
671 2184 741 2203 non
765 2172 883 2205 minus
896 2171 994 2203 *aliis
1021 2171 1280 2202 continentibus
1306 2171 1426 2201 locum
1451 2180 1523 2199 esse
1551 2169 1731 2211 intellige-

267 2226 363 2249 rent:
395 2230 422 2249 v.
449 2218 589 2250 Aristot.
620 2217 663 2249 de
695 2217 830 2249 Mundo
853 2230 881 2250 c.
899 2218 932 2252 3.
968 2216 1055 2250 Inde
1083 2217 1281 2249 fabularum
1308 2215 1431 2247 sedem
1447 2215 1507 2245 alii
1526 2214 1563 2246 in
1582 2215 1623 2246 iis
1642 2216 1731 2248 locis

269 2264 535 2304 constituerant,
559 2271 596 2295 ut
614 2263 866 2306 Theopompus
884 2273 983 2294 suam
1006 2262 1229 2304 Mei-opidem
1251 2273 1305 2304 ap.
1326 2260 1438 2292 Sti-ab.
1456 2260 1530 2299 Vll,
1548 2273 1584 2303 1>-
1599 2260 1676 2296 458,
1691 2262 1730 2297 C,

267 2308 314 2340 de
340 2321 405 2351 qna
431 2311 530 2351 plura
561 2309 655 2351 apud
687 2309 826 2342 Aeliam.
851 2309 891 2343 V.
919 2308 963 2342 H.
991 2307 1051 2346 Ili,
1079 2309 1133 2342 18.
1156 2307 1219 2339 ubi
1240 2319 1273 2338 ν.
1299 2307 1409 2338 Periz.
1457 2306 1531 2338 Nec
1554 2318 1656 2344 vero,
1687 2318 1731 2338 ne

267 2356 447 2398 scriptoris
477 2355 742 2396 diligentissimi
768 2354 877 2386 fidem
901 2355 1072 2385 elevatum
1104 2364 1244 2390 eamus,
1276 2352 1528 2395 Theopompus
1556 2353 1620 2384 ista
1651 2364 1733 2385 snae

268 2400 432 2433 historiae
458 2401 615 2431 intniissc
636 2399 828 2441 putandus,
855 2399 918 2431 sed
943 2407 1040 2431 erant
1065 2398 1126 2430 illa
1152 2409 1194 2430 ex
1217 2398 1311 2429 libro
1334 2398 1545 2442 θαυμασίων
1570 2397 1702 2433 hausta.

360 2449 382 2481 2
405 2447 457 2478 De
483 2455 606 2477 stanno
628 2446 664 2479 ἰιι
689 2446 802 2477 insula
827 2446 926 2478 Mieti
951 2445 1076 2478 effosso
1109 2445 1188 2476 iam'
1209 2445 1375 2476 Timaeus
1400 2444 1618 2475 mentionem
1640 2444 1739 2475 fece—-

269 2501 323 2526 rat
347 2492 440 2535 apud
465 2492 556 2523 Plin.
581 2492 641 2531 lv,
670 2492 724 2527 17.
744 2492 799 2527 30,
826 2503 888 2524 seu
912 2490 1082 2532 Pytheam
1105 2490 1365 2523 Massiliensem
1389 2489 1573 2521 nominare
1602 2490 1734 2521 Plinius

270 2540 403 2573 voluit,
441 2549 502 2569 sen
529 2537 698 2581 Pyi'nezun
723 2537 906 2579 exscripsit.
930 2537 1118 2577 Timaeus,
1150 2535 1246 2578 qnod
1273 2536 1356 2567 fecit
1377 2535 1499 2576 utique
1526 2535 1561 2565 in
1585 2535 1666 2566 loco
1691 2535 1735 2566 de

272 2585 414 2617 succino
436 2596 496 2615 seu
522 2584 673 2623 electro,
711 2582 801 2616 Plin.
828 2582 1008 2619 XXXVII,
1034 2593 1061 2614 s.
1089 2584 1142 2621 11,
1170 2581 1202 2616 1,
1234 2589 1267 2612 et
1293 2581 1354 2620 IV,
1386 2579 1440 2619 14,
1462 2582 1518 2615 27.
1551 2581 1603 2611 De
1623 2581 1737 2612 insula

272 2631 401 2662 Basilia
437 2641 544 2671 quam
580 2629 717 2660 diversa
749 2629 819 2660 sint
851 2629 1088 2661 recentiorum
1123 2627 1274 2666 iudicia,
1311 2634 1434 2658 notum
1468 2634 1526 2657 est.
1572 2626 1737 2658 Aliorum

274 2676 503 2718 opinionibus
545 2675 850 2713 commmnoietis,
893 2674 937 2706 de
973 2673 1202 2706 Samlaudiae
1236 2673 1350 2704 littore
1375 2672 1568 2714 accipiebat
1591 2683 1669 2703 eam
1699 2672 1736 2705 b.

273 2722 414 2766 Min-ray
452 2722 542 2756 Nov,
578 2721 823 2754 Cornmeutar.
851 2720 892 2755 T.
922 2720 986 2760 VI,
1013 2731 1048 2762 p.
1070 2721 1128 2755 93.
1162 2726 1200 2750 ut
1225 2726 1358 2749 taccam
1386 2728 1472 2759 quae
1501 2717 1583 2748 inde
1610 2728 1737 2758 agmen

273 2767 430 2798 virorum
460 2766 670 2806 (laetorum,
706 2766 768 2807 qui
794 2765 838 2797 de
863 2765 1099 2808 septentrione
1122 2772 1278 2796 veterum
1314 2774 1436 2804 cgere,
1465 2761 1739 2804 Schoeningius,

274 2812 502 2845 Schioezerus
517 2835 527 2854 ,
553 2811 780 2856 Uphagenius
792 2836 802 2855 ,
827 2810 981 2855 (Parerg.
1001 2810 1083 2844 hist.
1100 2821 1137 2854 Ρ.
1163 2810 1242 2846 479.
1260 2812 1354 2853 sqq.)
1381 2808 1425 2841 de
1443 2818 1482 2840 ea
1497 2807 1695 2853 disputavit.
