1859 3326
195 170 289 211 246
667 166 1196 218 ANNO'rA'rroNES

314 282 421 323 283.
449 280 526 322 45.
560 280 698 334 Διημε
702 275 936 335 ρευσάιτων
968 285 1057 327 τοῖς
1085 274 1313 332 κινδύνοις]
1343 278 1388 318 Si
1407 280 1666 365 praepositloa

201 342 262 377 nis
287 341 461 377 absentia
480 339 642 375 molesta
664 341 739 386 sit,
768 340 916 386 inspice
938 337 980 375 L.
1001 336 1091 374 ΧΠ.
1114 338 1188 376 61.
1221 336 1359 375 Wnss.

316 397 426 437 283.
449 396 523 435 48.
551 393 854 448 Ἀπεναπτιόἰ]
874 390 1224 435 ’'AnevavuLeia
1238 391 1334 446 Reg.
1351 395 1391 436 1.
1411 399 1455 431 ut
1474 391 1666 431 inMatth.

206 451 736 504 Evang.XXl.2.W13ss

317 505 677 559 “)83.19.Προς
699 506 723 560 ᾖ
747 503 965 557 συμβαίνει
987 503 1216 556 σχίζεσθαι]
1242 505 1317 543 Adi
1336 504 1380 543 L.
1397 504 1426 544 I.
1452 506 1524 545 33.
1534 504 1670 543 WESS.

321 568 429 606 284
456 567 527 605 59.
554 560 842 615 Έκὸεχόιιενος
869 559 945 614 τὴν
969 569 1041 599 etc.
1050 561 1067 615 ]
1102 561 1263 600 Resarci
1284 560 1574 612 ἒκὸεχομένους
1594 575 1671 613 την

208 637 430 676 γαταᾳορ(
424 637 457 659 ν
487 623 560 659 τοῦ
593 621 784 685 ποταμοῦ
817 617 885 657 καὶ
915 633 1161 672 καταπραω
1165 633 1211 657 02
1214 633 1301 665 τας
1338 617 1477 655 Rflon.
1517 618 1673 667 Optime

208 678 538 722 Rhodomannus,
569 680 631 713 cui
653 678 754 715 viam
774 682 1033 722 monstrasse,
1074 676 1152 712 nisi
1172 678 1265 713 satis
1288 688 1333 712 ea
1354 682 1455 712 esset
1478 675 1673 724 expedita,

209 735 479 774 Castellionem
494 733 651 770 diceres.
672 732 704 769 V
710 733 857 769 ertebat
868 734 984 778 enim,
1005 731 1236 783 elephantos
1255 733 1310 769 ad
1326 733 1466 769 sinistr
1469 745 1533 769 am
1554 731 1677 768 collo-

212 795 334 838 cavit,
361 791 617 842 qzcisluminis
631 792 817 841 impetam
836 791 1093 840 excipientes,
1107 789 1262 838 fluctus
1273 790 1522 838 mitigarent.
1538 787 1677 826 VVEss.

209 848 385 889 Eundem
400 855 501 885 recte
516 849 724 894 praeterire
742 848 816 884 τοῦ
830 847 1021 897 ποταμοῦ
1033 859 1070 884 v.
1087 847 1294 885 58.minus
1310 847 1425 882 etiam
1438 844 1593 881 dubium
1605 850 1676 884 est.

327 905 437 944 284.
481 904 553 943 72.
605 899 935 955 Ἐγκεχωσμένην
978 897 1159 954 διώρυγα
1200 898 1323 940 πάλιν
1361 899 1678 954 ἐκφραχθῆναι]

213 959 357 999 Fossae
385 961 422 996 id
447 972 570 1010 genus
591 972 658 1009 per
677 959 920 1009 Aegyptum,
960 965 1004 996 ut
1024 958 1195 995 Nilotica
1222 971 1320 1008 aqua
1349 971 1398 995 ex
1420 959 1678 1008 agricolarum

214 1031 287 1054 usu
311 1018 625 1066 dispensaretur,
649 1017 775 1065 plures
796 1022 918 1053 erant.
958 1015 1083 1052 Erant
1102 1022 1140 1052 et
1165 1014 1383 1062 Cleomata,
1415 1015 1498 1052 sive
1517 1025 1679 1064 aggeres

214 1074 327 1112 fluvii
356 1086 491 1122 aquam
528 1080 771 1119 coercentes,
811 1073 912 1108 etin
944 1073 1153 1122 aggeribus
1173 1071 1371 1122 Diacopi,
1409 1070 1455 1107 de
1476 1071 1615 1120 quibus
1637 1071 1681 1109 in

215 1133 292 1182 leg.
321 1129 450 1170 lod).
475 1130 519 1165 de
539 1128 790 1166 Extraordin.
812 1126 1029 1175 Criminib.,
1051 1135 1088 1165 et
1111 1142 1212 1178 supr.
1232 1127 1275 1164 L.
1296 1128 1323 1164 l.
1346 1129 1418 1167 52.
1448 1125 1567 1163 Recte
1586 1138 1680 1164 vero

216 1188 361 1226 Noster
390 1187 619 1224 incrementi
651 1187 733 1222 eius
786 1186 888 1233 quod
913 1185 1118 1222 Perdiccae
1150 1186 1339 1222 exercitui
1362 1183 1456 1220 adeo
1481 1184 1682 1220 inconmo-

219 1244 307 1281 dum
337 1246 378 1280 in
410 1243 523 1280 fluvii
552 1244 717 1279 traiectu
740 1241 902 1289 accidit,
934 1242 1126 1293 originem
1148 1248 1186 1278 et
1207 1254 1383 1278 caussam
1402 1238 1558 1277 aliunde
1580 1239 1684 1277 deri-

219 1307 303 1340 vat.
334 1300 476 1338 Wnss.

333 1358 440 1397 281
475 1357 547 1396 89
586 1352 854 1408 Προσέταξεν
889 1353 944 1400 εἷς
973 1350 1158 1394 τούπίσω
1185 1347 1308 1393 πάλιν
1340 1349 1525 1403 ἀπιέναι]
1555 1351 1685 1389 Parti-

220 1415 307 1451 cula
328 1416 476 1462 quacpi
468 1427 528 1449 im
551 1411 706 1450 videtur
727 1419 816 1448 ante
838 1413 902 1449 vel
919 1417 1007 1459 post
1025 1409 1276 1463 προσέταξεν
1298 1412 1440 1447 omissa
1452 1409 1594 1447 fuisse:
1619 1414 1687 1446 aut

220 1462 334 1519 paulo
367 1471 564 1519 superius,
611 1468 780 1506 secunda
810 1467 951 1505 abhinc
986 1469 1112 1516 linea,
1152 1474 1244 1504 ante
1275 1468 1340 1506 vel
1373 1473 1460 1516 post
1488 1467 1571 1505 τῶν
1596 1463 1687 1516 μέν.

219 1526 320 1563 Nam
343 1529 414 1563 etsi
435 1527 503 1562 alii
524 1537 673 1575 quoque
695 1527 772 1562 loci
793 1527 963 1572 similes,
993 1531 1058 1561 aut
1081 1525 1215 1562 saltem
1235 1523 1508 1573 propemodum
1530 1523 1689 1570 similes,

219 1585 466 1632 reperiuntur
494 1582 595 1631 apud
624 1581 726 1619 hunc
757 1583 1006 1629 scriptorem,
1044 1580 1265 1617 huiusmodi
1291 1582 1537 1616 omissionem
1561 1586 1691 1616 tamen

220 1641 292 1678 vix
313 1641 394 1675 eius
414 1639 589 1676 idiomati
608 1638 826 1676 adscribere
848 1641 982 1675 ausim.
1014 1636 1170 1677 STEPH.
1211 1637 1370 1688 Legeris
1400 1635 1468 1675 καὶ
1499 1636 1584 1675 τῶν
1612 1633 1689 1686 μὲν

224 1691 560 1746 (Ῡιαβεβηκότίεψ,
589 1702 632 1732 ut
652 1697 714 1732 vir
736 1694 870 1731 doctus
895 1695 1113 1742 suspicatus
1137 1701 1219 1741 est,
1246 1696 1377 1744 pulcre
1399 1692 1575 1729 decurret
1599 1705 1692 1728 ora-

222 1753 345 1788 tionis
368 1758 493 1790 tenor.
550 1750 592 1788 ld
612 1754 752 1799 miror,
780 1750 878 1788 nihil
900 1751 962 1788 hic
994 1750 1039 1787 de
1063 1756 1336 1802 strategemate
1354 1749 1467 1797 addi,
1499 1760 1574 1797 quo
1596 1748 1692 1786 Per-

224 1808 371 1845 diccam
404 1808 646 1845 Ptolemaeus
678 1810 833 1859 egregie
865 1809 1168 1857 circumscripsit
1201 1807 1301 1857 apud
1329 1807 1517 1856 Polyaen.
1552 1804 1595 1844 L.
1622 1803 1689 1842 lV.

228 1867 302 1907 18
332 1871 370 1901 et
392 1864 625 1902 Frontinum
644 1864 688 1902 L.
708 1865 772 1901 lV.
799 1866 839 1904 7.
851 1865 927 1904 20,
952 1877 1039 1901 cum
1062 1871 1155 1901 nota
1175 1860 1693 1911 C1.0udemlorpii.W1·:ss.

282 1934 285 1935 ’
340 1922 447 1961 284
474 1921 548 1961 95.
574 1918 626 1960 Οἳ
648 1922 831 1960 πλεῖστοι
852 1919 896 1965 δὲ
917 1918 1239 1989 παρενεχθέντες
1259 1927 1330 1957 etc.
1341 1917 1359 1972 ]
1389 1918 1529 1957 Fluvii
1556 1920 1692 1987 inpetu

224 1977 376 2025 ablati,
413 1984 497 2014 ute
479 1978 616 2025 cupitis
642 1979 853 2027 principio,
895 1974 942 2016 δι’
970 1992 1026 2016 ων
1049 1975 1088 2018 ἕ
1073 1975 1250 2044 ξἐὁέχετο
1274 1973 1373 2022 τοὺς
1400 1971 1696 2043 παραφερομέ-

223 2048 334 2080 νους.
365 2041 402 2070 et
423 2033 465 2070 L.
486 2033 596 2070 XlV.
622 2035 723 2074 115.
758 2048 795 2072 οι
817 2032 860 2074 ἀὲ
885 2054 932 2060 --
957 2030 1025 2071 διὰ
1045 2031 1121 2084 τὴν
1147 2029 1420 2097 σφοδρότητα
1441 2033 1515 2071 τοῦ
1541 2027 1694 2098 ῥευμα-

223 2104 297 2136 τος
320 2088 619 2155 παρεφέροντο.
647 2089 841 2127 Lucianus
866 2089 1043 2128 Hermot
1067 2103 1099 2127 c.
1124 2092 1196 2130 86.
1227 2086 1290 2127 ὅτι
1319 2103 1370 2140 με
1398 2083 1695 2140 παραφερόμε-

226 2161 300 2185 νοι
325 2142 404 2184 1‘710
427 2148 509 2185 1707.
501 2148 609 2197 ..3905
631 2160 743 2192 τινος
758 2142 988 2199 χειμάρρου
1010 2144 1076 2184 καὶ
1096 2143 1269 2213 τραχέος
1291 2166 1339 2174 —-
1367 2166 1415 2172 --
1441 2142 1694 2190 ἀνέσπασας·

227 2203 330 2253 quod
350 2205 426 2240 viri
452 2203 579 2249 docti,
610 2205 827 2251 proscripto
849 2205 907 2241 τιῦ
930 2198 1280 2256 περιφερόμενον,
1310 2203 1455 2251 optimo
1476 2203 1559 2238 iure
1584 2213 1697 2250 prae-

229 2266 476 2307 optaverunt.
521 2258 781 2295 scribendum
802 2259 936 2296 itidem
961 2266 1045 2296 erat
1068 2260 1271 2296 meliorum
1294 2257 1413 2295 Codd.
1438 2269 1630 2294 consensu
1652 2258 1695 2295 in

227 2322 385 2353 auctore
407 2314 529 2364 Epist.
549 2314 595 2352 ad
617 2314 737 2352 Hebr.
758 2329 791 2352 c.
812 2314 925 2353 Xlll.
950 2316 991 2354 9.
1026 2314 1216 2366 ὄιὸαχαῖς
1234 2313 1439 2360 ποικίλαις
1463 2312 1531 2352 καὶ
1562 2311 1696 2360 ξέναις

226 2388 284 2423 μη
310 2386 470 2423 παραᾳ
467 2369 524 2421 ἐρ
510 2374 633 2419 σθε,
663 2374 689 2409 i.
709 2385 741 2410 e.
771 2385 819 2409 ne
841 2373 1037 2423 patimini
1064 2384 1134 2408 vos
1163 2371 1309 2423 abripi,
1338 2373 1524 2407 torrentis
1547 2372 1588 2407 in
1611 2383 1695 2408 mo-

228 2428 331 2464 dum.
360 2429 461 2470 Quid
484 2429 589 2464 enim
609 2430 742 2465 tritius
763 2429 834 2465 tali
854 2427 1002 2478 figura?
1037 2427 1268 2465 Plutarchus
1291 2427 1338 2465 T.
1363 2426 1411 2463 ll.
1430 2441 1466 2477 p.
1484 2427 1524 2467 5.
1537 2426 1583 2464 Ε
1605 2422 1626 2466 ὅ
1650 2440 1695 2479 γε

228 2499 349 2536 μην]
338 2479 437 2522 πόλε
425 2497 517 2533 ιιος
541 2480 772 2538 χειιιαόρου
796 2483 912 2535 δίκην
936 2480 1072 2524 πάντα
1096 2480 1234 2552 σύρων
1258 2483 1326 2523 καὶ
1351 2498 1488 2522 παντα
1508 2480 1698 2535 παραφέ-

231 2555 329 2591 ρων.
358 2541 523 2588 Appian.
544 2539 714 2577 Hannib.
736 2552 772 2589 p.
802 2541 907 2608 549.
944 2556 981 2579 οι
1013 2540 1058 2579 δε
1088 2536 1168 2580 ὑπὸ
1193 2543 1267 2579 τοῦ
1291 2541 1482 2591 ποταμοῦ
1504 2536 1700 2593 παραφέ-

232 2611 381 2651 ροντος
405 2618 453 2623 —
482 2611 575 2634 ουτε
600 2599 745 2648 στῆναι
770 2619 818 2627 —-·
844 2594 937 2636 ου’τε
961 2602 1042 2636 νεῖν
1067 2593 1135 2635 foss
1143 2612 1278 2636 ναντο.
1313 2596 1453 2635 VVESS.

347 2647 615 2693 285.16‘O
635 2650 734 2700 τοὺς
754 2668 943 2699 απαντας
956 2651 1162 2704 Ἕλὶηνας
1183 2648 1698 2719 καταπολεμήσας]Νοῐιῐιο

226 2711 373 2746 rectius
395 2706 494 2754 τοὺς
518 2704 796 2755 ἀποστάντας.
815 2708 951 2746 Rflon.
970 2705 1019 2749 ‘O
1037 2707 1135 2755 τοὺς
1156 2703 1423 2755 ἀποστάντας
1445 2728 1494 2735 -
1515 2722 1700 2747 καταπο-

232 2761 332 2817 hm}
339 2779 427 2811 σας
431 2767 446 2811 ]
477 2763 583 2801 Citra
598 2765 755 2803 dubium
776 2765 847 2803 hoc
873 2773 1010 2804 auctor
1027 2767 1251 2814 reliquerat.
1272 2766 1374 2804 Vitio
1387 2777 1519 2802 ansam
1533 2765 1701 2813 scriptu-

233 2835 299 2857 rae
314 2823 768 2871 praebuitconpendium,
791 2823 890 2872 quod
914 2830 951 2859 ct
970 2836 1017 2859 ex
1039 2819 1313 2861 ἀποστάντων
1333 2835 1447 2871 supra
1468 2820 1554 2860 c-4.
1575 2822 1616 2857 in
1626 2820 1701 2858 Ba-
