1891 3310
446 163 515 209 IN
544 161 658 206 LIB.
684 161 785 210 XV.
813 161 944 204 cAP.
974 163 1048 206 63
1064 166 1206 208 -2-66.
1485 169 1549 214 49

72 280 146 325 ’ότι
167 278 268 338 γυνὴ
287 273 488 322 Λάκαινα
509 275 668 320 καπνὸν
689 274 765 330 οὗχ
783 271 941 331 ἑώρακε
962 275 1070 319 πολὲ
1047 293 1174 348 εμιον.
1211 277 1258 318 In
1277 291 1466 322 annorum
1484 290 1545 323 ta-

78 355 167 380 men
190 342 311 389 spatio
333 338 489 388 aliquod
511 337 721 374 discrimen
744 342 814 373 est.
829 334 1085 404 Plutarchus
1121 351 1175 405 ην
1206 333 1258 389 δὴ
1280 334 1436 392 χρόνος
1463 338 1541 382 οὐκ

77 393 257 437 ἐλάττων
284 394 387 434 ἐτῶν
418 390 666 441 ἑξακοσίων,
695 390 767 447 ἀφ’
799 408 847 433 ου
878 388 1094 432 κατώκουν
1124 407 1203 444 την
1228 393 1540 447 Λακεδαίμονα

76 454 264 506 Δωριεῖς.
317 450 396 488 Sed
428 453 462 488 is
493 458 531 487 et
560 452 802 501 generaliore
834 449 1004 487 dictione
1033 449 1282 500 defungitur,
1316 458 1355 488 et
1382 453 1428 490 ab
1460 456 1539 493 alio

73 512 264 565 principio
285 520 408 546 annos
430 521 495 546 eos
517 507 680 545 orditur.
727 506 815 546 Vid.
839 505 1090 546 Perizonium
1110 506 1215 545 dicto
1233 508 1343 557 loco,
1371 515 1410 547 et
1427 522 1536 561 supr.

74 580 107 605 c.
138 568 175 608 1.
206 564 348 605 WEss

188 633 259 673 53
291 633 364 673 74.
402 628 546 672 Ἀλλὰ
568 635 656 678 τοῖς
686 631 842 682 θυμοῖς
862 629 1223 683 προσπίπτοντες]
1252 630 1363 671 Nihil
1382 640 1537 676 mutant

69 703 186 729 manu
220 691 369 727 exarati
402 690 517 736 libri,
558 701 681 738 neque
703 690 821 726 etiam
844 702 876 726 c.
897 691 970 729 87.
998 690 1066 728 ubi
1095 689 1390 729 Lacedaemonii
1418 693 1534 733 θεω-

69 749 237 799 ροῦντες
261 740 585 797 Ἐπαμινώνδαν
616 740 939 799 προθυμότερον
966 745 1282 799 προσπίπτοντα
1303 749 1362 786 τῶ
1390 749 1536 804 θυμῷ

69 802 215 842 Vereor
234 810 362 840 tamen
385 801 648 849 vehementer,
675 808 719 838 ut
736 802 856 851 proba
878 816 922 840 ea
943 805 1041 840 sint:
1082 804 1237 840 mallem
1256 789 1410 853 quidem
1429 813 1535 845 certe

67 859 301 912 προπίπτοι
305 873 369 905 τες
389 866 427 895 et
443 857 745 925 προπίπτοντα.
774 860 837 895 cui
855 862 1067 909 suspicioni
1083 860 1192 898 favet
1202 860 1390 898 auctorL.
1404 860 1534 901 XVII.

71 919 144 957 79.
166 917 233 954 ubi
254 915 421 953 Dimnus
447 931 495 966 μ
483 910 794 967 εμψιμοιρησας
823 917 881 969 τῷ
913 917 1084 966 βασιλεῖ
1105 915 1203 970 περί
1226 931 1349 957 τινων
1379 917 1448 957 καὶ
1469 921 1532 975 τῷ

68 975 196 1027 θυμῶ
219 985 451 1024 προπεσων.
478 971 601 1010 Favet
620 978 819 1020 praeterea
838 985 930 1009 usus
950 973 1073 1019 verbi,
1098 973 1200 1022 quod
1219 976 1470 1014 temeritatem
1489 978 1535 1015 in

67 1031 210 1082 agendi
238 1031 369 1079 inpetu
400 1035 514 1077 atque
543 1029 710 1066 adsensu
738 1030 1004 1077 conplectitur
1045 1027 1170 1067 Stoici
1198 1037 1402 1080 propterea
1430 1029 1533 1081 τοὺς

66 1085 379 1140 προπίπτοντας
397 1086 697 1134 nuncupabant,
726 1088 793 1134 qui
815 1086 989 1123 obscuris
1009 1086 1245 1138 imaginibus
1265 1088 1532 1129 concedebant

67 1150 225 1191 temere,
255 1145 337 1180 sive
359 1147 446 1188 τοῖς
467 1139 572 1194 ἀδή)
577 1157 637 1189 οις
659 1139 856 1190 εἴκοντας.
889 1150 1025 1181 contra
1053 1156 1098 1180 ea
1128 1139 1429 1197 ἀπροπτώτους
1457 1159 1534 1184 va-

67 1213 161 1239 cuos
184 1214 209 1238 α
231 1206 354 1236 teme1
357 1201 471 1248 nate,
504 1199 606 1250 quod
629 1199 832 1238 docentem
852 1199 943 1239 vide
966 1198 1041 1238 Th.
1063 1197 1248 1239 Gataker.
1270 1201 1320 1238 ad
1337 1201 1530 1244 Antonin.

68 1257 114 1297 L.
131 1256 200 1294 111.
225 1258 267 1297 9.
296 1256 433 1294 WEss.

182 1326 254 1366 53
288 1326 363 1366 81.
403 1320 637 1377 Σφοδρόν’
624 1319 727 1365 ὄντα
745 1325 804 1366 τῶ
826 1319 1030 1380 ῥεύματι]
1058 1323 1238 1363 Adeundi
1260 1332 1353 1364 sunt
1374 1325 1532 1365 Plutar-

69 1381 164 1421 chus
185 1383 299 1434 Ages
322 1395 357 1431 p.
379 1383 485 1423 613.
513 1388 553 1420 et
580 1367 843 1433 Polyaen.II.
873 1384 1006 1425 1.27.
1031 1383 1126 1433 29„
1157 1383 1225 1422 ubi
1252 1383 1298 1422 de
1319 1383 1379 1422 his
1399 1386 1532 1434 paullo

69 1441 234 1490 plenius.
268 1438 404 1477 WEss.

185 1508 257 1548 53.
291 1507 364 1547 13.
408 1503 542 1547 Οὐδὲν
562 1500 794 1560 πράξαντες
813 1501 982 1559 μνήμης
1003 1502 1143 1559 ἄξιον]
1184 1507 1228 1545 Id
1248 1521 1343 1547 vero
1366 1520 1534 1547 consen-

68 1566 155 1614 tire,
188 1577 400 1615 cognosces
424 1576 473 1601 ex
493 1563 769 1614 Xenophontis
788 1564 941 1601 Hellen.
964 1571 1135 1602 extremo
1160 1565 1204 1604 L.
1227 1565 1293 1603 VI.
1324 1565 1462 1604 1171555.

185 1633 258 1673 53.
293 1634 363 1673 16.
395 1630 668 1686 Προσθέντες
685 1629 785 1679 τοὺς
804 1632 1003 1678 Εἵλωτας
1022 1629 1416 1687 ἠλευθερωμένους]
1437 1633 1535 1673 Plu-

71 1701 135 1728 res
165 1702 236 1726 sex
267 1690 458 1735 millibus,
501 1703 588 1727 cum
619 1689 666 1726 ab
689 1689 858 1738 Ephoris
883 1689 932 1726 ad
952 1702 1057 1726 anna
1077 1697 1332 1739 v,ocarentur
1376 1694 1536 1730 nomina

68 1732 224 1784 fuerant
242 1747 413 1811 professi
430 1746 621 1783 libertatis
642 1758 721 1793 spe,
739 1744 1001 1793 Xenophonte
1022 1744 1065 1782 L.
1088 1745 1153 1783 VI.
1172 1759 1207 1796 p.
1230 1747 1339 1787 475.
1361 1755 1535 1802 auctore?

73 1803 141 1839 sed
171 1803 272 1839 haud
303 1804 416 1851 pauci
441 1802 533 1839 dein
564 1814 646 1839 sese
680 1801 728 1838 ad
750 1800 957 1839 'lhebanos
979 1800 1261 1850 Spartanorum
1281 1802 1369 1842 odio
1393 1817 1536 1857 aggre—

73 1865 264 1911 gaverant
280 1859 380 1908 apud
401 1859 502 1896 Plut.
522 1858 667 1909 Agesil.
689 1870 726 1907 p.
748 1859 855 1899 614.
887 1858 1023 1896 Wssss.

190 1927 260 1967 54.
294 1928 370 1967 24.
406 1921 767 1979 Μεγαλεπηβολος
797 1922 882 1977 ὢν]
927 1925 1102 1964 Hoccine
1130 1939 1180 1965 an
1210 1925 1539 1981 μεγαλεπίβολος

74 1985 340 2032 amplectaris,
367 1995 502 2033 parum
530 1985 724 2022 intererit.
764 1981 979 2031 Utrumque
996 1983 1289 2034 Epaminondae
1318 1986 1478 2036 ingenio
1500 1991 1540 2022 et

50 2041 187 2078 -rebus
216 2043 339 2093 gestis
364 2040 460 2078 bene
489 2037 682 2091 congruit.
721 2038 819 2077 Vide
842 2038 890 2077 ad
909 2039 952 2077 L.
974 2039 1005 2079 Ι.
1033 2041 1103 2081 19.
1127 2040 1176 2078 ΙΙ.
1199 2043 1239 2082 7.
1262 2048 1300 2080 et
1320 2041 1466 2081 XVIII.
1493 2043 1536 2084 7.

73 2096 209 2136 WEss.

112 2154 115 2159 ’
194 2153 266 2194 54.
297 2154 373 2194 27.
423 2148 574 2193 Πολλὰ
613 2167 689 2204 μεν
721 2148 790 2205 ἔτη
822 2150 1091 2207 7373²⁷ilst¹²²⁷7²²
1124 2149 1392 2208 ἀνάστατον]
1432 2153 1539 2193 Ulbs

78 2210 255 2248 Messene
284 2224 371 2248 cum
398 2212 566 2247 maxime
595 2209 752 2247 condita
772 2217 848 2247 est:
892 2218 980 2248 ante
1001 2210 1072 2249 hoc
1093 2217 1245 2261 tempus
1269 2213 1378 2250 nulla
1396 2213 1505 2250 fuit·
1495 2224 1538 2250 ιιι

76 2264 358 2316 Peloponneso,
391 2266 458 2304 sed
479 2279 546 2317 re‹
535 2268 588 2303 rio
611 2273 762 2304 tantum
782 2265 970 2305 Messene.
1011 2267 1154 2306 Strabo
1178 2269 1221 2306 L.
1242 2268 1344 2306 VIII.
1366 2282 1401 2319 p.
1432 2270 1538 2309 550.

9 2322 13 2336 ¹
76 2322 122 2362 A.
151 2323 331 2363 εκαλεῖτο
355 2320 398 2363 δ’
430 2340 456 2376 η
481 2320 604 2392 χώρα
627 2319 850 2376 Mfflffliv‘v
870 2339 946 2376 την
968 2322 1012 2363 δὲ
1032 2327 1105 2364 νῦν
1129 2322 1439 2377 ὀνομαζομένην
1461 2321 1542 2365 πό-

78 2382 142 2420 λιν
158 2376 391 2433 Meomyqu
405 2402 453 2409 --
469 2376 585 2420 ου’πω
607 2378 845 2429 συνέβαινεν
868 2379 1074 2420 ἐκτίσθαι·
1104 2383 1244 2431 quibus
1265 2385 1435 2433 gemina
1437 2382 1541 2419 Pau-

81 2440 209 2475 sanias
230 2437 344 2474 habet
366 2437 409 2474 L.
430 2437 495 2476 IV.
523 2438 560 2477 1.
599 2434 659 2474 De
680 2444 896 2485 opportuno
916 2451 1041 2475 novae
1060 2440 1167 2476 urbis
1192 2441 1269 2476 situ
1290 2452 1369 2476 non
1388 2438 1543 2475 dissen-

79 2496 131 2533 tit
153 2495 253 2532 idem
275 2495 340 2531 ille
361 2492 502 2532 Strabo
523 2494 626 2531 dicto
646 2493 711 2530 lib.
734 2507 768 2543 p.
796 2495 901 2535 556.
929 2493 1072 2546 Magna
1091 2508 1185 2532 vero
1207 2495 1401 2533 discordia
1421 2501 1479 2531 est
1499 2496 1542 2532 in

80 2554 272 2589 a'nnorum
298 2563 479 2598 numero,
513 2551 651 2599 quibus
682 2548 868 2588 Messenii
901 2553 1025 2599 patlia
1056 2559 1276 2589 caruerunt.
1318 2550 1540 2589 Dinarchus

82 2610 413 2662 vetpa7ootooscv7
449 2605 525 2646 ε’τει
556 2606 772 2644 Messeuem
807 2607 1002 2645 conditam
1034 2610 1089 2646 ait
1123 2608 1191 2645 Or.
1222 2610 1265 2646 in
1284 2607 1483 2655 Demosth.
1504 2621 1542 2658 p.

87 2667 180 2723 99.,
209 2664 400 2701 Isocrates
422 2661 489 2702 διὰ
514 2662 762 2717 τριακοσίων
796 2663 900 2704 ετῶν
928 2670 1015 2714 post
1040 2675 1109 2701 ccc
1130 2678 1277 2712 annos,
1305 2677 1418 2713 quam
1441 2663 1546 2702 Mes·

88 2719 189 2759 senii
220 2722 322 2772 pulsi
350 2721 524 2767 fuer‚ant
558 2721 598 2757 in
619 2719 774 2757 Archid.
805 2733 840 2769 p.
868 2723 996 2768 175,
1024 2722 1228 2773 lycurgus
1250 2724 1291 2759 in
1312 2722 1485 2759 Leocrat.
1505 2734 1542 2771 p.

91 2778 193 2819 155-
231 2777 514 2823 πεντακοσίοις
544 2774 672 2815 ε’τεσιν
698 2773 885 2830 ὕστερον.
932 2779 1038 2822 Quae
1066 2778 1218 2828 quidem
1246 2792 1339 2816 vcra
1361 2791 1456 2821 esse
1465 2790 1546 2814 non

89 2841 291 2885 poterunt,
328 2835 407 2872 nisi
427 2832 581 2873 diversa
603 2835 834 2871 calamitatis
852 2829 1136 2873 Messeniorum
1156 2836 1346 2884 principia
1367 2841 1550 2872 statuan-

144 2893 175 2928 1
182 2903 243 2927 01..
275 2891 321 2928 ΙΙ.
1293 2892 1320 2929 »l
