1859 3326
263 143 355 176 XVI
833 139 1150 172 STEPHANI

260 240 401 286 pellat,
443 237 655 284 legitimam
695 238 979 272 excusationem
1014 235 1115 279 apud
1147 235 1314 271 lectores
1347 245 1491 281 aequos
1518 244 1593 277 non
1617 234 1731 270 habe·

259 301 334 334 ret.
383 297 571 341 Equidem
595 297 627 329 si
655 297 868 340 quicunque
903 293 1100 326 fabulosas
1134 295 1383 338 antiquitates
1418 295 1542 328 literis
1576 294 1730 327 manda·

262 359 424 397 verunt,
452 355 568 388 talem
596 353 896 386 criminationem
922 360 945 384 a
971 351 1137 394 posteris
1165 351 1459 394 formidassent,
1486 351 1587 397 quali
1612 352 1732 385 Vives

261 419 398 448 onerat
423 411 652 450 Diodorum,
695 408 872 452 quidnam
899 407 947 440 ad
977 408 1252 452 intelligendas
1277 410 1413 443 saltem
1446 413 1645 452 poetarum
1680 410 1733 442 fa-

260 474 371 507 bulas
403 470 577 504 relictum
618 467 726 500 nobis
761 466 968 498 adiumenti
1015 465 1177 499 fuisset'.l
1230 466 1336 500 Adde
1377 465 1477 510 quod
1515 465 1731 500 huiusmodi

261 529 523 576 ἀρχαιολογίαι,
554 525 646 557 licet
671 523 866 555 fabulosae
889 526 1085 564 vocentur,
1120 534 1194 556 non
1221 533 1493 569 usquequaque
1520 527 1650 557 tamen
1675 524 1729 557 fa-

259 588 417 621 bulosae
445 586 547 626 sunt,
577 581 725 624 (earum
750 584 877 612 autem
901 579 1040 613 bonam
1069 584 1216 624 partem
1255 591 1351 625 quae
1388 591 1410 614 a
1444 584 1568 627 poetis
1601 593 1729 616 mana-

257 649 348 679 runt
376 641 545 684 excipio)
582 638 650 671 sed
677 638 830 681 penitus
857 638 894 669 in
924 647 989 670 eas
1015 638 1336 681 introspiciendo,
1377 640 1564 683 quandam
1590 642 1729 674 verita·-

260 704 310 735 tis
341 700 446 733 velut
471 695 672 729 scintillam
700 704 976 738 saepenumero
1002 696 1103 729 inter
1135 696 1273 729 densas
1305 697 1591 731 mendaciorum
1624 684 1730 732 tene-

258 759 349 792 bras
376 755 546 789 invenire
573 762 785 796 possumus.
815 752 1001 796 Exempla
1027 757 1115 785 sunt
1139 754 1176 786 in
1204 757 1393 797 promptu.
1437 755 1588 789 Etenim
1615 766 1728 801 quam

260 815 436 850 fabulosa
461 817 500 846 et
524 811 648 844 futilia
671 814 844 853 putamus
870 809 1030 842 ethnicis
1054 811 1138 843 visa
1164 810 1282 844 fuisse
1310 821 1407 855 quae
1431 812 1477 846 de
1499 813 1607 847 Mose
1643 824 1728 847 cum

258 873 323 906 alii
369 876 447 904 tum
478 870 698 901 Hecataeus
735 871 773 901 et
804 867 1019 900 Alexander
1057 867 1254 911 Polyistor
1293 871 1502 903 memoriae
1542 871 1727 914 prodide-

261 929 373 964 runt?-
419 928 531 971 Atqui
556 927 692 958 bonam
722 935 851 957 eorum
884 929 1030 968 partem
1070 935 1166 969 quae
1200 926 1247 959 de
1283 937 1323 960 se
1357 928 1438 971 ipso
1473 928 1603 961 Moses
1637 929 1727 961 scri-

262 989 358 1033 psit,
392 988 429 1018 in
456 985 533 1017 illis
558 983 759 1015 habemus:
796 982 892 1015 adeo
918 987 960 1015 ut
989 993 1061 1015 uon
1088 982 1283 1016 historiam
1310 985 1413 1017 illam
1441 985 1618 1027 finxisse,
1655 986 1725 1019 sed

257 1043 520 1079 tantummodo
555 1041 738 1075 historiae
783 1040 838 1073 illi
881 1040 1073 1072 affluxisse
1115 1041 1234 1072 multa
1281 1040 1354 1072 dici
1397 1043 1553 1084 possint.
1624 1041 1724 1081 Quid

259 1103 363 1138 aliud
399 1112 509 1147 quam
550 1099 791 1132 delirantium
829 1099 995 1138 somnia,
1043 1108 1128 1130 esse
1164 1099 1432 1131 existimarunt
1468 1099 1605 1132 ethuici
1641 1098 1724 1133 fere

259 1171 392 1196 omues
426 1169 522 1204 quae
545 1157 754 1197 Rei-ossus,
796 1165 891 1199 quae
926 1155 1185 1198 Hieronymus
1215 1156 1443 1198 Aegyptius,
1489 1166 1584 1200 quae
1618 1156 1726 1190 Mna-

259 1231 365 1261 seas,
401 1227 497 1264 quae
522 1215 726 1259 Abydenus
755 1213 800 1245 de
827 1213 968 1244 diluvio
998 1214 1138 1256 scripta
1164 1212 1428 1257 reliquerunt'}
1479 1214 1726 1258 Quotusquis-

259 1289 332 1324 que
360 1276 563 1309 historicae
589 1271 761 1315 Abydeni
788 1270 997 1302 narrationi
1035 1270 1081 1303 de
1114 1271 1208 1303 turri
1243 1281 1289 1303 ea
1330 1281 1440 1315 quam
1475 1272 1611 1315 vulgus
1641 1278 1723 1305 tur-

257 1338 330 1371 rim
355 1333 475 1368 ssabel
499 1341 522 1363 a
545 1330 618 1362 loci
646 1328 796 1360 nomine
823 1327 1007 1370 appellat,
1056 1327 1139 1370 plus
1167 1326 1254 1360 fidei
1282 1338 1392 1372 quam
1419 1328 1582 1362 anilibus
1610 1328 1719 1362 fabu-

257 1396 306 1429 lis
331 1389 574 1426 tribuendum
599 1383 770 1429 putavit}
819 1386 929 1428 Atqui
963 1394 1010 1417 ex
1048 1386 1166 1417 sacris
1201 1385 1324 1418 literis
1363 1391 1495 1428 aperte
1530 1389 1722 1431 cognosci-

260 1462 344 1486 mus
368 1451 422 1482 ita
447 1447 620 1480 fabulosa
646 1452 731 1477 esse
756 1442 842 1482 illa,
878 1446 921 1474 ut
944 1443 1117 1475 veritatis
1141 1442 1267 1475 lumen
1283 1466 1292 1483 ‚
1326 1443 1427 1476 iuter
1454 1443 1592 1477 densas
1619 1456 1721 1479 meu-

259 1511 454 1544 daciorum
478 1504 584 1537 velut
608 1501 747 1541 nubes,
780 1500 963 1543 quosdam
988 1504 1123 1533 tenues
1149 1500 1276 1533 radios
1302 1498 1425 1532 adhuc
1450 1502 1634 1535 micantes
1660 1501 1724 1535 ha-

258 1568 361 1611 beat.
407 1563 558 1597 Etenim
593 1560 624 1592 si
659 1558 741 1603 quis
776 1558 918 1600 scripta
947 1568 1078 1591 eorum
1108 1557 1154 1591 de
1189 1558 1330 1590 diluvio
1368 1561 1407 1590 et
1443 1557 1490 1591 de
1525 1559 1591 1592 illa
1625 1560 1723 1593 turri

261 1637 345 1660 cum
372 1621 521 1665 scriptis
545 1618 666 1651 Mosis
691 1614 882 1656 conferat,
911 1614 1009 1648 falsa
1036 1615 1185 1659 quidem
1211 1616 1249 1647 in
1277 1615 1430 1648 illorum
1458 1618 1608 1660 scriptis
1635 1627 1722 1650 esse

259 1680 558 1729 quamplurima,
587 1677 618 1708 si
642 1673 896 1718 particulatim
925 1674 1209 1713 examinentur,
1236 1672 1304 1704 sed
1330 1673 1368 1704 in
1395 1674 1551 1706 summis
1583 1675 1639 1716 (ut
1666 1675 1721 1707 ita

260 1742 414 1786 loquar)
450 1735 633 1769 historiae
670 1732 854 1775 capitibus
888 1732 1090 1763 convenire
1121 1730 1197 1762 illis
1232 1740 1314 1762 cum
1349 1729 1458 1763 Mose
1502 1732 1722 1774 comperiet.

261 1802 341 1834 lam
378 1806 471 1829 vero
517 1792 616 1836 quod
651 1793 688 1823 in
723 1789 780 1822 his
806 1788 942 1821 accidit
967 1789 1079 1831 prisci
1106 1788 1223 1820 seculi
1250 1786 1440 1828 historiis,
1477 1799 1542 1822 cur
1573 1799 1648 1821 nou
1682 1792 1723 1822 et:

257 1860 298 1892 in
323 1857 407 1890 aliis
433 1851 606 1885 accidere
630 1849 799 1892 potuisse
825 1845 1123 1889 suspicabimur?
1170 1846 1334 1877 Tantum
1380 1846 1490 1878 abest
1524 1847 1641 1890 igitur
1680 1849 1723 1878 ut

262 1926 328 1950 eos
375 1912 437 1957 qui
479 1908 587 1941 nobis
628 1906 873 1951 ἀρχαιολογίας
916 1904 1089 1943 tradunt,
1126 1903 1324 1936 -mendacii
1363 1905 1533 1946 protinus
1577 1903 1719 1937 habere

262 1975 459 2016 suspectos
483 1966 709 2003 debeamus,
747 1967 788 1994 ut
813 1972 859 1994 ne
887 1965 1084 2004 poetarum
1112 1958 1438 2004 quidem'fahulas
1477 1961 1547 2004 (de
1580 1961 1721 2000 multis,

260 2043 335 2066 non
359 2029 405 2061 de
434 2023 606 2058 omnibus
631 2021 781 2064 loquor)
819 2020 856 2051 in
890 2023 1011 2051 totum
1046 2018 1194 2051 fabulas
1230 2030 1315 2052 esse
1353 2019 1480 2051 dicere
1521 2020 1613 2051 satis
1656 2029 1720 2062 pu-

260 2091 396 2123 denter
422 2082 620 2127 possimus.
669 2078 782 2109 Cuius
818 2078 930 2109 etiam
963 2077 1018 2109 rei
1046 2078 1303 2109 testimouium
1330 2077 1367 2108 in
1396 2076 1506 2108 modo
1531 2075 1641 2108 dictis
1668 2075 1721 2108 hi-

260 2145 389 2180 storiis
426 2137 764 2180 locupletissimum
797 2135 1124 2176 certissimumque
1161 2133 1355 2167 habemus.
1410 2133 1505 2166 Nam
1543 2132 1631 2177 quid
1672 2133 1719 2167 de

263 2202 428 2239 diluvio,
468 2194 556 2240 quid
590 2194 635 2225 dc
661 2193 755 2224 turri
779 2192 844 2224 illa
868 2192 997 2224 Moses
1032 2192 1211 2233 scriptum
1248 2191 1464 2235 reliquerit,
1506 2200 1636 2223 omnes
1671 2191 1717 2223 ad

262 2269 376 2294 unum
404 2255 562 2289 scimus:
595 2253 719 2289 certe,
761 2250 790 2280 si
816 2259 890 2281 uon
915 2258 1011 2281 vano
1038 2247 1335 2280 Christianorum
1363 2248 1472 2280 titulo
1499 2248 1718 2291 gloriamur,

262 2319 360 2352 scire
395 2313 588 2346 debemus.
637 2307 818 2350 Superest
853 2307 990 2349 igitur,
1033 2305 1121 2349 quid
1155 2304 1294 2338 ethnici
1327 2306 1593 2348 antiquitatum
1629 2307 1719 2338 scri-

262 2378 413 2421 ptoreS,
454 2367 542 2413 quid
568 2370 703 2409 poetae
730 2365 862 2396 iisdem
899 2363 945 2396 (le
982 2363 1095 2395 rebus
1129 2363 1356 2395 tradiderint
1386 2363 1549 2405 posteris
1581 2363 1721 2395 intelli-

265 2445 287 2458 (ν
263 2442 368 2477 o‘fflss·
413 2428 577 2461 Primum
604 2422 702 2467 quod
728 2423 865 2454 attinet
889 2421 935 2453 ad
961 2420 1163 2459 diluuium,
1208 2424 1398 2452 sei-vatum
1425 2419 1574 2462 quidem
1599 2419 1718 2453 fuisse

260 2493 382 2523 xirum
416 2483 623 2529 quendam,
668 2490 741 2513 uuo
771 2490 956 2512 consensu
983 2488 1113 2511 omnes
1146 2477 1321 2518 tradunt,
1362 2476 1430 2510 sed
1462 2488 1599 2512 nomen
1636 2479 1717 2510 eius

262 2547 361 2591 apud
386 2553 499 2577 unum
525 2545 670 2573 tantum
703 2540 848 2581 (coium
877 2548 969 2581 quos
994 2536 1171 2579 legeiim)
1208 2536 1416 2575 invenitur,
1452 2545 1578 2567 1··e1um
1604 2535 1718 2577 Assy-

260 2608 448 2639 riacarum
484 2600 705 2642 scriptorem
737 2596 972 2638 Abydenum.
1028 2593 1098 2632 Qui
1135 2597 1261 2625 tamen
1299 2602 1365 2634 pro
1399 2591 1480 2624 Noe
1513 2591 1715 2624 Sisithrum

263 2663 391 2696 nescio
424 2668 556 2703 quem,
596 2666 664 2698 pro
696 2652 836 2686 lehova
870 2651 1070 2684 Saturnum
1106 2650 1213 2681 nobis
1246 2652 1443 2683 memorat.
1499 2648 1596 2688 Quid
1628 2659 1715 2691 poc-

262 2719 348 2752 tae?
390 2726 512 2749 nonne
540 2717 578 2747 et
602 2713 673 2755 ipsi
699 2710 828 2743 diluvii
857 2709 1133 2747 meminerunt,
1173 2712 1210 2739 et
1235 2705 1468 2739 Deucalione
1498 2717 1542 2739 ac
1566 2705 1714 2750 Pyrrha

260 2777 502 2821 lapidumque
528 2773 566 2805 in
595 2769 724 2804 orbem
749 2768 967 2807 iactatione,
992 2775 1061 2799 ceu
1084 2764 1303 2804 involucris,
1335 2763 1500 2798 maxime
1529 2773 1714 2798 memora·
