1891 3310
223 700 1407 756 ANNO-TATIONES

764 839 835 875 IN

330 956 580 997 LIBRUM
623 955 930 997 DECIMUM
967 954 1280 1002 QUINVTUM.

67 1177 184 1258 pag.
206 1206 266 1246 ed.
286 1204 422 1244 WESS.
447 1208 486 1248 1.
508 1220 545 1245 v.
568 1207 611 1247 9.
651 1203 759 1258 Περὶ
790 1204 864 1244 τοῦ
887 1199 986 1243 sach
1006 1196 1224 1254 θανάτου]
1252 1201 1350 1241 Vide
1371 1201 1414 1241 L.
1434 1202 1526 1245 XV.

68 1267 109 1305 3.
135 1272 172 1301 et
195 1267 343 1311 ο.18.,
376 1271 414 1301 et
436 1266 514 1302 viri
533 1270 693 1301 mortem
714 1275 784 1299 suo
805 1263 891 1298 loco
914 1273 994 1298 non
1017 1273 1100 1297 esse
1118 1262 1285 1310 positam
1302 1274 1526 1313 cognosces.

66 1321 161 1360 Mox
180 1318 286 1374 πρὸς
308 1319 379 1360 Ὀ).
382 1320 557 1366 υνθιους
577 1326 800 1369 praestaret.
832 1318 972 1355 VVESs.

184 1379 223 1417 l.
257 1380 331 1417 21.
373 1376 592 1428 Καὸμειαν
621 1371 938 1427 ἀπεκτησαττο]
970 1372 1072 1424 Lege
1104 1368 1398 1424 ἀνεκτησαντο.
1431 1374 1529 1412 Vul-

64 1441 198 1486 gatum
227 1437 328 1471 arcis
358 1432 544 1470 Cadmeae
576 1434 821 1481 possessione
842 1431 1048 1468 Thebanos
1074 1443 1114 1467 se
1143 1430 1343 1468 abdicasse
1364 1431 1524 1471 indicat.

63 1490 231 1529 Basilius
254 1490 303 1528 M.
325 1489 469 1527 Homil.
490 1491 531 1527 in
553 1489 677 1528 Divit.
701 1502 736 1538 p.
756 1490 830 1529 56.
856 1487 903 1524 D.
926 1486 972 1523 T.
995 1486 1044 1526 ΙΙ.
1079 1501 1147 1525 και
1168 1502 1256 1533 πως
1276 1484 1528 1539 βιωσόμεθα

63 1544 147 1587 πάι
151 1562 200 1586 τα
214 1543 481 1612 ἀποκτησάιιε
467 1546 571 1593 -ῑοίῖ,
576 1561 709 1613 φησι,
727 1561 766 1584 τι
761 1541 888 1584 ’ὁὲτό
905 1545 1047 1595 σχῆμα
1067 1546 1142 1582 τοῦ
1152 1543 1247 1593 βίου
1269 1541 1397 1592 ἔσται,
1423 1540 1526 1584 πάν-

63 1619 148 1643 των
170 1598 420 1643 πωλούντων
441 1619 508 1642 και
531 1599 698 1643 πάντων
724 1599 1042 1651 ἀποκτωμὲνων.
1080 1600 1124 1636 Id
1145 1613 1238 1637 vero
1259 1601 1527 1639 falsissimum.

62 1659 405 1708 Recuperaverunt
437 1659 638 1707 Thebani,
673 1658 876 1709 Spartanis
906 1659 1065 1704 eiectis,
1099 1655 1316 1694 Cadmeam.
1355 1657 1444 1698 Vid.
1480 1659 1524 1697 L.

62 1716 153 1757 XV.
181 1718 257 1756 27.
288 1716 338 1753 W
343 1728 425 1756 ESS.

175 1775 217 1812 2.
249 1774 323 1813 23.
349 1769 423 1819 (Ως
443 1768 727 1824 Καρχηδόνιοι
750 1770 851 1818 ete]
895 1769 995 1806 Poni
1017 1775 1107 1805 ante
1129 1769 1335 1807 articulum
1357 1769 1402 1807 de
1424 1768 1526 1809 Cad-

61 1843 149 1869 mea
168 1836 352 1877 occupata
374 1830 568 1866 debuerat.
604 1828 689 1864 Vid.
712 1827 756 1865 L.
779 1826 866 1863 XV.
888 1826 963 1864 24.
994 1825 1129 1862 WEss.

177 1887 219 1925 2.
253 1887 325 1925 33.
365 1885 472 1936 Περὶ
506 1887 581 1936 τῆς
605 1878 864 1937 Ἰφικράτους
887 1880 992 1934 etc.]
1024 1881 1152 1928 Haec,
1183 1888 1221 1918 et
1241 1881 1524 1931 Spartanorum

61 1944 106 1980 in
126 1940 334 1990 Corcyram
355 1942 569 1990 expeditio,
598 1948 797 1987 terraeque
818 1945 944 1975 motus
966 1945 1080 1987 atque
1101 1939 1318 1987 inundatio,
1349 1952 1424 1988 qua
1443 1939 1524 1977 He-

60 2000 134 2035 lice
158 2004 196 2034 et
213 1997 316 2038 Bura
338 1999 579 2045 submersae,
610 1998 755 2045 praello
778 1995 827 2032 ad
854 1995 1018 2032 Leuctra
1045 2002 1134 2032 sunt
1153 1997 1296 2043 priora.
1340 1995 1452 2034 Conf.
1475 1997 1520 2037 L.

60 2053 149 2093 XV.
170 2055 246 2093 44.
266 2055 341 2094 47.
365 2056 439 2095 48.
469 2054 609 2092 Wssss.

177 2111 219 2150 3.
257 2114 296 2151 8.
342 2112 414 2166 Τῷ
489 2108 498 2122 “
535 2112 609 2162 τῆς
630 2105 752 2161 δόξῃ,
778 2105 1089 2164 ἀθανατισμῷ]
1119 2105 1230 2144 Conf.
1256 2114 1336 2146 not.
1358 2110 1400 2146 in
1421 2107 1466 2149 L.
1488 2108 1520 2149 1.

62 2167 104 2208 1.
133 2167 270 2205 Wrss.

175 2225 217 2263 3
246 2225 321 2264 21-
366 2224 521 2276 Παοαλ
527 2218 701 2274 αβόντες
731 2217 801 2274 ἦγε
790 2219 953 2273 μονιάν
984 2214 1185 2259 κάλλιστα
1218 2219 1522 2273 τεθεμελιωμέ-

59 2277 165 2331 νην]
216 2279 307 2317 Non
339 2280 530 2317 dissimile
559 2287 617 2316 est
647 2282 817 2316 auctoris
846 2277 969 2326 Epist.
1000 2277 1048 2314 ad
1069 2276 1188 2314 Hebr.
1220 2291 1252 2314 c.
1275 2277 1349 2314 XI.
1375 2280 1443 2318 10.
1458 2278 1521 2315 -de

59 2336 279 2373 Abrahamo
314 2335 514 2387 ἐξεδέχετο
549 2333 625 2388 τὴν
653 2333 752 2381 τοὺς
787 2333 1006 2385 θεμελίους
1037 2331 1214 2384 ἔχουσαν
1246 2330 1390 2383 πόλιν,
1430 2337 1455 2372 i.
1487 2349 1519 2372 e.

63 2393 240 2430 stabilem
263 2401 300 2430 et
320 2397 462 2443 optime
484 2394 684 2431 fundatam
705 2393 908 2429 coelestem
928 2391 1072 2427 urbem.
1100 2390 1307 2426 Geminum
1327 2404 1420 2428 vero
1441 2405 1522 2428 ma-

61 2452 167 2486 xime
190 2463 291 2499 supr.
319 2450 362 2489 L.
389 2450 461 2487 Xl.
487 2452 560 2516 68
606 2445 780 2500 Θρασίρ
777 2449 908 2493 ὀυλος
942 2446 986 2485 δὲ
1018 2448 1155 2493 καλῶς
1186 2447 1421 2497 Senekeleu&
1426 2452 1520 2486 ἴσαν

61 2505 277 2557 βασιλειαν
311 2508 448 2557 παρα).
440 2503 580 2557 apossu-
623 2505 728 2542 Hinc
759 2508 855 2543 zebe
857 2502 1042 2569 Δ..ιείιεὴωμ
1042 2518 1101 2542 ποι
1132 2502 1199 2541 καὶ
1233 2499 1390 2551 ἑδραῖοι
1414 2507 1455 2541 in
1476 2503 1518 2540 S.

63 2562 274 2611 PaulliEp
295 2563 343 2599 ad
365 2541 511 2602 Colossi
529 2577 562 2601 c
586 2562 614 2598 I.
638 2563 726 2608 23.,
761 2568 798 2597 et
818 2562 924 2597 ania.
930 2572 974 2597 us
995 2559 1308 2606 benefundatas
1327 2561 1427 2609 apud
1448 2560 1522 2598 Se-

64 2631 149 2655 nec.
168 2617 300 2663 Const.
321 2618 494 2667 Sapient.
512 2634 544 2656 c.
565 2621 618 2666 6.,
649 2619 879 2668 magnitudo
910 2617 1067 2654 stabim
1090 2623 1131 2653 et
1143 2616 1331 2663 fundata
1353 2616 1394 2651 L.
1419 2616 1448 2655 Ι.
1474 2617 1519 2654 de

64 2673 250 2712 Clement.
275 2676 331 2723 3.,
363 2683 401 2712 et
421 2677 643 2726 θεμελιοῦν
670 2672 746 2726 τὴν
769 2670 972 2724 ἀλήθειαν
999 2675 1042 2710 in
1060 2673 1253 2721 Protrept.
1274 2685 1311 2721 p.
1335 2674 1408 2712 66.
1429 2670 1522 2710 Cle-

63 2733 204 2769 mentis
216 2732 443 2780 Alexandr.‚
464 2734 680 2781 simiiiaque
703 2733 791 2769 alia.
823 2729 959 2769 Wrzss.

175 2789 220 2827 4.
247 2789 322 2828 23.
347 2786 446 2840 ’Έτη
474 2787 599 2827 πλείω
630 2790 714 2828 τῶν
743 2784 1052 2838 πεντακοσίων]
1085 2784 1335 2824 Conveniunt
1353 2785 1518 2823 numeri.

61 2843 124 2881 Ad
145 2842 309 2883 Leuctra
335 2852 545 2896 pugnatum
564 2852 620 2882 est
641 2844 794 2895 Olymp.
816 2854 908 2891 ωι,
939 2855 1013 2892 quo
1034 2845 1180 2893 praelio
1198 2843 1315 2879 fracti
1336 2840 1523 2892 Spartani

120 2900 215 2937 Vnt..
250 2901 295 2938 ΙΙ.
1216 2901 1236 2938 l
