1859 3326
261 165 354 206 312
730 159 1261 202 ANNOTATIONES
1299 192 1302 193 ν
1345 174 1358 194 ,·
1393 170 1401 182 ⁸

267 275 533 322 conscientia,
568 274 777 324 Calavios,
812 274 954 315 Ovium
976 271 1247 326 Noviumque,
1275 272 1352 327 (ea
1373 274 1725 329 capita-cohiura-

270 331 599 384 tionisfaeranz‘)
612 345 670 384 pr
674 334 854 384 iusquam
874 334 1179 369 nominarentur
1194 333 1307 384 apud
1327 335 1586 383 dictatorem,
1619 344 1733 372 mom

270 391 382 430 haud
401 389 515 428 dubie
535 389 584 426 ab
615 391 713 441 ipsis
737 390 917 427 conscita
945 389 1093 427 iudicio
1125 388 1238 428 subtr
1231 391 1362 439 ·α.ι·ίτ’,
1389 390 1576 435 hactenus
1594 383 1729 465 Livius

275 447 380 486 dicto
398 448 497 483 loco.
524 444 661 482 WEss.

389 503 494 543 378.
519 503 591 542 82-
620 497 747 547 mog
763 496 957 551 Ἰουνιος]
980 473 1132 552 Supple
1153 497 1353 554 δευτερον
1363 515 1414 541 ex
1434 502 1559 542 Livio
1569 501 1632 557 (L.
1653 501 1732 540 ῙΧι

276 556 372 611 28.)
414 560 523 596 Licet
551 556 621 594 has
650 558 757 596 vices
785 559 983 596 rarissime
1009 564 1178 597 annotet
1190 558 1428 637 Diodorus,
1439 559 1624 602 brevitati
1643 572 1734 598 suae

277 616 517 669 gratificans.
543 612 682 652 Ruon.

393 673 500 711 378-
534 671 607 711 85.
645 667 900 722 Παρμειιίον
923 671 1244 722 Μιτυληναῖος]
1275 639 1446 716 Eusebio
1464 638 1742 743 Παρμενίδης.

279 728 400 771 Imm
404 729 479 777 ληπ
484 730 596 773 arog,
621 727 725 775 quod
745 726 880 763 eodeni
900 728 1014 765 redit.
1041 727 1091 765 W
1095 739 1177 765 Ess,

395 785 449 823 37
463 786 501 823 8.
523 784 594 823 86
626 780 870 834 Στρατ777ὸν
889 782 1010 823 Πο)’
977 800 1098 835 ἐμω]
1102 785 1154 834 α]
1188 786 1282 829 Quis
1303 785 1380 823 fuit
1398 787 1463 823 ille
1482 785 1662 835 Polemo,
1671 760 1741 827 de

281 853 357 890 quo
386 839 581 877 Diodorus
614 841 718 875 solus
749 839 953 878 meminit?
993 841 1134 879 Nullus
1151 842 1340 889 profecto.
1385 842 1414 887 Ι
1404 855 1488 894 ege
1507 856 1556 879 ex
1577 814 1742 888 historia

279 898 563 947 H107571aae0v7
584 902 627 932 ut
641 897 743 932 infra
756 895 828 933 hac
843 897 1020 946 eademp
1011 901 1125 948 agina
1137 904 1174 933 ct
1185 899 1334 946 infrap.
1348 900 1452 941 742
1463 897 1526 952 (L.
1537 898 1631 937 XX.
1647 895 1743 952 19.)

281 954 414 993 PALM-
451 951 591 991 Nullus
615 951 772 999 dubito,
799 956 894 1002 quin
914 967 1049 992 verum
1068 961 1266 991 assecutus
1289 956 1340 992 sit
1356 958 1422 993 vir
1444 956 1741 1010 eruditissimus.

282 1010 519 1055 Ptolemaei,
550 1008 658 1046 ducis
686 1008 876 1061 Antigoni
899 1016 937 1046 et
959 1011 1144 1068 eiusdem
1155 1024 1203 1047 ex
1222 1012 1343 1050 fratre
1364 1015 1459 1059 nati⁷
1487 1014 1528 1051 in
1546 1012 1607 1049 his
1626 1012 1743 1051 rebus

280 1066 598 1115 frequentissima
626 1067 793 1104 recurrit
820 1069 989 1115 mentio,
1032 1055 1271 1116 Polemonis,
1299 1070 1377 1108 nisi
1393 1069 1517 1106 sicubi
1537 1070 1653 1109 illum
1667 1069 1745 1118 loci

281 1125 528 1174 possessione
549 1123 747 1170 everterit,
774 1129 818 1161 ut
838 1122 912 1162 hoc
930 1130 968 1161 et
988 1137 1067 1176 seq.
1082 1126 1230 1174 capite,
1249 1126 1370 1164 nulla.
1401 1123 1529 1175 Supra
1547 1124 1641 1163 vide
1661 1136 1746 1178 cap.

290 1180 366 1220 57
393 1178 443 1216 W
448 1188 530 1215 ess.

403 1235 509 1276 379.
531 1235 604 1275 98
642 1232 728 1273 Καὶ
751 1232 872 1282 τὰς
854 1236 897 1283 «εξ
913 1231 1058 1290 Ὠοεου
1079 1233 1210 1287 ναῦς]
1239 1236 1464 1288 Legendum
1487 1249 1570 1275 esse
1586 1232 1767 1290 ’.Ωρεοῒῇκ

283 1288 548 1345 (1ἱοοῖ’Ώρου
580 1303 661 1327 non
685 1293 809 1329 solum
839 1295 889 1329 sit
915 1295 958 1330 in
987 1295 1141 1330 excusis
1169 1294 1398 1342 quibusdam
1429 1294 1653 1341 codicibus,
1680 1293 1750 1331 sed

285 1355 326 1387 et
346 1352 389 1387 in
411 1344 586 1399 scriptis)
606 1359 655 1384 ex
674 1348 790 1385 initio
812 1347 927 1386 huius
949 1352 1133 1401 paginae
1123 1363 1166 1387 ac
1181 1353 1378 1399 sequentis
1398 1357 1566 1401 apparet.
1589 1348 1747 1388 STEPH.

402 1405 507 1446 379
537 1404 611 1443 99.
651 1403 738 1443 Καὶ
757 1403 937 1456 τειχίσας
957 1404 1027 1446 τὸν
1050 1404 1251 1459 an'ovea]
1282 1404 1369 1446 Τὸν
1348 1404 1623 1460 νΣαλγανέας
1653 1418 1750 1455 quae

288 1458 487 1509 Stephano
499 1460 591 1496 urbs
610 1467 667 1496 est
677 1460 872 1500 Boeotiae.
897 1460 1032 1500 RHOD.
1062 1463 1105 1501 ln
1127 1465 1302 1515 margine
1319 1464 1554 1514 adscriptum
1570 1470 1628 1500 est
1641 1463 1752 1504 Σαλ-
1792 1468 1800 1471 ”

287 1532 388 1569 μονι
374 1516 443 1563 ἔα,
472 1517 673 1566 utrobique
694 1520 806 1555 male.
847 1518 949 1570 Lege
971 1493 1314 1572 „02ymaea013st
1342 1521 1444 1557 enim
1469 1515 1488 1559 ὃ
1513 1517 1752 1572 Σαλ7ανευς

288 1574 382 1611 urbs
402 1571 607 1619 Boeotiae,
635 1573 681 1611 de
702 1586 776 1623 qua
796 1573 1080 1624 Dicaearchus,
1110 1576 1269 1624 Strabo,
1299 1575 1450 1643 Livius,¹
1478 1576 1698 1627 Stephanus
1712 1581 1752 1614 et

289 1631 372 1667 alii.
403 1629 433 1666 P
439 1640 534 1666 mu.
562 1628 647 1668 Καὶ
671 1630 851 1682 τειχίσας
869 1630 943 1672 τὸν
961 1632 1049 1671 Ea)
1052 1631 1205 1686 γανὲα]
1235 1632 1387 1670 [nst-aur
1389 1635 1454 1671 avi
1471 1634 1577 1670 urbis
1599 1645 1760 1682 nomen,¹

291 1699 412 1736 eoque
434 1686 639 1734 fidentius,
677 1689 779 1737 quod
807 1690 981 1727 virorum
1004 1689 1205 1727 doctorum
1227 1690 1471 1727 coniecturae
1496 1696 1533 1727 et
1556 1689 1754 1727 discordes

291 1741 414 1781 Codd.
435 1744 650 1791 scripturae
671 1743 746 1781 huc
764 1745 961 1783 ducerent.
1004 1745 1050 1782 In
1070 1747 1290 1784 Ptolemaeo
1314 1745 1544 1786 L.111.l5.
1575 1735 1755 1797 neglecta

291 1811 371 1836 una
399 1801 513 1835 litera
544 1798 778 1852 Summae,
807 1803 908 1850 quod
940 1803 1199 1840 librariorum
1217 1809 1440 1854 peccatum,
1467 1803 1583 1842 sicuti
1613 1809 1653 1841 et
1680 1801 1754 1842 hoc

291 1856 422 1905 ipsum
442 1856 715 1906 corrigendum
734 1861 886 1896 monuit
904 1859 997 1899 Abr.
1022 1859 1374 1897 Ortelius.W1zss‚

414 1912 519 1951 379.
554 1915 624 1954 12.
658 1910 721 1952 H
733 1916 784 1969 τῇ
806 1914 996 1971 βασιλειτι
1017 1917 1218 1967 βοηθῶν,
1241 1911 1344 1968 ὑπὲρ
1367 1916 1452 1955 τῶν
1472 1912 1633 1956 οῗκεῖων
1654 1921 1727 1964 etc.
1739 1915 1754 1966 ]

293 1966 426 2006 Prima
446 1970 576 2007 fronte
595 1970 756 2008 videtur
773 1973 931 2008 restitui
954 1984 1067 2020 posse
1089 1973 1152 2009 hic
1171 1975 1279 2010 locus
1303 1973 1436 2010 addito
1459 1973 1649 2010 duntaxat
1666 1986 1757 2011 ver-

293 2022 347 2061 bo
368 2027 611 2063 coniunctivi
631 2026 735 2064 modi
755 2031 844 2064 ante
864 2030 928 2066 vel
948 2035 1037 2077 post
1055 2026 1104 2082 ἇ7
1108 2044 1164 2068 ων
1158 2028 1360 2068 [masmae
1391 2028 1468 2067 Sed
1488 2032 1562 2066 erit
1577 2027 1758 2097 Ἀντίγο-

292 2094 365 2126 νος
384 2084 648 2119 nominativus
670 2085 866 2131 participii
880 2086 1073 2136 βοηθῶν,
1098 2097 1214 2134 quum
1229 2088 1356 2135 potius
1377 2086 1512 2122 debeat
1533 2099 1615 2122 esse
1638 2081 1758 2125 Κάσ-

297 2135 492 2188 σανὸρος,
516 2151 600 2174 meo
613 2139 763 2188 quidem
785 2140 949 2178 iudicio:
977 2153 1094 2188 quare
1114 2144 1321 2179 lectionem
1339 2143 1507 2192 margini
1524 2142 1759 2192 adscriptam

295 2190 387 2229 huic
405 2195 594 2241 praefero.
622 2197 838 2233 orationem
858 2193 1151 2237 ἀνακόλουθον
1172 2211 1254 2234 esse
1277 2198 1421 2245 dicens,
1450 2204 1488 2234 et
1509 2209 1624 2246 quum
1646 2210 1759 2246 prae-

297 2252 498 2297 cessisset,
528 2246 553 2301 1³7
579 2249 655 2300 με’]
660 2266 778 2298 οντος
798 2249 1081 2306 Κασσάνδρου
1106 2268 1197 2306 περι
1220 2252 1295 2306 τὴν
1316 2252 1524 2305 Εἶβοιαν,
1562 2257 1672 2304 sequi
1692 2255 1759 2291 de-

296 2302 468 2342 buisse
445 2322 469 2356 77
495 2308 545 2371 τῖ7
567 2308 693 2355 βασι)
698 2307 761 2347 εἶα
777 2310 1054 2359 βοηθοῦντος.
1084 2308 1194 2346 Sed
1184 2323 1225 2347 m
1249 2313 1379 2358 priore
1398 2313 1482 2347 loco
1503 2317 1590 2360 post
1607 2309 1759 2361 μένον-

296 2374 369 2407 τος
389 2358 671 2415 Κασσάνδρου
696 2365 945 2415 subiungitur
965 2363 1092 2413 αὐτὸς
1116 2368 1246 2405 κατα)
1252 2363 1357 2420 άβῃ,
1387 2363 1608 2405 vitlelicet‘
1589 2383 1609 2407 0
1627 2364 1760 2406 Ἀντί-

298 2430 431 2470 γοῐος.
461 2425 502 2454 at
522 2420 562 2455 in
597 2422 830 2468 posteriore,
860 2420 977 2469 quum
1007 2429 1046 2459 et
1065 2425 1309 2473 participium
1337 2431 1374 2460 et
1403 2425 1679 2461 coniunctivus
1709 2423 1759 2460 ad

300 2474 461 2510 eandem
481 2487 684 2524 personam
702 2478 900 2525 fera-ntur,
930 2479 1056 2516 dicere
1076 2493 1156 2516 non
1175 2481 1302 2529 potuit
1321 2477 1347 2532 ὴ
1371 2495 1421 2533 τ77
1442 2479 1632 2536 βασιλείᾳ
1651 2482 1760 2547 βοη-

300 2531 484 2577 θοῦνῖος
513 2528 717 2585 ἀποβάλῃ.
758 2534 845 2570 ideo
875 2535 976 2572 dixit
1005 2551 1029 2586 77
1059 2551 1110 2589 τῃ
1138 2538 1265 2587 βασιλ
1269 2536 1330 2575 εία
1353 2538 1530 2587 βοηθῶν
1553 2522 1759 2589 ἀποβάλῃ.

301 2583 459 2625 STEPH.
490 2585 568 2624 Hic
589 2592 756 2626 enormis
776 2587 1004 2638 ἀσυνταξία
1024 2599 1101 2629 est:
1134 2595 1197 2630 cui
1209 2579 1385 2630 scholion
1398 2593 1584 2643 marginis
1605 2592 1759 2642 quidem

302 2642 473 2692 mederi,
511 2643 579 2680 scd
598 2646 723 2682 nimis
735 2648 908 2684 violenta
928 2651 1184 2696 castratione,
1218 2656 1390 2686 conatur.
1432 2646 1559 2692 Quidss
1603 2650 1636 2685 si
1656 2650 1758 2700 βοη-

304 2699 469 2737 θοῦντα
489 2700 646 2748 scribas,
671 2708 710 2738 et
740 2709 827 2752 post
846 2699 1128 2756 Κάσσανδρον
1149 2709 1333 2743 restituas
1354 2700 1591 2758 ἀναγκάσῃς
1621 2703 1757 2742 Rnoo.

306 2751 427 2792 Recto
448 2755 603 2806 quidem
623 2757 807 2800 decurret
822 2765 962 2797 tenore
976 2759 1143 2799 Diodori
1162 2765 1307 2809 oratio,
1338 2762 1373 2799 si
1392 2762 1579 2800 monitori
1595 2760 1758 2798 Rhodo-

308 2823 451 2848 manno
481 2811 731 2865 suffrageris
739 2815 898 2866 eiusque
919 2816 1140 2858 laudaveris
1162 2818 1416 2857 medicinam:
1465 2823 1506 2855 at
1537 2830 1582 2856 ea
1602 2819 1758 2856 violen-
