1859 3326
324 190 421 231 222
796 183 1319 233 ANNOTATIONES

324 302 466 341 Leonis
489 299 601 340 Tact.
624 297 670 337 V.
696 300 761 347 7.‚
787 298 853 337 hic
880 298 997 338 latius
1016 298 1249 350 porrigitur,
1277 311 1344 338 eos
1367 301 1537 340 artifices
1554 303 1780 352 conplexus,

327 360 394 408 qui
425 358 617 407 exquisito
650 355 781 394 studio
817 358 860 393 in
898 367 1027 393 rerum
1060 357 1258 394 subtilium
1287 356 1435 396 fabrica
1463 366 1684 398 versantur.
1715 358 1783 409 ‘lid

324 417 474 456 λεπτου
469 429 526 467 p)
529 418 585 453 εἴν
609 420 649 450 et
665 411 732 451 ἐκ)
723 417 970 465 επτουργεῖν
989 412 1033 449 in
1053 411 1261 451 Themistii
1280 413 1347 452 Or
1371 413 1520 453 XXVI.
1551 428 1586 465 p.
1610 416 1718 456 316.
1740 413 1781 452 C.

326 479 365 511 et
385 472 542 523 Synesii
565 470 610 507 de
631 468 755 520 Regu.
774 482 809 518 p.
834 469 907 509 30.
926 466 974 509 A.
1012 467 1117 507 Hinc
1137 469 1228 524 περὶ
1250 468 1326 522 τὴν
1354 468 1562 519 ἀπόδειξιν
1585 471 1784 525 ὶεπτουο-

324 533 408 582 γεΐν
431 528 476 566 de
498 527 710 575 Eunomio,
744 532 920 577 argutam
941 526 1131 576 quandam
1153 532 1192 564 et
1213 527 1459 577 sophisticam
1489 529 1785 567 demonstratio-

325 598 415 624 nem
434 586 634 636 ingrcsso,
664 582 832 620 Basilius
863 582 916 620 Μ.
938 582 980 620 L.
1007 581 1036 619 Ι.
1056 583 1144 621 adv.
1177 583 1342 622 Eunom.
1374 596 1409 636 p
1432 585 1542 627 214
1562 583 1608 623 Ε.
1639 583 1782 625 Wssss.

438 655 546 694 251.
579 653 654 691 37.
705 649 780 696 Εἲς
811 645 1032 703 τοιάκοντα
1073 644 1227 703 δόμους
1253 648 1491 720 διελόμενος
1509 659 1582 691 etc.
1597 650 1616 706 ]
1661 652 1707 691 Si
1736 653 1783 690 (le

327 712 473 760 pariete
506 720 630 747 sermo
661 714 783 753 essct,
811 707 894 756 pati
921 713 1116 757 poteram,
1145 715 1189 746 ut
1216 703 1338 760 δόμοι
1368 708 1540 749 laterum
1561 711 1721 749 ordines
1740 723 1784 747 ac

327 778 550 820 conpages,
593 764 910 815 quemadmodum
944 765 985 802 Ι..
1007 765 1035 802 Ι
1065 766 1161 813 64..)
1187 774 1448 805 censerentur.
1495 769 1548 806 At
1577 769 1709 818 agitur
1736 766 1784 803 de

328 831 418 862 area
447 825 606 873 ipsoque
635 820 745 867 loco,
777 822 865 869 qui,
896 827 941 858 ut
969 817 1230 861 Romanorum
1260 825 1372 874 rogi.
1402 826 1444 862 in
1472 824 1658 873 quasdam
1686 836 1785 860 con-

326 883 563 932 tignationes
596 884 633 915 et
654 877 787 914 domos
808 890 830 914 a
850 891 941 929 rege
972 879 1145 927 proditur
1172 880 1411 931 descriptus,
1442 893 1515 930 quo
1538 882 1692 918 bustum
1710 879 1784 916 hoc

326 943 436 975 tanto
460 933 708 985 spectabilius
732 941 769 971 et
788 937 966 983 capacius
979 943 1090 974 esset.
1120 934 1262 975 Confer
1281 942 1412 976 tamen
1425 936 1503 976 Cel.
1517 937 1592 976 lac.
1607 937 1782 975 Gronov.

327 995 377 1032 ad
394 993 582 1032 Herodot.
604 990 647 1028 L.
669 990 699 1031 I.
722 1004 759 1040 p.
785 993 889 1033 846.
910 990 1049 1030 ἊῙΕΒΞ.

439 1061 547 1101 251
574 1060 652 1099 42.
690 1055 789 1098 ²Em
812 1057 856 1098 δὲ
876 1072 958 1100 των
982 1057 1222 1114 ἐπωτίδων]
1260 1058 1392 1112 Tigna
1412 1067 1525 1100 erant
1551 1073 1602 1099 ex
1619 1065 1784 1110 utraque

325 1131 461 1168 prorae
493 1124 598 1167 parte
628 1117 907 1166 prominentia,
939 1115 1098 1155 docente
1127 1117 1258 1156 schol.
1288 1118 1508 1170 Thucydid.
1536 1117 1579 1156 L.
1602 1116 1784 1159 v11.34

327 1182 366 1213 et
387 1175 440 1213 lo.
462 1171 659 1211 Scheffero
688 1170 771 1210 Mil.
790 1172 930 1213 Naval.
951 1174 993 1212 L.
1016 1174 1066 1214 ΙΙ.
1097 1176 1136 1214 5.
1164 1176 1306 1216 WEss.

439 1242 547 1282 251
576 1242 646 1282 51.
677 1237 927 1295 Δράκοντας
947 1238 1193 1295 ἀφορῶντας
1211 1239 1310 1290 τοὺς
1331 1234 1499 1295 dareve]
1531 1238 1591 1280 Ad
1613 1248 1786 1281 structu-

324 1313 407 1338 ram
428 1301 459 1336 si
480 1299 737 1337 necessariam
756 1306 867 1348 putes
886 1302 1222 1348 praepositionem,
1247 1301 1418 1339 adscisce
1437 1314 1520 1337 eam
1541 1313 1590 1337 ex
1610 1298 1705 1351 Reg.
1725 1313 1783 1349 pr.

325 1356 399 1394 Est
421 1361 549 1394 autem
572 1354 615 1392 in
635 1354 694 1394 his
722 1358 877 1408 insigne
901 1358 1113 1394 caelaturae
1133 1359 1379 1406 picturaeque
1407 1357 1690 1408 Babonnicae,
1710 1370 1786 1407 qua

328 1413 374 1450 de
397 1413 444 1450 Is.
464 1410 626 1450 Vossius
641 1438 653 1460 9
675 1414 797 1450 multa
824 1419 951 1450 tamen
970 1412 1097 1450 aliena
1126 1413 1365 1480 admiscens,
1390 1415 1439 1452 ad
1460 1412 1598 1452 Catuli.
1620 1425 1657 1463 p.
1680 1415 1786 1456 196.

327 1477 367 1508 et
387 1468 592 1521 Spanhem
612 1469 661 1506 ad
680 1469 874 1521 Aristoph.
894 1468 992 1507 Ran.
1015 1482 1053 1508 v
1077 1470 1181 1512 868
1194 1496 1205 1518 ,
1236 1470 1442 1520 specimen.
1470 1470 1609 1509 WESS.

440 1537 549 1578 251
576 1539 650 1578 71.
697 1532 821 1577 Ovem
845 1532 1118 1592 ‘wflgoatoz‘t'cnt
1150 1538 1238 1592 θεῳ
1260 1534 1480 1593 προὲὃρῳ]
1521 1534 1647 1576 Forte
1676 1536 1790 1576 deest

329 1589 408 1643 ὥς,
445 1596 605 1631 tametsi
628 1595 756 1646 paulo
785 1594 906 1632 etiam
927 1598 1026 1646 post
1051 1592 1152 1632 llaec
1184 1597 1307 1634 dictio
1340 1607 1417 1634 non
1448 1594 1697 1634 adiiczatur:
1728 1598 1785 1632 sic

326 1650 629 1689 Rhodomannus
660 1653 698 1688 in
730 1657 810 1688 not.
841 1665 997 1688 suarum
1025 1650 1230 1700 Auctario‚
1257 1664 1318 1690 me
1347 1663 1427 1690 non
1456 1659 1650 1701 sequente.
1685 1650 1784 1718 rScio

326 1708 431 1747 Plut.
456 1707 566 1745 Alex,
586 1722 621 1758 p.
648 1708 753 1748 704.
778 1715 819 1745 et
838 1707 991 1745 Arrian.
1012 1705 1154 1759 Ἀναβ.
1176 1706 1299 1757 Ἀλεξ.
1326 1709 1369 1746 Ι..
1393 1709 1476 1747 Vll.
1503 1709 1574 1750 14.
1602 1723 1659 1755 ως
1679 1704 1787 1760 ἥρωι

324 1763 604 1814 Hephaestioni
622 1775 732 1802 sacra
750 1765 853 1802 facta
871 1764 1105 1815 prodidisse,
1136 1770 1174 1802 et
1203 1761 1259 1813 ὥς
1282 1766 1371 1819 θεῷ
1401 1767 1461 1803 illi
1480 1761 1598 1805 θύειν
1628 1765 1787 1802 Ammo-

325 1824 388 1860 nis
409 1833 593 1872 responso
610 1823 732 1859 fuisse
752 1823 930 1861 vetitum.
963 1820 1041 1859 Sed
1061 1823 1142 1860 abit
1159 1822 1206 1860 ab
1226 1821 1314 1860 istis
1328 1820 1536 1869 Diodorus,
1558 1829 1596 1859 et
1614 1820 1786 1858 Alexan-

327 1880 438 1916 drum
471 1890 515 1915 eo
540 1880 714 1915 insaniae
736 1889 787 1916 an
814 1877 1014 1927 inpietatis
1041 1882 1196 1917 venisse
1222 1879 1440 1931 significat,
1467 1884 1511 1916 ut
1528 1876 1786 1929 Hephaestio-

325 1948 414 1973 nem
436 1936 477 1972 in
508 1931 594 1972 Diis
615 1938 764 1972 censeri
795 1946 863 1972 suo
883 1936 1044 1985 imperio
1070 1935 1240 1973 voluerit
1269 1938 1607 1986 inpetraveritque.
1646 1932 1787 1972 Lucia-

326 2004 400 2029 nus
425 1991 471 2028 de
492 1990 637 2028 Calum.
665 2005 745 2028 non
765 1989 875 2029 Cred.
901 2005 932 2028 c.
952 1991 1022 2032 17.
1045 1991 1114 2031 καὶ
1140 1990 1280 2040 τέλος,
1306 1991 1434 2032 ἔθυον
1458 1989 1783 2040 ΠΑΡΕΔΡΩΙ,

326 2047 395 2088 καὶ
414 2046 818 2092 ΑΛΕΞΙΚΑΚΩΙ
832 2044 978 2087 ΘΕΩΙ
993 2049 1067 2102 (τῷ
1084 2044 1389 2102 εΗςι)αισί“ιίυνι.)
1419 2048 1495 2093 Qui
1515 2047 1668 2098 quidem
1688 2049 1785 2095 lepi-

326 2105 476 2142 dissimi
497 2103 694 2153 scriptoris
718 2103 825 2142 locus
843 2104 884 2143 id
912 2106 1069 2154 insuper
1091 2105 1225 2153 docet,
1252 2116 1412 2156 pravum
1434 2109 1477 2143 in
1498 2105 1558 2143 his
1578 2103 1785 2142 Diodoreis

323 2159 452 2200 videri
473 2158 662 2216 npoe'd'paey
681 2162 785 2215 θεῷ,
810 2163 999 2212 longeque
1019 2169 1214 2210 praestare
1234 2158 1440 2216 παρέδρῳ.
1471 2161 1593 2199 Sacra
1615 2160 1787 2197 Alexan-

326 2218 388 2255 dri
407 2219 607 2267 populares
628 2224 666 2254 et
684 2216 904 2255 adulatores
930 2217 1210 2267 Hephaestioni
1227 2218 1422 2256 faciebant
1441 2229 1543 2256 novo
1564 2217 1671 2264 Deo,
1702 2230 1786 2254 ma-

326 2276 453 2312 lorum
474 2273 669 2322 depulsori
688 2281 726 2311 et
745 2276 967 2311 coelestium
987 2275 1195 2314 adsessori.
1233 2269 1456 2327 Πάρεὸρος
1479 2277 1601 2322 enim,
1628 2272 1695 2323 qui
1716 2278 1784 2310 aut

325 2336 460 2380 suapte
479 2331 623 2367 virtute
643 2336 710 2368 aut
730 2331 884 2368 decreto
904 2330 1089 2381 principis
1109 2331 1149 2368 in
1167 2330 1335 2369 Deorum
1354 2334 1591 2369 consortium
1610 2337 1649 2367 et
1667 2332 1786 2367 colle-

324 2390 432 2439 gium
455 2384 686 2434 addebatur,
719 2392 763 2425 ut
791 2387 903 2424 docte
927 2387 1139 2425 Salmasius
1163 2388 1211 2425 ad
1231 2387 1429 2437 Spartiani
1445 2384 1565 2426 Hadr.
1586 2400 1617 2426 c.
1643 2386 1713 2428 14.
1745 2397 1782 2435 p.

331 2445 437 2485 140.
472 2450 510 2480 et
530 2444 723 2481 Arnaldus
748 2441 792 2481 de
812 2443 900 2482 Diis
918 2442 1119 2482 Adsessor.
1141 2458 1172 2482 c.
1198 2446 1258 2492 9.‚
1286 2457 1514 2494 quamquam
1534 2443 1597 2482 hic
1618 2443 1666 2481 ob
1690 2444 1784 2481 Plu-

326 2499 453 2538 tarchi
473 2507 511 2537 et
537 2501 694 2538 Arriani
714 2500 929 2539 dissensum
960 2501 1075 2539 dubia
1099 2501 1270 2540 obmovit
1301 2502 1393 2540 ibid.
1413 2514 1493 2552 cap.
1515 2501 1615 2549 27..
1643 2501 1783 2549 quibus

327 2556 516 2595 abstineri
540 2559 660 2594 satius
679 2558 817 2595 fuerat.
847 2558 891 2594 ld
911 2558 1020 2605 bene,
1042 2558 1143 2607 quod
1166 2554 1359 2612 παρέδρῳ
1382 2556 1445 2596 hic
1467 2555 1583 2595 scribi
1606 2564 1783 2607 oportere

327 2614 547 2664 perspexit,
576 2620 613 2650 et
639 2621 731 2652 ante
753 2626 861 2662 eum,
887 2615 989 2664 quod
1011 2616 1070 2653 illi
1092 2622 1221 2652 tamen
1249 2614 1411 2652 latuisse
1441 2614 1536 2652 mihi
1558 2612 1784 2663 persuadeo,

326 2671 375 2710 N.
397 2669 635 2707 Blancardus
657 2669 706 2708 ad
724 2669 876 2709 Arrian.
898 2685 1010 2709 suum
1033 2670 1078 2711 Ι..
1101 2671 1184 2709 Vll.
1206 2684 1243 2720 p.
1263 2670 1373 2712 473.
1406 2668 1545 2709 Wssss.

438 2731 560 2778 252·v
579 2736 651 2778 84.
681 2739 778 2778 Τῶν
798 2736 1002 2792 ἐγχωρίων
1021 2751 1083 2786 τις
1101 2735 1340 2791 δεδεμένος]
1376 2738 1613 2776 Distinctius
1641 2734 1688 2775 de
1709 2736 1784 2775 hoc

326 2792 479 2832 homine
501 2794 604 2832 Plut.
617 2794 727 2834 Alex.
741 2809 776 2845 p.
798 2797 902 2836 705.
924 2796 984 2844 E„
1013 2796 1056 2833 in
1077 2797 1270 2846 plerisque
1288 2794 1460 2836 Diodoro
1481 2800 1780 2834 consentaneus:

325 2863 406 2889 non
426 2853 518 2891 item
539 2849 693 2893 Arrian.
715 2852 757 2892 L.
778 2852 860 2893 VH·
881 2853 957 2896 24·
987 2850 1123 2893 Wess.
