1859 3326
277 181 341 233 70
743 185 1263 237 ANNoTATmNEs

283 298 412 388 {ibrum
450 294 652 346 scriptoris
694 311 778 338 esse
810 300 1000 351 opinetur.
1056 302 1144 344 vid.
1184 305 1229 346 L.
1254 307 1331 350 XI.
1371 310 1414 351 3.
1441 310 1518 354 45.
1546 309 1640 351 x11.
1675 311 1748 355 56.

338 360 419 387 Ess.

401 406 473 446 75.
507 408 581 449 34.
616 408 687 449 A?
717 409 939 467 ἐπιβουλῆς
969 412 1098 458 αὐτὸν
1125 415 1458 474 ἐδολοφόνησεν]
1492 422 1605 464 Conf.
1628 423 1747 467 Corn.

284 460 475 513 Nepotem
497 463 649 504 Datam.
676 482 707 505 c.
730 470 771 508 9.
806 478 843 508 et
864 471 1048 523 Polyaen.
1071 475 1114 515 L.
1138 476 1221 515 Vn.
1241 479 1316 519 29.
1347 479 1482 518 Wssss.

401 521 472 562 75.
502 522 577 562 40.
619 522 692 571 Εἷς
710 523 785 572 τὰς
807 525 1117 580 ὀνομαζομένας
1135 531 1334 583 Λεύκας]
1372 535 1559 587 Superius
1575 531 1750 591 Λεῦκην

285 575 499 624 adpellavit
519 592 551 615 c.
580 581 652 621 18.
685 583 752 620 ubi
775 585 897 632 plura.
938 586 1073 625 WESS.

403 634 474 673 75.
516 636 588 676 50.
622 630 730 676 'Kal
763 642 847 680 τῶν
879 640 955 692 μὲν
997 641 1278 699 μισθοφόρων
1312 644 1389 700 τὴν
1427 643 1650 702 ἡγεμονίαν
1677 657 1750 689 etc.

282 682 559 746 Ἀγησιλάῳ]
590 691 697 731 Haec
731 699 923 747 principia
943 702 1173 750 simultatis,
1205 707 1362 753 quaein
1390 704 1514 744 Tachi
1539 710 1750 757 perniciem

285 752 502 787 verterunt.
539 748 721 800 Agesilao
751 757 979 801 promissum
1008 758 1136 796 fuerat
1163 763 1284 798 totius
1306 765 1498 800 exercitus
1524 766 1746 812 imperium:

287 801 391 849 quod
420 817 505 842 cum
537 806 767 847 adventanti
801 821 1028 862 negaretur,
1065 816 1366 866 accederentque
1397 821 1496 866 alia,
1538 819 1583 857 de
1610 821 1748 869 quibus

287 858 428 897 Athen.
452 860 494 897 L.
512 861 617 899 XlV.
638 877 673 914 p.
695 867 802 907 616.
823 866 889 914 D.,
912 871 1096 908 alieniore
1117 873 1163 910 ab
1184 886 1274 924 rege
1298 877 1423 924 coepit
1443 890 1525 913 esse
1547 878 1687 924 animo,
1709 884 1753 915 ut

287 913 509 965 Xenophon
538 918 613 957 vit.
643 920 758 973 Ages.
780 937 817 975 p.
839 926 914 966 48.
936 927 996 967 ed.
1029 927 1157 968 Oxon.
1186 936 1225 969 et
1246 930 1349 969 Plut.
1369 932 1484 984 Ages.
1512 945 1548 982 p.
1573 936 1678 975 617.
1700 934 1748 975 A.

288 970 440 1010 docent.
472 974 607 1014 Wnss.

403 1030 474 1070 75.
509 1032 580 1072 57.
611 1032 811 1092 Δημοσίᾳ
833 1035 908 1088 μὲν
924 1033 1004 1079 ’ῧπό
1027 1042 1102 1093 τῆς
1120 1040 1321 1096 πατρίδος
1341 1041 1416 1084 οὐκ
1438 1041 1750 1101 ἅπεσταλμένῳ]

287 1081 472 1124 Chabrias
490 1101 569 1126 non
586 1091 753 1129 libenter
771 1100 854 1132 erat
873 1104 962 1133 ante
982 1100 1113 1135 oculos
1133 1102 1277 1137 civium
1299 1114 1477 1149 suorum,
1504 1103 1608 1151 quod
1631 1110 1670 1140 et
1689 1106 1750 1142 vi·-

286 1142 402 1179 vebat
421 1145 546 1192 laute,
574 1154 612 1183 et
632 1148 860 1200 indulgebat
879 1153 952 1190 sibi
975 1155 1195 1203 liberalius,
1223 1168 1334 1205 quam
1362 1164 1406 1195 ut
1423 1160 1613 1197 invidiam
1639 1161 1751 1211 vulgi

287 1207 418 1247 posset
437 1201 623 1253 effugere:
649 1203 739 1243 binc
755 1220 824 1244 sua
844 1217 980 1258 sponte
996 1211 1209 1261 Aegyptios
1231 1213 1405 1252 adiutum
1423 1217 1617 1264 profectus
1635 1218 1752 1255 classi

287 1257 464 1304 praefuit.
494 1257 618 1298 Docet
639 1260 753 1300 Corn.
770 1263 899 1314 Nepos
918 1267 959 1304 in
975 1266 1140 1306 Chabria
1163 1283 1195 1308 c.
1219 1270 1259 1309 3.
1281 1283 1329 1307 ex
1355 1270 1619 1322 Theopompo,
1639 1275 1749 1310 cuius

286 1314 406 1350 verba
426 1319 600 1354 servavit
629 1317 770 1358 Athen.
802 1320 844 1358 L.
866 1321 957 1360 ΧΠ.
990 1338 1026 1374 p.
1051 1325 1156 1364 532.
1176 1324 1219 1364 B.
1259 1326 1393 1365 Artem
1416 1342 1510 1366 vero
1541 1332 1644 1378 eius,
1675 1342 1751 1379 qua

287 1367 473 1408 ducentas
505 1371 628 1412 Taehi
656 1388 776 1413 naves
803 1378 907 1415 intra
927 1380 1042 1419 breve
1075 1388 1224 1432 tempus
1245 1385 1459 1422 exercitato
1492 1388 1637 1437 remige
1657 1400 1751 1424 con-

285 1426 432 1476 plevit,
461 1437 547 1477 pete
567 1443 615 1467 ex
634 1431 832 1483 Polyaeno
855 1434 897 1473 L.
920 1436 986 1474 ΙΙΙ.
1010 1440 1029 1479 1
1047 1440 1080 1478 Ι.
1103 1440 1143 1479 7.
1176 1446 1213 1477 et
1233 1441 1351 1478 verba
1373 1450 1553 1492 corrupta
1573 1457 1617 1481 ac-
1637 1442 1750 1480 hian-

286 1483 342 1520 tia
376 1484 524 1536 refinge
555 1483 710 1539 ὀλίγαις
734 1484 907 1543 ἡμέραις
937 1490 1119 1534 ἐλαύνειν
1150 1493 1363 1546 ἐδίδασκε,
1404 1495 1493 1551 (καὶ
1524 1496 1597 1546 τὰς
1627 1497 1751 1553 ναῦς)

286 1535 436 1591 ἐρετῶν
465 1545 850 1596 συγκεκροτημένων
877 1546 1126 1604 ἐπλήρωσεν.
1171 1552 1307 1604 Neque
1328 1556 1432 1593 enim
1460 1556 1573 1594 aliter
1596 1563 1752 1594 senten-

288 1598 343 1634 tia
368 1599 572 1638 constabit.
604 1600 745 1643 Wssss.
1210 1640 1212 1643 .

402 1656 473 1695 75·
505 1658 577 1698 67.
605 1655 727 1710 Πρὸς
752 1656 826 1700 τὸν
845 1657 937 1702 υἱὸν
958 1662 1234 1716 Νεκτανεβώ]
1262 1665 1408 1705 Eadem
1427 1669 1648 1717 scriptionis
1674 1668 1754 1706 dis-

286 1709 418 1748 cordia
436 1714 478 1749 in
508 1712 698 1763 Polyaeni
719 1716 829 1754 libris
853 1717 1023 1771 Strateg.
1047 1721 1094 1761 ll.
1122 1725 1159 1762 1.
1183 1725 1273 1770 22..
1310 1723 1557 1763 Nectanabis
1576 1729 1618 1763 in
1636 1725 1752 1777 Ages.

284 1765 426 1817 Nepot.
448 1782 479 1806 c.
504 1772 557 1818 8.,
578 1770 717 1810 Euseb.
738 1771 879 1812 Chron.
897 1777 1178 1827 Nectanebus,
1202 1779 1301 1827 apud
1322 1780 1424 1820 Plut.
1448 1782 1563 1833 Ages.
1581 1794 1617 1831 p.
1640 1784 1749 1823 617.

284 1820 331 1862 Β.
358 1822 631 1878 Νεκτάναβις·
659 1842 747 1867 narn
773 1828 1028 1882 Νεκτάβιος,
1057 1836 1160 1884 quod
1187 1836 1228 1872 in
1259 1837 1500 1890 Apophtheg.
1539 1839 1682 1876 Lacon.
1714 1853 1751 1889 p.

286 1881 394 1921 214.
416 1881 472 1930 F.,
496 1892 715 1934 corruptum
744 1900 827 1925 esse
852 1889 948 1926 bene
969 1896 1121 1929 monuit
1140 1892 1361 1931 Lambinus.
1398 1893 1530 1933 Tacho
1563 1897 1751 1947 sanguine

284 1939 514 1977 coniunctus
532 1948 635 1988 erat,
666 1944 805 1992 quippe
821 1945 941 1982 frater
961 1949 1044 1984 eius
1062 1951 1265 1996 patruelis,
1295 1957 1394 1988 teste
1413 1952 1633 1989 Plutarcho.
1670 1952 1749 1990 lta-

285 2004 360 2042 que
375 2008 492 2044 prave
519 1998 706 2048 interpres
726 2002 782 2039 ad
801 2000 1068 2042 Nectanebum
1088 2008 1198 2055 regis
1207 2007 1354 2054 filium.
1386 2007 1503 2045 Pater
1520 2008 1557 2045 N
1561 2009 1749 2056 ectanebi,

284 2050 442 2088 absente
463 2050 618 2100 Tacho,
654 2055 891 2105 desciverat,
921 2059 1079 2108 filioque
1099 2063 1141 2098 in
1162 2065 1316 2101 consilii
1338 2066 1560 2103 societatem
1582 2067 1748 2115 pellecto

284 2116 549 2157 persuaserat,
576 2118 621 2149 ut
640 2125 803 2163 regnum
822 2116 903 2163 ipse
933 2125 1160 2165 capesseret.
1191 2118 1326 2157 WESS.

403 2165 476 2204 75.
505 2168 577 2206 72.
608 2165 887 2220 Συγκάταινος
911 2192 960 2200 -
979 2178 1071 2220 ταῖς
1091 2175 1166 2213 τοῦ
1190 2173 1350 2227 πατρὸς
1367 2173 1606 2229 ἐπιβολαῖς]
1641 2175 1750 2215 Rho-

284 2218 500 2258 domannus
528 2221 767 2273 ἐπιβουλαῖς
791 2227 998 2278 legendum
1027 2232 1228 2279 opinatus,
1255 2231 1392 2270 Latine
1413 2234 1594 2279 dederat,
1626 2236 1666 2272 in
1687 2237 1750 2272 in-

280 2283 462 2316 structas
472 2282 598 2330 patri
613 2283 782 2320 insidias
810 2288 1071 2324 consentiens.
1119 2287 1226 2325 Idem
1246 2289 1319 2326 sibi
1340 2291 1512 2338 placere,
1540 2291 1588 2328 ad
1609 2290 1750 2328 Xeno-

282 2333 438 2385 phontis
466 2334 610 2386 Agesil.
639 2350 674 2387 p·
693 2339 769 2378 49.
799 2346 959 2378 testatus
988 2350 1046 2380 est
1064 2342 1387 2383 Hutchinsonius.
1423 2345 1588 2396 Utrique
1611 2348 1748 2397 scripti

282 2390 436 2439 quidam
460 2392 551 2428 libri
577 2398 880 2442 patrocinantur.
926 2397 1106 2437 Praefero
1137 2407 1265 2439 tamen
1294 2404 1518 2454 vulgatum,
1548 2404 1611 2440 cui
1639 2411 1678 2440 et
1704 2406 1747 2442 in

279 2452 361 2485 not.
398 2446 573 2486 Addend.
614 2453 755 2500 primas
794 2450 1097 2493 Rhodomannus
1133 2457 1259 2506 dedit,
1308 2467 1490 2507 vertenS,
1524 2473 1611 2499 cum
1640 2461 1747 2497 alias

274 2505 413 2556 patris
429 2506 590 2556 incepta
599 2507 812 2558 probaret.
840 2508 925 2561 Ego
946 2513 1180 2561 versionem,
1214 2522 1259 2552 ut
1276 2518 1406 2565 paullo
1427 2523 1540 2564 ante,
1567 2517 1743 2554 correxi:

278 2567 324 2598 ut
342 2562 446 2598 enim
466 2562 636 2610 doceam,
657 2561 852 2614 ἐπιβολὰς
869 2572 907 2603 et
928 2565 1151 2618 ἐπιβουλὰς
1170 2584 1192 2608 a
1211 2572 1459 2610 librariorum
1479 2575 1636 2610 natione
1654 2583 1743 2621 per-

278 2618 456 2663 misceri,
483 2617 581 2656 nihil
603 2632 759 2658 necesse
781 2628 849 2658 est.
876 2621 1037 2661 Factum
1064 2626 1103 2663 id
1125 2627 1275 2665 abunde
1300 2630 1409 2675 alias.
1439 2629 1572 2666 WEss.

395 2675 468 2714 76.
497 2676 570 2714 77.
597 2671 819 2728 Ἐτόλμησε
840 2676 905 2716 ὁίιὶ
926 2682 1001 2731 τῆς
1014 2679 1214 2732 Ἀραβίας
1236 2683 1465 2737 ἀναβῆναι]
1493 2685 1554 2720 EX
1577 2682 1636 2720 lllS
1657 2696 1747 2732 Pel·-

277 2741 407 2778 peram
426 2732 632 2768 intellectis
647 2732 858 2771 inEuscbii
870 2737 1060 2784 reperitur
1072 2737 1213 2776 Clu-on.
1231 2740 1335 2778 leeo
1350 2753 1424 2778 rex
1437 2739 1743 2790 Aegyptifugit

278 2788 319 2822 in
339 2786 542 2825 Arabiam.
574 2787 756 2826 Eri-orem
778 2793 986 2841 castigavit
1006 2792 1064 2830 Ill.
1079 2792 1255 2847 Scaliger
1274 2797 1322 2834 ad
1341 2810 1431 2835 ann.
1454 2794 1744 2834 MDCXLVllI.

279 2839 462 2894 Tachus,
495 2844 542 2883 ab
564 2847 739 2884 exercitu
762 2845 986 2897 destitutus,
1013 2849 1116 2903 fugit
1139 2850 1336 2892 Sidonem.
1370 2848 1612 2906 ἀπεχώρησε
1633 2853 1744 2906 φυγῇ
