1859 3326
242 152 368 184 xvm
661 146 876 178 URSKNI
923 140 1288 174 PRAEFATIO.

254 249 454 281 annotatos
473 248 663 288 repertum
685 243 730 276 iri
749 242 844 274 alios
864 241 1090 283 depravatos
1116 238 1283 271 inficior:
1313 235 1381 269 sed
1407 245 1473 267 eas
1501 232 1580 266 fere
1605 240 1702 275 quae

255 307 291 338 in
326 306 372 336 iis
404 307 492 335 sunt
524 301 814 344 depravationes
847 308 918 330 non
951 297 1104 340 perinde
1140 297 1341 329 daninosas
1373 299 1439 326 aut
1474 290 1704 335 periculosas

257 374 341 396 esse
369 362 457 394 scio.
507 359 594 391 lllos
618 361 742 389 autem
772 356 917 397 excipio
944 354 1076 397 quibus
1101 353 1172 386 hoc
1196 355 1343 396 signum
1370 363 1398 383 ::
1424 349 1592 394 apposui.
1628 346 1704 378 Eos

257 431 348 454 vero
372 418 572 462 praecipue
601 414 803 447 emendare
830 417 986 444 conatus
1009 422 1088 443 sum
1105 436 1113 451 ‚
1146 411 1193 443 ad
1218 419 1373 454 qnorum
1402 406 1704 440 emendationem

259 477 441 522 quaedam
478 476 513 506 in
543 474 667 505 animo
697 481 779 503 meo
808 470 911 502 velut
945 469 1161 501 informatio
1196 468 1286 510 styli
1321 465 1477 498 Diodori
1513 463 1706 495 adiumen-

259 540 336 567 tum
373 531 462 565 mihi
495 529 634 563 afferre
666 527 873 560 videbatur.
924 525 980 558 De
1017 526 1178 569 propriis
1210 530 1335 557 autem
1373 522 1583 555 nominibus
1617 516 1710 550 nihil

260 593 455 635 quicquam
492 587 687 626 annotavi,
728 594 884 629 quorum
913 585 1122 627 scripturae
1155 587 1260 615 certa
1292 581 1377 613 iniri
1410 581 1508 612 ratio
1543 577 1707 609 omnium

260 648 410 692 quidem
438 656 510 677 oon
538 646 682 687 potest,
724 641 925 673 multorum
957 640 1120 674 fortasse
1147 640 1263 672 multo
1286 649 1368 672 cum
1393 639 1470 671 otio
1498 641 1709 678 magnoque

262 715 342 739 cum
370 703 507 735 iudicio
534 703 668 744 potest.
715 699 786 738 Qui
811 703 937 730 autem
970 698 1101 731 eadem
1136 698 1288 741 propria
1325 697 1476 728 nomina
1506 698 1582 726 tam
1614 692 1710 723 viro-

261 773 342 796 rum
373 770 479 804 quam
503 759 692 797 locon-unu
721 766 796 789 non
823 756 956 789 eodem
984 756 1049 788 sed
1077 755 1227 788 diverso
1255 754 1364 786 modo
1388 754 1526 795 scripta
1551 750 1712 783 diversis

262 822 300 853 in
326 820 418 852 locis
444 815 670 857 comperiet:
711 814 743 845 is
770 823 852 846 eam
880 824 952 846 non
990 814 1118 854 nobis,
1156 812 1223 845 sed
1257 811 1395 844 nostris
1431 807 1712 851 exemplaribus

263 878 423 919 imputet
459 871 759 905 inconstantiam.
805 871 862 904 lta
892 875 1041 912 tamen,
1075 876 1118 904 ut
1145 869 1244 915 quod
1271 870 1306 902 in
1331 868 1488 901 Diodori
1525 866 1715 909 exempla·

264 934 367 967 ribus
402 931 530 962 vitium
566 927 843 972 reprehendet,
886 929 1019 962 eodem
1045 929 1121 960 alia
1144 927 1225 962 fere
1250 928 1377 962 omnia
1401 925 1632 959 Graecorum
1660 921 1714 956 hi-

267 990 492 1023 storicorum
521 986 754 1030 exemplaria
778 985 952 1019 laborare
980 985 1180 1029 intelligat.

716 1185 974 1220 FuLvu
1024 1182 1270 1219 URSINI
1432 1223 1434 1225 ,

477 1271 514 1318 Ρ
594 1272 636 1318 R
714 1271 761 1319 Α
841 1272 883 1319 Ε
966 1271 1010 1318 F
1087 1270 1134 1318 A
1213 1270 1255 1318 Τ
1335 1271 1359 1317 I
1441 1270 1500 1317 Ο.

353 1433 591 1472 ANTONIO
633 1433 995 1472 PERRENOTTO
1041 1433 1325 1472 CARDINALI
1363 1433 1718 1474 GRANVELANO

269 1511 495 1550 FULVIUS
530 1509 775 1550 URSlNUS.

364 1601 445 1632 Ant.
469 1599 700 1641 Augustinus
722 1597 1033 1644 Archiepiscopus
1058 1600 1380 1642 'rari-aconensis,
1423 1603 1544 1636 omnis
1575 1601 1721 1645 politio-

272 1657 326 1691 ris
352 1657 546 1689 doctrinae
574 1656 709 1688 vindex
734 1661 772 1689 et
797 1662 989 1698 assertor,
1020 1659 1120 1690 misit
1149 1658 1196 1691 ad
1231 1669 1290 1691 me
1325 1660 1582 1704 superioribus
1614 1661 1722 1692 annis

272 1713 422 1757 Polybii
450 1712 662 1756 fragmenta
687 1714 894 1757 quaedam,
917 1719 959 1748 ut
984 1716 1115 1748 titulus
1139 1716 1342 1758 indicabat,
1376 1719 1452 1761 περὶ
1474 1718 1668 1761 πρεσβειῶν,
1700 1726 1723 1749 a

272 1769 439 1804 iohanne
466 1769 625 1813 quodam
654 1772 1069 1816 Constantinopolitano
1096 1774 1278 1813 collecta,
1326 1775 1388 1818 qui
1421 1773 1486 1808 no.
1524 1774 1723 1817 antiquita-

274 1833 350 1861 tem
376 1830 413 1860 in
441 1829 565 1871 capita
590 1832 628 1861 et
652 1828 753 1862 locos
772 1839 988 1863 communes
1008 1831 1241 1874 digesserat3
1264 1836 1305 1864 ut
1327 1842 1410 1864 eum
1431 1832 1565 1863 librum
1582 1840 1603 1862 a
1626 1840 1724 1862 men-

275 1885 355 1924 dis,
390 1885 522 1929 quibus
555 1896 673 1929 paene
705 1885 869 1926 infinitis
898 1892 1097 1932 corruptus
1129 1893 1230 1930 erat,
1272 1888 1523 1928 vindicarem,
1571 1892 1610 1920 et
1641 1897 1724 1920 cum

276 1942 456 1975 studiosis
479 1943 616 1984 etiam,
652 1944 683 1976 si
714 1943 930 1985 videretur,
969 1948 1301 1981 communicarem:
1344 1947 1434 1980 Cum
1457 1947 1586 1988 itaque
1613 1955 1726 1989 quan-

276 2005 356 2033 tum
384 2010 455 2043 ego
480 2010 547 2044 per
572 2001 697 2035 varias
722 2003 988 2044 occupationes
1013 2004 1137 2046 potui,
1181 2002 1275 2036 haec
1300 2004 1440 2045 scripta
1464 2005 1639 2034 accurate
1674 2001 1726 2033 di-

275 2058 514 2101 ligenterque
540 2057 739 2100 legissem,
763 2068 905 2104 proque
931 2061 1072 2103 ingenii
1098 2061 1171 2094 mei
1195 2061 1349 2101 viribus,
1375 2070 1471 2103 quae
1496 2060 1726 2102 perexiguae

279 2119 387 2154 sunt,
421 2115 520 2147 omni
547 2116 693 2148 ratione
718 2117 944 2159 expolienda
967 2127 1181 2159 curassem3
1217 2118 1279 2151 vel
1303 2118 1348 2150 ob
1373 2118 1492 2160 ipsum
1519 2118 1645 2159 operis
1671 2126 1727 2148 ar-

278 2174 496 2214 gumentum
523 2171 637 2215 digna
662 2174 824 2206 maxime
851 2175 932 2207 visa
958 2180 1045 2206 sunt
1072 2185 1167 2219 quae
1193 2174 1389 2218 prodirent
1418 2174 1454 2206 in
1480 2173 1613 2206 lucem.
1644 2184 1727 2205 con-

278 2229 403 2260 tinent
429 2229 527 2261 enim
556 2227 640 2272 Pop.
668 2229 773 2263 Rom.
806 2231 853 2264 ad
888 2231 1013 2275 Reges
1048 2237 1273 2276 exterasque
1307 2233 1480 2264 nationes
1511 2235 1550 2263 et
1584 2230 1727 2273 Regum

280 2295 410 2317 rursus
435 2289 726 2331 exterarumque
752 2290 943 2322 nationum
964 2290 1009 2322 ad
1032 2290 1124 2334 Pop,
1143 2290 1248 2324 Rom.
1269 2290 1414 2332 magnis
1432 2288 1478 2320 (le
1499 2287 1611 2321 rebus
1630 2288 1728 2320 ultro

280 2342 449 2384 citroque
478 2343 610 2375 missas
636 2343 868 2387 legationes,
902 2347 939 2378 in
969 2347 1102 2391 quibus
1125 2357 1206 2379 cum
1230 2346 1305 2378 alia
1333 2345 1450 2378 multa
1482 2350 1589 2385 sunt,
1630 2345 1726 2377 unde

282 2401 432 2430 nostras
454 2399 623 2432 actiones
649 2406 818 2434 veterum
845 2404 1099 2446 exemplorum
1123 2404 1255 2447 regula
1277 2403 1400 2436 metiri
1426 2403 1624 2446 possimus,
1649 2408 1727 2434 tum

284 2456 483 2489 conciones
510 2458 729 2499 praeclarae
753 2457 953 2501 habentur,
985 2461 1106 2505 deque
1133 2459 1328 2494 foederum
1357 2465 1394 2493 et
1422 2461 1523 2503 pacis
1550 2459 1729 2492 conditio-

284 2511 392 2548 nibus
428 2512 724 2558 disceptationes
758 2517 805 2550 ad
841 2527 964 2549 rerum
1011 2518 1263 2561 gerendarum
1307 2518 1489 2550 rationem
1537 2516 1730 2558 perutiles.

283 2567 452 2659 (ll-{eglilqna
471 2572 656 2618 praefatio
680 2573 750 2607 lmc
773 2585 844 2607 uon
862 2574 1044 2618 pertinet.)
1090 2575 1233 2609 Romae
1258 2574 1339 2609 ΧΠ,
1362 2573 1524 2607 Kalend,
1547 2572 1727 2608 [nst-emb,

314 2638 335 2659 a)
398 2653 407 2661 ,

1837 1062 1840 1071 .

1848 1097 1852 1107 i

1848 1137 1856 1218 ἐ
