1891 3310
439 208 815 240 TRACTATUS
854 208 928 238 DE
967 206 1270 237 DIODORO.
1521 210 1573 239 XI

89 348 92 349 ⁷
117 306 269 350 Martyr
292 305 414 347 (cuius
430 305 541 339 modo
558 305 696 349 protuli
714 304 845 349 verba)
874 314 946 337 non
971 303 1062 337 dicit
1083 294 1338 344 utEusebius‚
1367 303 1439 346 Qui
1458 304 1576 339 biblio-

118 362 238 396 thecas
264 362 429 408 collegit,
463 363 552 404 sed,
582 361 653 403 Qui
679 361 869 403 contraxit,
895 367 929 394 cc
949 359 988 394 in
1011 359 1258 404 compendimn
1279 360 1430 405 redegit.
1465 362 1575 402 Quod

119 427 244 454 tamen
278 421 429 461 dicens,
471 421 573 454 nullo
609 421 718 453 modo
742 421 789 453 ab
811 418 977 453 Eusebio
1003 418 1190 452 dissentit.
1230 428 1316 450 nam
1350 419 1382 451 is
1416 418 1576 451 alicuius

118 489 212 521 opus
250 479 288 511 in
322 477 582 521 compendium
616 478 780 521 redigit,
834 477 896 521 qui
934 486 1005 508 non
1039 475 1165 509 omnia
1207 485 1306 518 quae
1339 475 1376 506 in
1412 485 1457 508 eo
1490 479 1578 508 sunt

118 536 281 578 colligit,
321 535 389 568 sed
416 545 462 568 ex
487 534 614 567 multis
642 534 830 567 interdum
858 543 994 576 pauca,
1042 536 1080 565 et
1112 531 1262 576 quidem
1296 542 1341 565 ca
1388 542 1483 576 quae
1519 532 1576 564 illi

118 592 295 626 ridentur
325 603 409 625 esse
435 592 650 636 praecipua.
697 590 777 624 Nee
802 590 989 623 Eusebius
1022 590 1284 622 collectionem
1319 588 1433 621 talem
1468 588 1577 621 intel-

119 650 204 694 ligit
232 660 327 694 quae
354 654 454 683 totos
478 653 714 682 caeterorum
739 647 1003 681 historicorum
1028 647 1145 680 libros
1171 646 1418 687 coacervarit,
1442 645 1510 679 sed
1538 646 1576 677 in

119 717 193 750 qua
219 707 411 748 delectus,
445 707 546 752 quali
573 716 665 749 opus
692 710 749 739 est
773 705 829 737 his
854 705 891 737 in
918 705 1052 745 rehu&
1085 703 1276 737 adhibitus
1306 703 1432 736 fuerit.

210 764 294 797 Hoc
318 769 442 797 autem
481 774 572 808 opus
608 762 707 806 quod
733 761 951 795 historicam
977 760 1244 794 bibliothecam
1273 760 1457 803 appellari
1485 759 1576 792 dixi-

120 831 223 860 mus,
270 822 307 853 in
343 821 596 865 quadraginta
627 820 744 853 libros
777 829 800 851 a
832 829 872 851 se
909 818 1149 851 distributum
1188 817 1305 851 fuisse
1338 819 1510 861 ¹ipsemet
1540 817 1579 848 in

117 879 314 920 prooemio
343 881 526 918 testatur,
560 887 644 921 pag.
666 875 713 916 4,
749 875 942 918 scribens,
982 874 1081 908 Adeo
1109 881 1149 908 ut
1172 874 1376 907 universum
1403 884 1490 918 opus
1515 884 1576 906 no-

117 939 251 976 strum,
286 935 382 977 qnod
410 932 657 978 quadraginta
689 931 796 965 libros
830 930 950 973 habet,
992 943 1104 965 annos
1139 931 1233 964 mille
1258 938 1398 965 centum
1424 929 1579 975 triginta

120 996 196 1024 octo
231 993 505 1035 complectatur,
545 992 642 1024 ultra
669 995 805 1031 tempus
832 999 953 1022 rerum
980 994 1060 1021 (tute
1083 988 1210 1022 bellum
1236 988 1435 1021 Troianum
1460 993 1579 1031 gesta-

120 1058 214 1081 rum.
260 1048 335 1082 Sed
367 1047 744 1082 animadvertendum
777 1050 854 1086 est,
891 1046 1072 1090 quosdam
1104 1056 1151 1079 ex
1182 1045 1240 1078 his
1266 1046 1374 1078 libris
1403 1056 1487 1080 esse
1514 1045 1579 1078 du-

122 1105 260 1147 plice-5,
296 1106 334 1138 id
368 1112 426 1140 est
459 1109 497 1140 in
530 1108 623 1141 duas
658 1110 786 1149 partes
820 1102 981 1136 divisos:
1019 1108 1060 1136 ut
1084 1108 1142 1137 est
1166 1104 1264 1137 liber
1288 1104 1450 1146 primus,
1488 1103 1581 1135 item

123 1162 291 1195 decimus
325 1165 519 1208 septimus.
568 1164 790 1207 Quanquam
826 1162 907 1204 ipse
939 1159 1076 1194 author
1109 1161 1305 1194 divisionis
1329 1161 1415 1193 libri
1444 1160 1582 1192 decimi

122 1221 272 1263 septimi
300 1231 372 1253 non
399 1221 591 1262 meminit,
633 1220 700 1253 scd
727 1224 870 1252 tantum
895 1217 1092 1251 divisionis
1118 1219 1205 1251 libri
1238 1219 1360 1262 primi.
1400 1217 1584 1260 posterio-

122 1287 202 1309 rem
230 1278 327 1309 enim
355 1279 436 1311 eius
463 1276 642 1310 inchoans
669 1281 828 1321 partem,
859 1277 914 1308 ita
941 1275 1146 1318 praefatur,
1187 1274 1305 1316 Quam
1326 1274 1467 1319 primu-s
1493 1272 1583 1307 Dio-

123 1332 204 1366 dori
229 1333 315 1367 liber
341 1334 382 1367 ob
404 1333 647 1378 prolixitatem
671 1334 709 1367 in
736 1334 823 1366 duos'
850 1332 956 1365 libros
983 1332 1116 1366 divisas
1139 1332 1196 1374 sit,
1219 1332 1325 1376 prior
1351 1331 1490 1376 quidem
1511 1336 1580 1366 etc.

123 1392 194 1424 Ubi
219 1391 316 1436 quod
342 1394 523 1436 scriptum
548 1393 609 1433 sit,
644 1390 791 1425 Primus
816 1389 973 1423 Diodori
997 1390 1093 1434 liber,
1122 1402 1216 1432 non,
1249 1389 1395 1423 Primus
1420 1399 1516 1421 meus
1542 1388 1582 1421 Ii-

124 1448 204 1491 ber,
245 1460 318 1483 non
352 1449 466 1484 debet
498 1451 669 1494 cuiquam
707 1454 921 1492 suspectam
956 1449 1117 1489 reddere
1150 1449 1311 1491 positam
1342 1447 1402 1480 hic
1436 1446 1583 1490 praesa-

124 1506 352 1548 tiunculam,
378 1508 485 1550 quasi
512 1506 802 1550 supposititiam.
839 1515 923 1537 nam
953 1516 1049 1550 quae
1076 1507 1113 1538 in
1140 1505 1243 1538 calce
1273 1506 1354 1538 eius
1382 1504 1581 1544 habentur,

127 1574 212 1599 esse
246 1564 406 1598 Diodori
439 1566 685 1606 convincunt,
722 1573 834 1607 quum
859 1562 910 1595 ibi
937 1563 984 1596 de
1013 1573 1053 1596 se
1082 1574 1154 1595 non
1183 1564 1257 1596 iam
1291 1563 1329 1595 in
1363 1564 1478 1596 tertia
1514 1561 1584 1594 sed

123 1623 246 1666 prima
277 1631 440 1664 persona
474 1622 663 1666 loquatur.
720 1622 770 1655 Ut
803 1625 929 1653 autem
965 1619 1024 1653 hic
1055 1622 1199 1664 positus
1231 1620 1303 1652 fuit
1337 1620 1408 1653 iste
1449 1619 1584 1652 titulus

123 1681 246 1724 τμῆμα
271 1678 454 1724 δεύτερον,
496 1681 551 1711 ita
585 1683 623 1712 et
656 1690 789 1722 supra,
827 1689 911 1723 pag.
935 1677 983 1718 4,
1014 1678 1090 1710 illis
1122 1677 1270 1718 verbis,
1303 1678 1397 1721 ΙΙερὶ
1420 1679 1484 1719 μὲν
1512 1681 1582 1709 etc.

127 1738 240 1781 (quae
265 1736 454 1770 habentur
477 1737 654 1769 continuo
682 1741 767 1779 post
794 1736 1043 1778 prooemium)
1080 1734 1230 1767 ridetur
1261 1733 1438 1767 debuisse
1473 1745 1581 1779 prae-

126 1794 190 1837 figi
219 1793 312 1827 haec
336 1794 552 1836 inscriptio,
581 1794 699 1837 τμῆμα
723 1793 871 1837 πρῶτον.
911 1792 977 1824 scd
1009 1793 1147 1824 nostris
1182 1791 1460 1834 exemplaribus
1492 1790 1586 1824 nihil

127 1854 208 1885 ausi
234 1851 371 1884 fuimus
401 1851 597 1894 allingere.
647 1853 846 1885 Caeterum
873 1848 959 1882 hinc
982 1852 1141 1893 apparet
1176 1848 1263 1893 quid
1293 1848 1584 1882 Volaterranum

129 1914 167 1943 et
203 1909 298 1942 alios
330 1909 366 1940 in
402 1918 570 1941 errorem
604 1909 814 1952 impulerit,
863 1907 1025 1940 citantes
1061 1917 1107 1941 ex
1143 1907 1239 1940 libro
1279 1914 1388 1939 sexto
1425 1905 1586 1938 Diodori

127 1977 223 2011 quae
247 1967 285 1998 in
311 1967 441 2009 quinto
468 1965 666 1999 habentur.
725 1965 911 1999 Nimirum
938 1965 969 1997 is
996 1964 1100 1996 cuius
1125 1963 1228 1997 edita
1251 1962 1322 1995 fuit
1344 1962 1488 2006 pridem
1511 1962 1583 1995 La-

127 2026 206 2057 tina
231 2023 362 2056 horum
388 2024 551 2068 quinque
579 2025 745 2067 priorum
778 2022 959 2055 librorum
995 2022 1120 2054 versio
1162 2020 1246 2062 (vel
1280 2021 1404 2064 potius
1436 2029 1587 2062 perver-

128 2083 200 2124 sio)
223 2082 375 2124 primus,
396 2082 540 2125 opinor,
566 2081 729 2113 caeteris
747 2090 878 2112 ansam
907 2078 1058 2112 errandi
1085 2078 1276 2121 praebuit:
1308 2078 1383 2122 qui,
1410 2077 1472 2110 ubi
1500 2076 1587 2110 Dio-

128 2139 241 2172 dorus
275 2139 526 2182 posteriorem
553 2138 638 2171 libri
668 2138 777 2182 primi
804 2142 947 2181 partem
975 2135 1146 2178 inchoat,
1179 2136 1265 2168 libri
1296 2135 1452 2168 secundi
1488 2136 1586 2178 prin-

129 2198 265 2240 cipium
292 2197 507 2229 constituit:
541 2206 586 2228 ac
610 2195 788 2239 deinceps
815 2195 877 2228 ubi
905 2195 968 2228 ille
996 2195 1140 2227 initium
1172 2194 1257 2226 libri
1290 2192 1447 2226 secundi
1483 2192 1585 2233 facit,

129 2257 210 2298 ipse
243 2255 395 2286 tertium
428 2253 517 2286 inde
548 2254 714 2297 incipere
749 2253 890 2294 credit,
923 2257 961 2286 et
986 2253 1038 2285 ita
1065 2253 1103 2284 in
1130 2251 1311 2284 librorum
1344 2251 1584 2293 sequentium

131 2312 416 2346 enumeratione
442 2321 625 2355 pergens,
654 2315 695 2344 ut
719 2322 786 2355 pro
813 2313 977 2355 quinque
1004 2320 1069 2343 sex
1094 2308 1299 2341 habeamus
1325 2306 1426 2339 facit.
1476 2307 1584 2346 Quod

132 2371 164 2403 si
191 2371 227 2401 in
256 2369 336 2401 eius
370 2378 502 2400 manus
533 2369 722 2412 integrum
756 2369 933 2402 volumen
966 2368 1157 2406 venisset,
1199 2376 1247 2399 ex
1273 2364 1524 2409 quadraginta
1546 2364 1587 2395 li-

131 2427 211 2460 bris
246 2425 409 2459 fortasse
444 2426 716 2470 quinquaginta
747 2426 819 2460 hoc
852 2426 963 2460 modo
998 2425 1165 2458 fecisset.
1211 2433 1281 2456 nec
1317 2423 1416 2456 enim
1456 2421 1584 2454 dubito

133 2485 221 2528 quin
248 2487 358 2515 etex
391 2483 498 2515 libris
533 2484 594 2526 qui
628 2483 895 2516 desiderantur
932 2483 1078 2526 aliquos
1115 2480 1175 2513 hic
1209 2479 1346 2512 author
1376 2479 1589 2522 duplicave-

133 2543 194 2575 rit.
243 2540 383 2574 Verum
416 2550 482 2573 eos
516 2540 648 2585 quibus
688 2552 759 2573 non
785 2542 887 2584 ipsos
914 2539 1070 2573 Diodori
1096 2538 1236 2578 libi-os,
1261 2536 1329 2569 sed
1354 2546 1482 2569 eorum
1507 2540 1586 2568 tan-

132 2603 213 2630 tum
245 2598 596 2640 interpretationem
630 2598 760 2631 videre
790 2599 1023 2641 contigerat,
1064 2596 1308 2627 excusatione
1343 2593 1477 2636 dignos
1512 2604 1586 2626 me-

134 2658 207 2690 rito
234 2655 458 2688 iudicemus:
498 2661 537 2688 at
561 2657 623 2700 qui
646 2655 794 2688 Graeca
820 2655 1068 2687 versaverunt
1094 2651 1348 2695 exemplaria,
1381 2651 1503 2682 minus
1528 2660 1589 2684 ve-

135 2715 198 2746 nia
225 2713 328 2758 (ligni
352 2713 540 2746 videntur.
584 2714 662 2746 lmo
696 2723 787 2746 vero
823 2723 868 2745 ne
905 2722 970 2745 eos
1004 2710 1153 2754 quidem
1189 2710 1250 2753 qui
1287 2707 1461 2739 Latinam
1497 2706 1588 2739 (lun-

135 2775 242 2803 taxut
276 2771 628 2814 interpretationem
662 2770 836 2803 viderant
877 2774 938 2812 (ac
963 2768 1080 2801 multo
1107 2768 1228 2799 minus
1257 2766 1338 2798 eius
1369 2763 1585 2808 authorem)

136 2829 286 2863 veniam
312 2829 450 2862 mereri
473 2829 600 2864 dicere
623 2838 843 2873 possumus:
880 2837 992 2873 quum
1018 2826 1055 2858 in
1083 2835 1128 2859 ea
1153 2825 1235 2868 ipsa
1262 2822 1358 2857 liber
1383 2807 1586 2866 primus‘in
