1875 3310
351 219 639 254 OECONOMIA
675 219 946 251 HISTORIAE
983 219 1207 252 DIODORI.
1375 225 1524 255 CLXIX

65 318 312 363 Syracusani,
336 317 526 363 occupatis
547 315 676 351 multis
693 315 869 360 urbibus,
894 317 1008 351 etiam
1024 317 1242 360 Trinacria,
1273 327 1342 363 per
1357 317 1524 354 Siciliam

67 375 318 413 dominantur.
335 386 380 410 c.
399 377 458 412 29.

154 432 249 468 Arm.
269 436 301 469 2.
332 439 334 441 ·
351 430 630 467 Corinthiacum
647 429 790 465 bellum
805 441 874 478 pro
892 429 1127 477 Epidamniis
1145 434 1275 466 contra
1290 421 1525 479 Corcyraeos

65 493 230 535 gestum.
261 500 290 525 c.
307 494 363 529 30.
1144 479 1146 481 Ι

157 553 177 572 *
201 546 380 581 Romanis
399 556 481 579 cum
498 544 647 580 Volscis
663 544 805 578 bellum
825 543 908 579 fuit.

154 602 248 639 Αηη.
267 607 300 641 3.
346 605 619 648 Campanorum
642 612 736 647 gens
756 604 851 636 orta.
874 620 920 628 —-
950 601 994 634 In
1012 602 1131 646 regno
1151 600 1312 647 Bospori
1331 603 1525 638 Cimmerii

66 660 399 696 Archaeanactidis
424 660 592 693 succedit
625 658 840 703 Spartacus.
867 677 912 685 -—
946 660 1211 692 continuatum
1236 660 1376 695 bellum
1396 663 1527 696 Corin—

68 717 245 755 thiacum,
293 717 475 753 Corinthii
493 728 516 750 a
534 717 757 760 Corcyraeis
774 716 918 759 proelio
939 716 1061 748 navali
1081 717 1182 753 vloti.
1217 727 1246 749 c.
1260 717 1317 752 31.

159 775 256 809 Αηη.
274 776 307 813 4.
356 773 539 808 Corinthii
559 778 597 807 et
616 773 816 817 Corcyraei
838 781 933 805 novo
953 778 1135 815 apparatu
1152 773 1292 808 bellum
1311 778 1458 820 urgent.
1493 785 1526 808 c.

69 835 126 870 32.
171 834 266 866 Tum
286 832 536 867 Athenienses
558 830 740 864 coloniam
762 829 997 872 Amphipolin
1015 830 1215 865 deducunt.

603 892 635 928 Ο
647 895 729 939 lym
739 904 776 938 1).
793 894 999 928 LXXXVI.

158 953 254 988 Ami.
275 956 308 991 1-
353 952 580 998 Corcyraei,
620 951 904 986 Atheniensium
940 951 1163 987 societatem
1193 952 1314 996 nacti,
1362 953 1528 988 secundo

70 1013 217 1058 proelio
234 1012 397 1047 fundunt
414 1012 574 1046 classem
593 1007 885 1042 Corinthiorum.
916 1015 947 1040 c.
963 1010 1019 1043 33,

84 1060 86 1063 ’
163 1068 260 1103 Arm.
282 1072 315 1107 2.
361 1068 613 1104 Athenienses
629 1064 894 1105 Potidaeates‚
925 1063 972 1097 ab
993 1063 1084 1108 ipsis
1105 1063 1361 1109 abalienatos,
1382 1068 1530 1112 proelio

71 1127 190 1160 victos
215 1127 409 1161 obsidione
437 1127 624 1171 premunt.
663 1131 694 1157 c.
711 1123 768 1159 34.
791 1138 835 1149 -
876 1121 920 1156 ln
936 1119 1163 1166 Propontide
1186 1123 1301 1158 iidem
1318 1135 1452 1162 noram
1471 1136 1532 1160 ur-

71 1183 157 1217 bem
171 1208 181 1225 ,
202 1183 410 1226 Letanum,
437 1182 612 1217 condunt.

161 1241 178 1259 ³⁹
197 1238 355 1274 Romani
377 1240 561 1274 coloniam
582 1238 735 1272 mit-tunt
751 1235 928 1270 Ardeam.

162 1295 258 1333 Anu.
275 1300 310 1333 3.
359 1297 582 1330 Discordiae
609 1294 857 1335 Thuriorum,
888 1293 993 1327 cuius
1014 1293 1176 1327 civitatis
1203 1298 1332 1328 essent
1349 1295 1531 1329 coloniae.

77 1364 109 1388 c.
119 1355 175 1390 35.
194 1374 239 1380 —
266 1352 700 1392 MoriturArchidamus,
718 1351 1107 1384 Lacedaemoniorum
1129 1361 1216 1392 rex3
1247 1352 1413 1385 succedit
1429 1354 1531 1397 Agis.

166 1410 263 1447 Αηη.
281 1410 317 1446 4.
363 1410 556 1455 Spartaci,
582 1410 684 1453 regis
702 1408 934 1452 Bosporani,
958 1418 1071 1440 mors.
1116 1407 1305 1450 Metonis,
1334 1408 1535 1443 Athenien-

78 1469 142 1510 sis,
167 1469 456 1512 computationis
477 1466 754 1502 astronomicae
771 1475 870 1499 nova
885 1464 1026 1499 tabula.
1057 1464 1101 1498 In
1115 1465 1226 1499 Italia
1241 1465 1431 1500 Heraclea
1450 1477 1536 1500 con-

81 1526 172 1560 dita.
197 1536 227 1560 c.
248 1527 306 1564 36.

598 1577 631 1615 O
642 1580 656 1613 l
660 1591 684 1626 y
694 1589 727 1612 m
731 1588 768 1624 p.
786 1577 1017 1612 Lxxxvn.

165 1639 265 1674 Ann.
285 1642 316 1677 1.
362 1636 613 1672 Athenienses
631 1637 777 1685 proelio
796 1636 896 1682 apud
914 1634 1135 1669 Potidaeam
1156 1634 1332 1671 victores.
1381 1635 1553 1671 Obsidio.

76 1696 181 1730 urbis
207 1697 356 1741 longior
383 1698 423 1729 et
448 1695 614 1741 gravior.
653 1705 685 1729 c.
702 1696 760 1734 37.
801 1694 856 1730 Ab
886 1692 958 1727 hoc
980 1702 1078 1727 anno
1105 1690 1349 1737 Thucydides
1377 1702 1535 1728 exorsus

78 1753 289 1788 historiam.

169 1810 316 1846 Ann.2.
360 1808 460 1843 Belli
484 1807 799 1853 Peloponnesiaci
825 1807 987 1842 initium.
1050 1806 1195 1840 Causae
1216 1806 1328 1841 belli:
1367 1806 1539 1844 hortator

79 1867 259 1903 Pericles.
287 1878 316 1900 c.
332 1865 494 1904 38-40-
540 1865 834 1899 Lacedaemonii
853 1865 962 1908 primi
980 1862 1148 1897 inferunt
1164 1864 1304 1897 bellum
1318 1888 1328 1905 ,
1364 1866 1401 1898 vi
1429 1876 1540 1899 occu-

79 1929 170 1970 pata
192 1926 368 1965 Plataea,
401 1923 496 1957 urbe
522 1921 815 1957 Atheniensibus
841 1921 998 1955 foedere
1023 1921 1160 1957 iuncta.
1215 1922 1352 1964 Copiae
1382 1925 1420 1955 et
1444 1923 1541 1955 soeii

81 1980 484 2015 Lacedaemoniorum.
528 1979 918 2013 Lacedaemoniorum
950 1978 1072 2022 prima
1106 1979 1270 2012 incursio
1301 1978 1338 2011 in
1365 1979 1538 2016 Atticam,

81 2036 249 2072 Pericles
269 2039 389 2072 classe
407 2038 578 2073 adoritur
592 2036 906 2081 Peloponnesum,
928 2038 972 2069 ut
984 2033 1310 2069 Lacedaemonios
1324 2037 1446 2070 Attica
1463 2037 1541 2081 pel-

79 2094 191 2130 leret.
224 2106 255 2129 c.
271 2095 327 2132 41.
354 2095 411 2132 42.

171 2151 266 2188 Arm.
284 2155 318 2189 3.
350 2151 602 2187 Athenienses
619 2150 814 2183 incursant
834 2149 872 2182 in
883 2149 1187 2194 Peloponnesum
1205 2154 1252 2191 et]
1263 2150 1448 2184 sociorum
1467 2153 1543 2184 ter-

83 2219 160 2242 ras.
206 2209 499 2243 Lacedaemonii
525 2208 730 2241 secundam
755 2208 1010 2241 incursionem
1028 2207 1068 2241 in
1083 2208 1245 2243 Atticam
1262 2200 1418 2242 faciunt.
1466 2209 1543 2242 Cri-

84 2267 309 2299 minationes
328 2268 365 2299 in
383 2266 582 2301 Periclem.
617 2276 647 2300 e.
661 2263 822 2303 43--45.

176 2321 271 2355 Αηη.
289 2321 323 2357 4.
358 2323 518 2356 Periclis
532 2333 654 2365 mors;
680 2326 766 2367 post
784 2323 1096 2368 quemAgnonem
1115 2322 1383 2367 imperatorem
1400 2324 1543 2356 creant.

86 2379 160 2412 Hic
181 2378 400 2411 Potidaeam
426 2380 579 2414 tandem
603 2380 713 2424 capit.
746 2389 775 2415 c,
796 2380 853 2417 46.
908 2379 1085 2413 Phormio
1104 2379 1151 2413 ad
1169 2379 1402 2424 Naupactum
1426 2380 1544 2415 Lace-

90 2437 310 2469 daemonios
334 2436 564 2475 intercludit,
608 2435 854 2470 Archidamus
880 2437 1058 2471 Plataeas
1086 2443 1284 2482 oppugnat.
1333 2437 1544 2481 Xenophon

91 2498 130 2528 et
148 2491 432 2525 l‘hanomachus
447 2492 696 2527 Athenienses
713 2494 751 2526 in
770 2492 952 2535 Thracia3
984 2496 1146 2528 Cnemus
1163 2495 1487 2528 Lacedaemonius
1505 2496 1545 2528 in

89 2551 323 2593 Acarnania,
355 2549 497 2584 bellum
520 2554 672 2595 gerunt,
716 2549 895 2584 Phormio
914 2559 1041 2594 pugna
1053 2552 1176 2585 navali
1195 2552 1242 2585 ad
1259 2552 1393 2585 Rhium
1412 2553 1545 2586 victor.

92 2618 124 2643 c.
139 2608 195 2644 47.
213 2607 270 2646 48.

609 2662 691 2710 Oly
703 2674 777 2708 mp.
795 2663 1042 2698 Lxxxvm.

187 2722 286 2756 Anu.
303 2724 336 2758 1.
384 2721 546 2755 Cnemus
571 2722 680 2757 irrito
709 2726 846 2758 conatu
860 2722 899 2755 in
916 2717 1143 2756 Salaminem
1169 2721 1328 2763 traiisit,
1361 2723 1400 2756 et
1422 2719 1548 2757 Pirae-

102 2787 185 2812 eum
207 2778 346 2813 adoriri
363 2783 484 2823 parat.
520 2787 550 2812 c.
569 2776 614 2816 49
