1859 3326
314 184 402 224 170
776 173 1291 221 ANNOTATIONES
1350 216 1353 217 γ

305 293 447 347 gendis
474 293 620 331 fuerint
650 290 868 329 habiliores.
913 288 1008 328 lust.
1034 287 1190 338 Lipsius
1208 289 1413 329 Poliorcet.
1438 289 1481 328 L.
1500 288 1545 328 V.
1564 291 1620 338 9.,
1647 289 1750 329 haud

308 352 421 389 dubie
433 350 540 398 fuco
563 349 706 387 oblitas
726 348 856 400 pelles
876 345 1107 393 inprobans,
1137 347 1334 384 substituit
1363 346 1639 396 madefactas,
1670 350 1752 386 acsi

306 405 622 461 πεφυραμένας,
659 404 760 453 quod
781 405 854 441 sibi
876 402 965 439 dein
985 404 1024 439 in
1049 403 1321 453 cogitationem
1345 404 1497 442 venisse
1519 403 1572 440 Io.
1593 402 1749 441 Freins-

307 464 468 511 homins,
497 468 624 500 ratum
643 460 807 498 habente
825 458 1081 508 Berneggem,
1116 458 1163 495 ad
1182 457 1305 498 Curtii
1323 458 1366 496 L.
1387 459 1452 496 IV.
1473 461 1514 499 2.
1536 460 1610 500 23,
1633 466 1751 497 testa-

305 528 392 568 tur,
424 518 628 571 legendum
651 519 875 554 censuisset.
917 514 1012 560 Post
1042 527 1106 551 eos
1137 527 1267 552 omnes
1295 518 1404 553 venit
1426 515 1474 552 N.
1495 515 1748 565 Blancardus,

307 578 516 614 obmovens
535 571 966 621 interpretivitruvium
990 568 1032 606 L.
1053 569 1106 608 X.
1127 572 1521 622 20.‚quipercrudi8
1541 574 1664 610 coriis
1680 573 1752 610 du-

299 634 473 685 plicibus
501 632 695 678 consutis,
715 628 877 676 fat-ctis
905 627 1024 675 alga,
1057 633 1131 663 aut
1155 628 1289 677 paleis
1313 630 1352 666 in
1377 635 1492 665 aceto
1520 631 1752 676 maceratis,

304 689 503 727 machinas
522 688 652 736 obtegi
671 692 807 722 contra
827 685 1065 721 ballistarum
1084 684 1218 733 plagas
1238 689 1277 719 et
1298 686 1453 733 inpetus
1485 685 1753 722 incendiorum

306 753 437 782 monet
456 752 494 782 et
512 743 670 780 Arriani
691 743 752 779 sui
772 740 816 779 L.
839 739 887 779 II.
910 751 947 788 p.
973 740 1099 779 142:
1126 746 1273 777 rectum
1293 740 1453 789 proinde
1472 741 1598 778 videri
1617 755 1752 792 πεφυ-

305 800 493 852 κιιῃιένας
515 796 741 852 διφθέρας,
768 795 1069 843 vertendumque
1091 797 1218 847 pelles
1240 797 1336 845 alga
1353 796 1538 844 far-ctas.
1572 796 1754 833 Addidis-

306 872 388 895 sem
406 858 629 896 Plautinum
652 851 838 906 cugepae!
867 854 901 889 si
920 851 1188 899 Frehishemii,
1213 853 1410 900 productis
1432 852 1605 891 vitruvii
1623 853 1753 890 verbis

307 912 354 953 τὸ
379 909 677 967 πεαυκωμέιάς
702 909 857 947 defendi
876 915 914 945 et
938 910 1080 956 exponi
1102 921 1212 959 posse
1231 909 1462 958 indicantis,
1502 910 1645 946 oblitus
1674 921 1755 946 non

303 972 454 1012 fuisset,
492 968 592 1004 Vera
615 974 744 1004 tamen
766 971 946 1015 certaque
968 978 1030 1002 res
1052 971 1122 1003 est.
1158 964 1378 1003 Utebantur
1395 965 1443 1003 ad
1464 965 1635 1014 lapidum
1656 967 1754 1002 ictus

308 1026 649 1072 incendiorumque
672 1034 897 1075 progressus
917 1021 1170 1068 inpediendos
1199 1022 1313 1059 modo
1332 1022 1495 1072 pellibus
1514 1022 1754 1069 madefactis,

303 1078 635 1135 ῥερυσσω,ῑιέιάις
656 1079 724 1118 καὶ
759 1078 921 1124 διπλαῖς
939 1077 1173 1128 Apollodoro
1193 1076 1396 1115 Poliorcet.
1415 1091 1451 1128 p.
1478 1078 1566 1126 15.‚
1593 1077 1754 1114 subinde

305 1139 470 1187 pellibus
489 1138 577 1187 alga
599 1137 746 1184 farctis,
778 1132 1092 1186 πεφυκιυμέναις
1112 1132 1305 1181 Diodoro,
1335 1141 1402 1172 aut
1421 1129 1538 1187 φύκει
1558 1133 1677 1188 διερῷ
1699 1133 1756 1179 εἷς

303 1195 451 1234 δίκτυα
482 1187 732 1245 ἐμβαλόντες
764 1190 917 1228 Philoni
943 1190 1151 1229 Poliorcet.
1182 1202 1218 1240 p.
1240 1191 1328 1238 99„
1347 1192 1411 1228 vel
1432 1191 1548 1227 etiam
1567 1186 1757 1243 φορμοὺς

304 1251 585 1302 ἓμπιπλῶντες
606 1244 769 1301 ἀχύρων
788 1243 814 1298 ἢ
840 1242 999 1298 φύκους
1024 1246 1118 1283 ibid.
1139 1259 1176 1296 p.
1204 1248 1306 1286 100.
1341 1246 1449 1284 Adde
1472 1245 1639 1283 Leonem
1658 1245 1753 1295 hup.

303 1308 452 1345 'l'actic.
472 1305 559 1342 XV.
581 1306 671 1353 48,
696 1307 853 1352 eiusque
875 1303 1134 1341 declarantem
1157 1303 1277 1342 verba
1295 1302 1346 1343 Is.
1370 1301 1584 1341 Casaubon.
1606 1302 1656 1340 ad
1676 1302 1754 1340 Ae-

303 1376 416 1403 neam
441 1376 475 1412 p.
503 1362 638 1402 1794.
662 1361 720 1398 ed.
744 1359 918 1398 Gronov.
950 1358 1089 1397 Wcss.

422 1430 525 1470 194.
561 1429 633 1468 50.
672 1423 960 1479 Τεθαῤῥηκιὺς
988 1422 1065 1477 τὴν
1093 1423 1193 1477 βίαν
1226 1446 1274 1454 ·-
1305 1420 1491 1478 ὖπὲστη]
1529 1425 1757 1479 Elegantiae

304 1488 470 1536 speciem
489 1486 674 1534 praefert,
707 1483 809 1533 quod
827 1482 923 1533 Reg.
950 1485 989 1523 l.
1012 1483 1089 1520 dat.
1126 1482 1169 1519 ld
1191 1490 1231 1520 tu
1252 1482 1414 1532 adopta,
1449 1485 1481 1519 si
1502 1484 1627 1520 lubet:
1660 1482 1757 1520 mihi

304 1557 384 1581 non
409 1543 590 1590 displicet
610 1542 822 1590 vulgatum.
855 1538 913 1575 De
934 1539 1089 1576 Admeti
1119 1545 1242 1576 morte
1269 1540 1384 1577 aliter
1414 1538 1568 1578 Arrian.
1597 1538 1647 1580 II.
1678 1540 1753 1579 23.

303 1599 372 1639 καὶ
394 1597 569 1649 νομίσας
588 1593 761 1647 αἶσχρόν
783 1592 898 1635 εἶναι.
937 1595 1012 1633 Adi
1031 1595 1137 1634 Curt.
1160 1595 1202 1631 L.
1223 1595 1284 1633 IV.
1308 1596 1350 1636 4.
1375 1597 1418 1635 2.
1449 1595 1586 1637 VVESS.

420 1668 439 1706 1
452 1667 524 1705 95.
548 1666 621 1705 60.
646 1657 852 1713 Ἀμύνταν
873 1659 946 1703 τὸν
962 1659 1280 1715 Ἀνδρομένους]
1298 1662 1560 1700 Andromenis
1567 1662 1757 1712 fratrem

303 1726 366 1763 vir
386 1723 544 1768 doctus,
572 1732 650 1756 non
671 1721 754 1755 sine
774 1732 917 1765 errore,
950 1732 1062 1768 quem
1081 1718 1370 1757 Freinshemius
1392 1720 1433 1756 in
1453 1718 1586 1757 Indice
1605 1718 1757 1757 Curtia-

303 1793 354 1817 no
374 1781 523 1828 operis,
557 1777 724 1824 deceptis
744 1782 837 1812 nota
856 1774 915 1821 F„
941 1777 1116 1823 inputat,
1150 1787 1210 1811 me
1241 1787 1320 1811 non
1344 1776 1586 1823 obloquente.
1633 1775 1756 1812 Filius

302 1836 561 1872 Andromenis
597 1838 690 1871 erat.
755 1831 844 1870 Vid.
876 1830 982 1869 Curt..
1014 1831 1098 1869 VII.
1135 1832 1172 1872 1.
1212 1832 1285 1873 10.
1326 1837 1365 1868 et
1392 1831 1546 1873 Arrian.
1580 1831 1648 1869 ΙΙΙ.
1683 1832 1753 1873 19.

300 1892 442 1930 less.

419 1946 522 1991 195.
548 1946 621 1985 79.
652 1940 811 1990 Ἐνιόυς
838 1941 878 1982 δ’
917 1939 1023 1998 αὐτῇ
1041 1942 1092 1995 τῇ
1114 1942 1350 1999 περιφερείᾳ
1368 1943 1443 1994 τῆς
1464 1940 1642 1989 ἀσπίδος
1657 1943 1756 1994 etc]

303 2002 415 2041 Conf.
446 2003 620 2051 Lipsium
649 2000 695 2036 de
733 1999 850 2038 Milit.
882 1998 994 2037 Rom.
1026 1998 1068 2036 L.
1101 1998 1166 2036 III.
1190 2001 1233 2039 2.
1270 1999 1485 2039 Alexandri
1511 2003 1756 2037 temerariam

303 2061 403 2097 hanc
433 2060 633 2096 audaciam
653 2057 807 2094 Arriau.
838 2055 904 2094 III.
925 2057 999 2096 24.
1029 2062 1067 2092 et
1089 2053 1244 2092 Curtius
1266 2054 1309 2092 L.
1334 2054 1398 2094 IV.
1417 2056 1462 2096 4.
1491 2058 1576 2104 ll.,
1603 2059 1646 2094 in
1672 2059 1755 2107 ple-

303 2120 433 2165 risque
458 2115 623 2152 Diodori
652 2126 731 2151 non
754 2114 1017 2160 consentanei,
1046 2114 1273 2164 attigerunt.
1298 2111 1433 2149 WEss.

420 2183 524 2224 195.
559 2183 633 2223 90.
663 2180 845 2227 Πλείους
867 2182 952 2222 τῶν
971 2176 1311 2231 ἑπτακισχιλίων]
1340 2179 1494 2218 Arrian.
1519 2177 1561 2215 L.
1588 2178 1655 2218 111.
1679 2176 1756 2219 24.

305 2238 346 2286 ἒς
375 2236 713 2288 ὀκτακισχιλίους.
749 2236 903 2275 Curtius
924 2236 965 2273 L.
989 2236 1054 2275 IV.
1079 2236 1121 2275 4.
1149 2237 1220 2275 16.
1251 2237 1361 2272 intra
1382 2237 1622 2274 munimenta
1647 2236 1757 2273 urbis

305 2309 377 2333 sea:
396 2296 522 2332 millia
547 2301 793 2332 armatorum
817 2295 1013 2332 trucidati
1030 2298 1138 2339 sunt,
1169 2304 1308 2343 prave,¹
1333 2294 1491 2343 opinor:
1529 2295 1758 2343 praesertim

305 2365 394 2390 cum
416 2354 552 2399 scripti
572 2350 690 2389 Codd.
715 2363 796 2388 non
813 2352 1046 2399 conspirent.
1084 2348 1220 2386 WVESS.

425 2418 528 2459 195.
564 2419 637 2458 96.
677 2416 820 2457 Inessa
848 2418 932 2456 τῶν
956 2414 1117 2468 μυρίων
1152 2412 1219 2453 καὶ
1249 2412 1516 2470 τρισχιλίων]
1544 2414 1757 2453 Numerum

305 2477 545 2527 captivorum
567 2473 813 2512 vehementer
833 2479 948 2523 auget
965 2472 1116 2509 Arrian.
1139 2471 1230 2507 dict.
1255 2472 1355 2517 loco,
1373 2467 1557 2522 μάλιστα.
1575 2470 1615 2517 ἐς
1637 2485 1755 2523 τρισ-

302 2530 477 2583 μυρίους
497 2531 616 2567 fuisse
636 2529 855 2577 perhibens.
890 2528 986 2568 Uter
1006 2541 1141 2567 verum
1159 2527 1385 2577 prodiderit,
1413 2530 1499 2577 quis
1527 2535 1631 2566 certo
1651 2540 1755 2564 nunc

306 2583 511 2626 decernet?
550 2585 687 2623 VVESS.

424 2642 527 2685 195.
559 2642 635 2683 99.
683 2640 841 2692 Mfflag
871 2635 1000 2690 ἔπτὰ]
1039 2639 1127 2678 Vid.
1154 2638 1256 2677 Plut.
1276 2638 1487 2678 Alexandr.
1516 2651 1553 2690 p.
1583 2639 1690 2679 679.
1717 2645 1755 2676 et

305 2711 402 2749 quae
423 2698 704 2748 disputavimus
727 2696 774 2735 ad
800 2696 845 2736 L.
866 2695 976 2735 XIII.
1003 2697 1107 2737 108.
1137 2696 1278 2734 Wssss.

421 2767 525 2808 195.
552 2767 593 2806 6.
620 2761 948 2815 Ὀνομαζόμενον
972 2759 1274 2815 Βαλλιῦνυμον]
1306 2762 1351 2799 In
1371 2761 1497 2811 reguli
1518 2763 1673 2799 nomine
1693 2763 1753 2799 in-

306 2821 431 2873 signis
451 2829 511 2859 est
524 2820 725 2859 discordia.
742 2818 874 2858 Curtio
890 2822 932 2858 in
952 2820 1064 2858 editis
1084 2819 1364 2857 recentioribus
1380 2817 1656 2856 Abdolominus
1675 2819 1752 2856 sic-
