1891 3310
398 208 679 240 OECONOMIA
715 206 988 239 HISTORIAE
1025 209 1248 241 DIODORI.
1385 211 1553 244 CXXXV

91 304 244 340 diversa
263 302 569 348 deprehenditur.
617 304 752 339 Totius
770 305 896 349 operis
913 306 1067 349 partitio
1091 305 1192 339 facta
1218 309 1276 339 est
1296 316 1362 349 per
1392 307 1545 350 epochas

92 372 160 394 seu
186 361 512 396 memorabiliores
541 365 716 403 eventus,
762 363 823 407 qui
859 364 895 396 in
931 363 1148 396 universum
1178 362 1320 396 fuerint
1345 366 1544 400 notabiles.

91 419 183 451 Cum
211 418 356 452 scilicet
380 418 608 452 destinatum
636 418 795 454 haberet
818 420 1028 462 Diodorus,
1063 421 1227 453 omnium
1249 423 1458 463 temporum
1479 434 1540 457 res

80 474 328 525 describere,
353 486 509 520 quorum
528 474 785 519 qualiscunque
801 476 929 510 nolitia
955 477 1002 510 ad
1022 480 1194 521 posteros
1211 477 1395 510 translata
1414 478 1540 522 fuerit,
1596 478 1599 481 ’

87 542 210 576 neque
230 542 311 565 eam
332 538 495 566 aetatem
516 534 823 576 praetermittere
846 535 982 576 voluit,
1015 535 1119 567 cuius
1138 544 1201 567 res
1222 533 1384 577 mythis,
1416 536 1453 568 id
1481 541 1540 570 est

87 589 252 623 rudioris
279 591 416 623 aetatis
442 601 638 633 sermone,
671 596 780 624 erant
797 593 1028 635 propositae.
1071 591 1204 636 ltaque
1225 601 1372 625 omnem
1394 594 1538 628 seculo-

86 657 169 679 rum
190 648 328 681 seriem
348 649 382 679 in
404 645 481 680 tres
499 648 675 691 periodos
697 648 915 692 descripsit:

133 698 142 701 k
201 705 229 741 Ι,
264 703 440 737 I'eriodus
458 703 632 749 mythicon,
673 715 784 748 usque
807 706 856 739 ad
878 704 1025 739 Troiam
1043 715 1066 738 a
1087 704 1235 738 Graecis
1253 711 1406 748 captam.

199 763 246 797 ΙΙ.
279 761 455 795 Periodus
475 760 648 796 historica
663 761 804 808 prima,
828 773 939 806 usque
957 763 1006 796 ad
1018 762 1265 797 Alexandrum
1284 761 1335 796 M.

199 818 268 854 ΙΙΙ,
302 818 477 852 Periodns
504 817 676 853 historica
692 818 835 861 ulcera,
881 831 990 864 nsque
1016 820 1065 854 ad
1090 819 1210 854 divum
1235 819 1365 854 Caium
1392 818 1528 854 Iulium

293 874 500 908 Caesarem.

71 977 76 983 ,
174 934 294 974 Quam
312 932 494 965 historiae
512 933 712 967 universae
729 934 973 977 partitionem
991 945 1066 968 non
1083 934 1205 968 solum
1228 938 1307 970 toto
1331 935 1430 969 libro
1448 946 1532 979 pro-

81 991 221 1033 ditam,
255 991 323 1025 sed
346 990 541 1035 prooemio
567 991 681 1023 etiam
706 990 763 1025 his
789 991 916 1025 verbis
942 991 1173 1025 declaratam
1198 992 1530 1036 deprehendimus:

79 1047 311 1092 „Proposito
330 1048 377 1081 ad
394 1047 510 1081 finem
528 1048 729 1091 perducto,
766 1049 813 1082 de
840 1050 966 1092 operis
985 1049 1151 1082 universi
1170 1049 1292 1083 forma
1313 1051 1532 1094 praecipere

68 1105 186 1150 libet.
231 1105 260 1140 Ι.
283 1104 402 1138 Primi
419 1115 482 1139 sex
503 1104 585 1138 libri
602 1115 664 1139 res
683 1109 721 1139 et
739 1104 886 1140 fabulas
900 1107 1002 1140 bello
1019 1107 1186 1140 Troiano
1204 1109 1420 1151 superiores
1437 1118 1534 1140 com-

74 1163 312 1206 plectantur,
350 1163 403 1196 ita
419 1162 591 1207 quidem,
614 1167 656 1195 ut
672 1162 792 1196 tribus
809 1164 999 1206 prioribus
1017 1163 1287 1207 barbarorum,
1309 1165 1533 1208 posteriori-

76 1219 148 1254 bus
169 1220 290 1253 tribus
307 1218 539 1253 Graecorum
558 1220 822 1264 antiquissima
839 1219 999 1254 historia
1016 1224 1258 1265 proponatur.
1302 1222 1386 1255 Hac
1408 1222 1532 1254 altera

73 1282 188 1322 parte
216 1278 249 1310 si
275 1280 429 1321 praeter
455 1275 641 1317 Graecos,
676 1288 834 1321 quorum
865 1277 1102 1322 mythologia
1127 1277 1208 1311 sola
1225 1278 1411 1312 tradenda
1433 1282 1531 1320 erat,

74 1335 205 1381 plures
233 1338 272 1368 et
298 1334 395 1368 alius
420 1335 575 1378 generis
592 1334 748 1378 populos
772 1334 983 1378 descriptos
998 1334 1282 1378 deprehendas,
1315 1336 1461 1369 scilicet
1475 1339 1532 1367 te-

75 1392 242 1426 nendum
277 1395 360 1432 est,
401 1391 560 1424 eandem
588 1391 815 1424 destinatam
844 1392 982 1434 fuisse,
1014 1396 1076 1435 ut,
1109 1393 1365 1437 supplementi
1395 1393 1533 1434 instar,

78 1459 208 1483 eorum
242 1448 464 1492 populorum
505 1449 804 1492 antiquissimam
838 1449 1035 1485 historiam
1069 1450 1407 1495 complecteretur,
1464 1449 1532 1493 qui

73 1507 194 1550 priori
220 1510 326 1550 parte
356 1504 500 1538 fuerint
520 1507 660 1542 omissi.
707 1506 756 1540 Π.
794 1505 964 1540 L‘mIecim
989 1506 1108 1550 libris,
1142 1509 1204 1553 qui
1221 1507 1290 1542 hos
1317 1510 1528 1552 sequuntur

77 1562 357 1608 (Vll—XVII)
371 1586 382 1603 ,
413 1572 476 1595 res
503 1572 573 1606 per
596 1563 813 1597 universum
841 1568 1028 1598 terrarum
1043 1565 1175 1599 orbem
1193 1569 1323 1609 gestas
1341 1574 1459 1609 usque
1477 1563 1528 1597 ad

75 1621 219 1655 obitum
237 1620 441 1655 Alexandri
457 1619 511 1658 M,
529 1619 810 1664 descripsimus.
850 1621 917 1657 ΙΙΙ.
940 1620 1070 1658 Libris*
1082 1621 1215 1667 viginti
1231 1622 1361 1664 tribus,
1385 1620 1528 1664 (XVIII

62 1668 217 1721 '-XL)
246 1679 307 1722 qui
325 1678 457 1710 ultimo
477 1676 560 1710 loco
581 1684 810 1720 sequuntur,
850 1679 1016 1722 reliquas
1034 1689 1097 1713 res
1114 1683 1269 1713 cunctas
1286 1679 1417 1712 ordine
1437 1688 1527 1722 per-

77 1737 198 1770 secuti
217 1745 346 1771 sumus
364 1745 483 1778 usque
502 1734 549 1767 ad
566 1734 713 1767 initium
731 1735 821 1768 belli
835 1734 1089 1770 Romanorum
1111 1736 1294 1770 adversus
1314 1736 1445 1769 Gallos
1463 1745 1528 1780 ge·

76 1795 140 1829 sti.
163 1814 209 1819 —
239 1792 347 1833 Quod
365 1796 490 1824 autem
508 1790 742 1836 ad'tempora
760 1794 916 1835 attinet,
938 1792 1008 1827 hoc
1025 1804 1140 1838 opere
1161 1791 1454 1836 comprehensa,
1480 1803 1527 1826 ea

75 1851 240 1897 quidem,
267 1860 362 1896 quae
381 1849 521 1882 bellum
537 1849 742 1882 Troianum
760 1850 1002 1892 antecedunt,
1025 1852 1139 1884 certis
1156 1852 1288 1894 spatiis
1307 1850 1525 1885 discernere

75 1919 151 1942 non
178 1910 261 1942 ausi
284 1917 432 1948 sumus,
469 1906 572 1939 nulla
591 1910 765 1941 exstante
786 1917 937 1950 norma,
963 1909 1022 1942 cui
1038 1907 1154 1942 fidem
1173 1907 1314 1941 habere
1333 1909 1526 1951 potuisse-

74 1976 172 1999 mus.
214 1967 243 2000 A
259 1965 360 1999 bello
379 1967 506 1996 autem
527 1963 713 2006 Troiano,
738 1965 942 1999 secundum
959 1965 1228 2011 Apollodorum
1246 1964 1528 2006 Atheniensem,

73 2023 220 2057 LXXX
244 2033 364 2057 annos
390 2030 509 2065 usque
539 2020 587 2054 ad
615 2021 780 2054 reditum
800 2022 1094 2057 Heraclidarum
1119 2023 1337 2064 statuimus3
1377 2022 1423 2055 ab
1454 2020 1526 2055 hoc

72 2092 194 2126 usque
213 2081 260 2115 ad
281 2079 546 2125 Olympiadem
569 2080 750 2125 primam,
781 2080 1036 2115 CCCXXVIII
1061 2090 1202 2123 annos,
1235 2089 1258 2113 a
1274 2079 1430 2124 regibus
1448 2078 1527 2112 La-

74 2139 404 2173 cedaemoniorum
436 2140 611 2180 tempora
645 2142 926 2180 computantem
975 2148 999 2171 a
1031 2139 1153 2183 prima
1177 2140 1304 2170 autem
1336 2137 1526 2181 Olympia-

75 2197 123 2230 de
149 2207 267 2241 usque
293 2196 341 2230 ad
366 2196 515 2230 initium
545 2193 679 2226 Gallici
708 2194 820 2235 belli,
872 2205 945 2239 quo
983 2195 1093 2229 finita
1119 2198 1179 2229 est
1199 2193 1358 2228 historia
1381 2199 1526 2236 nostra,

73 2253 279 2286 DCCXXX
309 2263 437 2286 annos.
502 2251 621 2291 Quam
648 2251 694 2285 ob
711 2261 791 2284 rem
810 2261 902 2295 opus
927 2253 1168 2294 universum„
1206 2251 1276 2287 XL
1300 2252 1407 2286 libris
1440 2262 1524 2285 con-

56 2302 202 2351 stans,
237 2320 356 2343 annos
381 2300 652 2343 MCXXXVIII
676 2308 981 2352 comprehendit,
1022 2311 1191 2356 exceptis
1209 2312 1339 2344 tamen
1362 2310 1426 2353 iis,
1460 2308 1524 2354 qui

74 2377 194 2412 usque
215 2367 264 2400 ad
281 2367 423 2400 bellum
441 2367 649 2400 Troianum
665 2371 753 2399 sunt
769 2367 900 2410 elapsi.
910 2370 937 2389 aa

368 2453 708 2494 Prooemium
745 2457 935 2508 operis
965 2457 1227 2496 universi.

167 2533 276 2568 Libri
306 2535 419 2579 primi
450 2535 573 2578 capita
602 2535 766 2578 quinque
795 2536 925 2579 priora
942 2535 1185 2582 praefationis
1218 2534 1328 2569 vicem
1360 2533 1526 2576 explent,

78 2604 153 2638 qua
167 2593 357 2626 Diodorus
376 2602 422 2626 ca
440 2591 656 2635 complexus
675 2595 746 2633 est,
771 2602 866 2636 qnae
881 2593 1046 2627 lectores
1064 2595 1111 2627 ad
1129 2591 1415 2636 intelligendum
1434 2591 1524 2623 scri-

50 2644 54 2645 ⁷
77 2651 197 2694 ptoris
226 2650 422 2683 conffllium
448 2649 609 2693 librique
631 2658 740 2681 usum
763 2650 860 2682 scire
887 2651 1098 2693 oportebat.
1152 2650 1376 2694 Singulatim
1410 2648 1526 2690 expli—

81 2711 213 2741 cantur
231 2706 343 2740 haec:
379 2709 414 2749 l)
443 2705 645 2746 historiae,
671 2709 710 2737 et
730 2705 880 2748 quidem
899 2706 1125 2748 catholicae,
1153 2707 1351 2749 multiplex
1371 2705 1527 2755 utilitas.

83 2764 172 2809 Cap.
185 2767 216 2800 1.
233 2767 268 2801 Ξ.
312 2767 349 2810 2)
376 2764 541 2798 Caussae
560 2763 818 2808 inquiruntur,
848 2763 895 2798 ob
920 2774 1015 2808 quas
1039 2768 1128 2798 ante
1147 2773 1171 2797 a
1186 2764 1337 2798 nemine
1361 2761 1526 2795 scriben-
