1859 3326
332 200 428 243 238
708 226 711 231 -
805 194 1323 236 ANNOTATIONES

332 312 574 353 Exciderant
593 323 687 362 ergo
706 310 777 348 sub
797 309 955 361 Olymp.
977 319 1063 348 cnr.
1083 322 1228 348 annum
1246 311 1420 360 tertium,
1433 324 1510 361 quo
1528 310 1691 350 Athenis
1711 311 1786 350 Ar-

335 371 437 409 chon
456 368 738 418 Cephisodotus
759 367 846 406 fuit.
875 366 993 416 Atqui
1006 365 1169 403 Athenis
1188 368 1229 404 in
1253 381 1334 405 eam
1355 370 1520 406 insulam
1542 369 1672 406 coloni
1694 376 1786 405 sunt

333 428 445 466 missi
473 425 666 463 Archonte
695 422 945 473 Nicophemo.
986 421 1225 460 Scholiastes
1250 425 1418 462 ineditus
1446 426 1488 461 in
1511 424 1690 462 Aeschin.
1718 425 1786 462 Or.

332 487 376 523 in
395 481 591 521 Timarch.
617 495 652 531 p.
675 484 716 522 8.
751 478 806 525 εἷς
831 476 977 530 Σάμον
1006 476 1198 530 ἔπεμψαν
1217 476 1471 532 κληρούχους
1483 478 1702 532 Ἀθηναῖοι
1722 480 1787 520 ἐπὶ

333 538 536 594 ἄρχοντος
549 533 751 591 Ἀθήνῃσι
771 531 1038 589 Νικοφήμου.
1079 537 1155 580 Qui
1181 537 1332 585 quidem
1350 536 1611 587 Nicophemus
1633 551 1718 575 cum
1739 551 1784 574 eo

332 599 560 648 magistratu
574 597 624 632 sit
642 595 798 632 functus
813 605 915 630 anno
936 599 1074 641 quarto
1085 592 1239 643 Olymp.
1260 604 1341 631 clv.
1360 594 1613 631 obtinuerunt
1629 592 1788 631 Samum

334 654 591 691 Athenienses
610 652 732 701 spatio
750 662 940 686 annorum
959 659 1146 689 xxxvm.
1185 648 1253 687 Sic
1272 652 1415 688 iustum
1431 651 1534 688 foret
1551 653 1593 688 in
1613 649 1786 688 Diodoro

335 708 406 762 ἔτη
427 708 535 762 τρισὶ
559 705 705 746 δέοντα
726 708 809 744 sive
830 703 1024 745 λείποντα
1041 708 1125 746 τῶν
1145 701 1471 760 τεσσαράκοντα.
1500 706 1543 744 Id
1565 720 1660 745 vero
1679 714 1789 745 vetat

334 767 572 816 Dionysius,
601 776 649 800 ex
663 761 896 800 Philochoro
916 764 959 799 in
978 764 1101 800 serius
1119 768 1269 812 tempus
1286 763 1581 801 Atheniensium
1602 762 1701 800 hanc
1723 777 1789 801 co-

333 825 481 861 loniam
500 822 693 858 reiiciens.
721 818 987 856 Adscribenda
1007 819 1126 856 verba
1149 828 1239 856 sunt
1259 832 1308 857 ex
1329 822 1411 857 eius
1422 819 1608 857 Dinarch.
1630 833 1668 868 p.
1684 822 1788 861 118.

339 877 392 919 Οἳ
410 877 488 930 μὲν
506 874 584 930 γὰρ
609 876 665 923 εἷς
686 871 832 926 Σάμον
850 872 1151 922 ἀποσταλέντες
1168 877 1389 929 κληροῧχοι
1417 874 1524 915 κατὰ
1544 878 1694 916 τοῦτον
1714 874 1788 916 τὸν

333 933 516 987 ἄρχοντα
545 926 896 986 (Ἀριστόδημον)
924 927 1239 984 ἀπεστάλησαν,
1278 927 1335 978 ὡς
1365 929 1597 985 Φιλόχορος
1625 932 1667 972 ἐν
1696 937 1789 979 ταῖς

334 991 535 1045 ἱστορίαις
559 988 672 1041 λέγει.
703 988 968 1026 Aristodemus
988 991 1030 1026 in
1047 991 1174 1039 patria
1193 990 1287 1026 urbe
1305 996 1522 1037 praeturam
1542 990 1790 1027 administra-

334 1052 395 1088 vit
423 1061 526 1085 anno
557 1047 711 1097 Olymp.
742 1055 840 1081 cvn.
869 1048 1007 1093 primo.
1061 1045 1119 1082 Ab
1141 1059 1185 1083 eo
1204 1045 1254 1083 ad
1273 1044 1576 1096 Cephisodorum
1592 1048 1790 1083 numerari

333 1111 499 1157 possunt
518 1106 611 1141 anni
628 1113 734 1140 xxx.
775 1101 900 1152 Finge
931 1109 1116 1150 sequente
1145 1115 1272 1150 anno,
1309 1114 1384 1151 quo
1411 1101 1567 1139 Archon
1594 1101 1789 1139 Philocles

336 1170 430 1210 erat,
455 1161 615 1199 rediisse
628 1158 793 1206 Samios,
817 1159 919 1208 quod
938 1171 1066 1195 rerum
1085 1160 1202 1195 series
1223 1172 1317 1196 vero
1339 1160 1435 1195 facit
1455 1158 1598 1205 adfine,
1627 1165 1664 1195 et
1683 1171 1787 1195 anno

333 1226 424 1257 ante
452 1216 736 1254 Aristodemum
770 1215 923 1252 eosdem
950 1217 1078 1252 insula
1106 1216 1227 1252 fuisse
1258 1215 1503 1262 deturbatos,
1540 1222 1688 1252 rectum
1710 1217 1787 1253 erit

332 1273 403 1328 ἔτη
424 1273 531 1326 τρισὶ
550 1271 675 1312 πλείω
698 1273 782 1312 τῶν
805 1267 1038 1323 τριάκοντα.
1065 1271 1190 1320 Atque
1204 1270 1276 1308 hoc
1289 1273 1402 1308 malo.
1426 1271 1525 1308 Nam
1547 1270 1786 1309 Scholiastae

333 1335 415 1370 eius
445 1333 570 1368 levior
599 1328 700 1378 apud
729 1342 790 1365 me
818 1330 1032 1365 auctoritas
1063 1335 1142 1375 est,
1180 1334 1218 1364 et
1238 1328 1283 1364 de
1304 1327 1488 1378 Dionysii
1509 1330 1551 1365 in
1572 1327 1633 1365 his
1655 1341 1785 1366 errore

331 1388 501 1438 suspicio
522 1388 629 1424 nulla
648 1399 731 1422 esse
748 1391 904 1435 propter
923 1384 1105 1422 adiuncta
1124 1385 1170 1421 de
1181 1383 1369 1422 Dinarchi
1388 1391 1514 1422 aetate
1533 1390 1672 1434 potest.
1693 1384 1785 1422 Mit-

330 1451 370 1483 to
400 1445 446 1481 de
475 1444 619 1481 Neocle
646 1442 809 1489 addere,
846 1448 955 1492 patre
978 1440 1159 1489 Epicuri,
1189 1442 1256 1489 qui
1276 1454 1296 1477 e
1320 1442 1543 1478 colonorum
1567 1440 1784 1480 Atticorum

330 1514 491 1539 numero
524 1507 607 1537 erat
645 1497 838 1536 Strabone
858 1498 902 1539 L.
927 1497 1036 1535 XlV.
1057 1511 1092 1548 p.
1115 1499 1221 1538 946.
1250 1504 1288 1534 et
1310 1497 1486 1549 Diogene
1503 1498 1691 1545 testibus,
1717 1498 1785 1535 de-

330 1570 403 1608 que
425 1564 549 1595 aetate
567 1556 751 1605 Epicuri,
791 1562 829 1592 et
849 1554 1085 1592 Aristodemi
1105 1555 1377 1604 magistratum
1396 1557 1555 1605 propius
1572 1556 1694 1592 multo
1713 1568 1784 1593 ac-

330 1615 490 1652 cedente
519 1625 630 1662 quam
651 1612 805 1660 quidem
826 1611 1067 1660 Nicophemi.
1095 1612 1232 1649 WVESS.

443 1683 550 1722 272.
583 1682 655 1721 58.
674 1677 764 1720 Ἵνα
790 1678 834 1719 δὲ
853 1676 912 1731 μὴ
935 1675 1102 1731 μακρὰν
1123 1678 1217 1729 etc.]
1249 1677 1336 1716 Hoc
1355 1679 1522 1727 placuit,
1548 1681 1686 1729 quippe
1706 1680 1785 1716 ele-

329 1736 600 1837 {antiuzkrlssse
622 1738 716 1790 fuga
734 1737 898 1786 Harpali
926 1738 1166 1786 traiectuque
1194 1738 1237 1773 in
1268 1735 1421 1774 Cretam
1463 1736 1565 1773 dixit
1591 1735 1635 1773 L.
1651 1735 1779 1774 XVII.

441 1864 549 1902 272.
578 1863 652 1903 67.
680 1857 844 1901 ’Όντων
865 1855 1194 1911 ἑπτακισχιλίων]
1217 1857 1440 1908 Superioris
1456 1859 1549 1897 libri
1570 1872 1653 1909 cap.
1675 1861 1779 1901 108.

325 1921 494 1957 militum
517 1929 559 1955 Vl
581 1920 702 1956 millia
722 1917 934 1966 Harpalum
955 1919 1125 1967 coegisse
1146 1917 1318 1963 dixerat,
1355 1929 1428 1953 nec
1447 1919 1557 1967 plura
1580 1930 1781 1954 enumera-

325 1979 385 2014 vit
404 1975 591 2012 Arrianus
624 1975 723 2024 apud
749 1975 861 2014 Phot.
885 1973 978 2013 Cod.
1002 1972 1123 2011 XCII.
1152 1986 1188 2022 p.
1209 1975 1316 2013 217.
1346 1973 1473 2016 Quare
1498 1969 1779 2024 ἑξακισχιλίων

325 2032 592 2082 retingendum
611 2044 697 2068 cum
717 2031 768 2071 N.
793 2030 1010 2069 Blancardo
1037 2029 1087 2068 ad
1105 2030 1259 2068 Arrian.
1279 2028 1429 2078 Exped.
1448 2029 1491 2068 L.
1509 2029 1594 2068 Vll.
1613 2041 1652 2080 p.
1671 2031 1781 2071 467.

323 2088 465 2126 Wssss.
1559 2103 1562 2105 >

438 2157 548 2195 272.
572 2157 643 2195 76.
673 2149 909 2208 Κυριεῦσας
931 2151 976 2194 δὲ
1000 2156 1074 2195 τοῦ
1095 2151 1283 2206 λιμένος]
1313 2150 1465 2204 Cyrene
1484 2160 1566 2191 erat
1588 2151 1630 2193 ἐν
1651 2167 1780 2193 awo-

325 2210 427 2267 yet'q,
455 2219 498 2248 ut
517 2210 678 2261 Scylax,
707 2213 804 2259 sive,
829 2212 1148 2260 quemadmodum
1170 2210 1325 2258 Strabo,
1349 2209 1391 2248 ἐν
1409 2209 1690 2263 τραπεζοειδεΐ
1703 2225 1778 2249 πε·-

326 2267 400 2321 δίῳ
413 2296 424 2315 ,
457 2269 631 2305 seiuncta
652 2282 675 2305 a
696 2275 808 2318 portu
829 2281 897 2305 suo
918 2267 1172 2318 Apolloniade
1190 2268 1397 2304 intervallo
1417 2267 1630 2304 stadiorum
1649 2276 1779 2304 LXXX.

325 2324 424 2361 Vide
454 2332 680 2372 utrumque,
715 2324 817 2362 hunc
845 2323 889 2362 L.
913 2324 1041 2362 XVII.
1063 2338 1099 2374 p.
1127 2325 1276 2370 ll94-,
1302 2324 1411 2360 illum
1433 2323 1575 2373 Peripl.
1607 2337 1644 2373 p.
1669 2324 1774 2363 109.

325 2380 420 2418 Mox
439 2380 506 2418 καὶ
527 2377 805 2432 πολιορκήσας
829 2393 876 2417 ex
896 2380 992 2432 Reg.
1017 2384 1059 2421 2.
1078 2381 1330 2432 praeferrem:
1358 2392 1521 2428 namque
1538 2379 1672 2416 urbem
1692 2381 1777 2427 pri-

323 2451 385 2475 mo
406 2439 540 2486 inpetu
569 2450 592 2474 a
612 2436 848 2475 Thimbrone
869 2445 1128 2489 expugnatam
1145 2439 1292 2485 fuisse,
1319 2435 1421 2473 haud
1440 2438 1573 2485 liquet.
1611 2435 1749 2474 VVESS.

435 2505 543 2544 272.
568 2506 640 2544 79.
676 2500 874 2543 Τάλαντα
899 2500 1178 2556 πεντακόσια]
1210 2504 1312 2542 Dedi
1333 2505 1486 2554 scriptis
1503 2504 1627 2551 libris,
1651 2509 1696 2540 ut
1717 2504 1774 2541 ita

323 2562 594 2612 corrigeretur.
629 2560 792 2598 Abunde
820 2573 970 2611 quoque
998 2562 1182 2600 videntur
1205 2563 1350 2599 talenta
1377 2561 1530 2612 argenti
1550 2562 1772 2610 quingenta.

324 2615 386 2653 Tu
416 2620 449 2654 si
479 2620 610 2655 statim
638 2616 968 2672 καταληφθέντα
995 2615 1196 2672 χρήματα
1223 2620 1428 2666 malueris,
1456 2618 1588 2654 nullus
1604 2619 1771 2654 interce-

324 2674 423 2711 dam.
451 2673 588 2710 WEss.

437 2742 546 2781 273.
577 2744 620 2781 2.
646 2738 801 2787 ’Όντας
827 2740 918 2795 περὶ
941 2738 1222 2796 ὀγδοήκοντα]
1259 2741 1393 2790 Neque
1411 2740 1474 2777 hic
1493 2740 1681 2791 refragari
1700 2753 1769 2778 ve-

323 2798 436 2834 tustis
455 2798 687 2835 membranis
708 2811 822 2835 ausus
842 2812 937 2835 sum.
983 2799 1035 2836 Et
1054 2802 1139 2848 quis
1161 2799 1392 2844 crediderit,
1417 2797 1533 2834 rebus
1553 2796 1683 2834 dubiis
1703 2809 1769 2833 su-

323 2861 529 2906 spectoque
550 2854 810 2903 Thimbrone,
834 2857 1078 2908 octingentos
1106 2854 1392 2907 Cyrenaeorum
1420 2854 1551 2903 portui
1576 2866 1660 2890 sese
1684 2866 1768 2889 cre-
