1859 3326
272 214 381 245 CCIV
559 210 850 244 OECONOMIA
886 209 1167 239 HISTORIAE
1207 207 1437 238 DIODORI.

269 312 387 346 nitur.
433 307 488 343 Ab
509 317 556 343 ea
579 311 684 342 certe
699 306 884 351 temporis
903 306 1055 340 termini
1075 306 1209 345 sumti,
1235 306 1297 352 qui
1318 305 1527 340 sectionem
1550 307 1588 338 et
1609 303 1746 338 librum

272 366 594 403 circumscribant.
620 376 651 398 c.
673 369 703 402 1.
753 365 931 398 Continet
947 364 1044 397 liber
1060 353 1132 397 Vll
1153 374 1336 396 annorum
1358 362 1567 396 historiam.

354 425 450 459 Anu.
472 423 506 460 4.
550 423 607 458 Ad
629 423 904 462 hunc'annum,
937 432 1010 466 quo
1028 420 1303 465 Syracusarum
1322 415 1568 465 tyrannidem
1593 431 1749 464 occupa-

270 484 328 516 vit
360 480 612 527 Agathocles,
654 482 736 514 eius
772 480 934 513 hominis
962 482 1084 512 ortum
1113 483 1307 524 totamque
1331 481 1345 499 ¹
1369 480 1509 521 vitam,
1553 491 1599 512 eo
1627 490 1748 522 usque

273 545 420 581 actam,
451 539 644 573 Diodorus
664 538 816 578 retulit,
848 547 894 570 ne
917 536 1039 569 divisa
1060 547 1128 581 per
1146 536 1273 580 plures
1295 547 1415 571 annos
1434 538 1605 571 narratio
1626 538 1749 570 minus

271 598 439 632 dilucida
466 597 530 631 vel
558 597 682 630 minus
702 598 814 639 grata
838 597 954 628 esset.
988 605 1018 630 c.
1033 597 1155 632 2—9.
1202 595 1350 637 „Hunc
1366 598 1444 628 tum
1464 598 1606 628 statum
1621 593 1751 628 Sicilia

272 648 450 689 habuit.“

365 714 423 747 Ex
445 711 574 746 Sicilia
597 711 633 744 in
653 710 803 744 Italiam
822 707 961 742 transit
980 703 1195 745 historicus,
1247 709 1406 744 Romani
1439 711 1511 744 iam
1546 711 1584 744 in
1612 719 1750 744 nonum

273 781 414 806 annum
434 780 515 803 eum
536 768 768 802 Samnitibus
786 766 927 800 bellum
948 773 1162 810 gesserant.
1200 767 1241 801 In
1260 768 1395 812 Apulia
1412 768 1564 802 Daunia
1578 772 1751 809 vastat-”23

275 829 454 864 Canusini
474 828 512 860 in
530 827 762 861 deditionem
786 830 996 865 venerunt3
1036 824 1179 858 Romae
1203 826 1359 859 additae
1381 826 1478 860 duae
1499 826 1620 859 tribus
1640 826 1752 859 Fale-

275 888 361 923 rina
389 889 428 919 et
453 884 646 921 Ufentina,
683 888 781 921 c.10.
797 893 853 927 pr.
902 883 1161 916 Crotoniatum
1190 888 1228 917 et
1247 883 1465 925 Bru&orum
1483 883 1585 916 bello
1606 893 1752 926 compo-

277 945 375 984 sito,
410 943 602 975 intest-inis
630 941 831 975 discordiis
849 941 1065 985 agitantur,
1095 940 1195 973 faeta
1221 943 1503 985 conspiratione
1526 953 1607 975 cum
1627 942 1749 975 Hera-

273 1002 372 1036 clide
396 1004 434 1033 et
451 999 672 1033 Sosistrato.
708 1010 739 1033 c.
760 1001 817 1035 10.
862 997 1089 1039 „Persecuti
1108 1004 1217 1042 gesta
1237 999 1273 1031 in
1294 999 1425 1033 Sicilia
1445 1005 1483 1033 et
1499 1000 1634 1041 Italia,
1667 1010 1749 1033 ora-

273 1060 450 1101 „tionem
469 1062 735 1091 convertamus
754 1056 803 1089 ad
822 1056 990 1100 reliquas
1010 1057 1182 1100 Europae
1204 1060 1376 1101 pa1·tcs.“

365 1115 546 1160 Sequitur
573 1116 814 1150 Macedonia.
864 1111 1172 1157 Polysperchon,
1208 1114 1413 1150 adiuvante
1439 1113 1623 1156 Aeacida,
1655 1124 1748 1158 rege

270 1174 398 1217 Epiri,
426 1174 690 1217 Olympiadem
716 1184 761 1206 ex
783 1173 922 1217 Epiro,
954 1171 1016 1204 ubi
1038 1171 1083 1203 ol)
1104 1171 1228 1204 odium
1255 1171 1458 1204 Cassandri
1480 1173 1650 1214 vixerat,
1685 1182 1751 1205 re·-

270 1238 383 1265 vocat
401 1232 494 1264 etin
515 1242 673 1275 regnum
697 1231 856 1271 reducit,
885 1240 907 1262 a
928 1240 1001 1274 qua
1018 1228 1155 1261 deinde
1175 1229 1211 1260 in
1228 1228 1444 1272 Eurydicen
1467 1235 1505 1263 et
1525 1229 1750 1274 Philippum,

272 1290 514 1330 Nicanorem,
541 1289 743 1324 Cassandri
764 1288 945 1329 fratrem,
966 1286 1150 1330 huiusque
1170 1286 1361 1328 asseclas,
1387 1288 1649 1322 crudelissime
1669 1299 1752 1322 sae-

270 1348 390 1380 vitum
420 1350 492 1383 est.
550 1347 693 1380 Omnes
719 1346 904 1387 trucidat,
943 1355 1065 1392 eoque
1093 1354 1294 1379 commune
1320 1347 1359 1378 in
1383 1356 1424 1380 se
1445 1346 1572 1381 odium
1595 1349 1749 1381 excitat.

273 1415 303 1440 c.
324 1410 380 1442 11-

365 1462 445 1496 lam
475 1472 538 1496 res
564 1461 750 1495 Asiaticas
777 1461 997 1505 perlustrat.
1043 1461 1257 1502 Eumenes,
1287 1462 1349 1507 qui
1378 1461 1612 1495 Macedones
1633 1463 1749 1506 Argy-

270 1520 469 1564 raspides,
503 1530 711 1563 eorumque
737 1520 869 1552 ducem
889 1519 1112 1563 Antigonen}
1129 1543 1138 1561 ‚
1169 1529 1296 1552 secum
1321 1518 1507 1562 babebat,
1544 1531 1565 1554 e
1587 1520 1751 1564 Babylo-

271 1581 357 1620 nia,
391 1578 452 1612 ubi
478 1582 605 1610 castra
633 1576 784 1619 habuit,
814 1586 947 1610 versus
967 1577 1063 1610 Susa
1089 1582 1237 1619 movet,
1264 1583 1448 1622 perpetuo
1473 1578 1748 1611 insectantibus

271 1637 434 1670 Seleuco
456 1640 494 1669 et
513 1633 707 1679 Pythone,
739 1636 801 1679 qui
825 1636 939 1668 ctiam
960 1635 1192 1668 Macedones
1213 1635 1433 1670 abalienare
1454 1636 1620 1669 student.
1655 1636 1750 1669 Peu-

272 1700 398 1728 cestes
419 1704 508 1727 vero
521 1717 530 1734 ,
554 1691 725 1725 Persidis
741 1700 913 1737 satrapa,
940 1697 979 1725 et
996 1693 1210 1736 complures
1229 1694 1294 1727 alii
1310 1699 1507 1737 satrapae,
1525 1693 1659 1738 quibus
1682 1692 1751 1737 Py-

271 1752 363 1786 thon
386 1757 469 1785 erat
490 1756 710 1794 suspectus,
737 1752 773 1784 in
793 1751 993 1783 Susianam
1013 1753 1230 1794 congressi,
1253 1761 1342 1785 suas
1359 1753 1488 1795 copias
1504 1752 1752 1785 Eumenianis

252 1809 253 1813 ’
271 1812 447 1854 iungunt.
495 1809 557 1842 Fit
576 1809 769 1842 contentio
791 1808 837 1841 de
858 1819 1003 1841 summo
1025 1809 1199 1853 imperio,
1249 1810 1442 1844 Eumenes
1458 1814 1583 1846 autem
1603 1809 1752 1848 suadet,

272 1879 319 1901 ne
343 1878 455 1900 uuum
474 1868 742 1910 imperatorem
764 1870 915 1907 creent,
940 1867 1008 1899 scd
1028 1867 1215 1900 communi
1237 1868 1395 1901 consilio
1412 1868 1458 1901 de
1477 1867 1670 1910 republica
1690 1867 1752 1900 ‹lc-

270 1926 456 1965 liberent,
489 1923 618 1957 habito
637 1934 817 1957 consessu
836 1923 883 1956 ad
901 1925 1037 1957 solium
1059 1925 1283 1965 Alexandri,
1310 1935 1419 1969 quem
1441 1925 1545 1958 velut
1563 1935 1747 1968 praesen-

272 1988 350 2016 tem
372 1987 628 2022 venerentur,
653 1981 699 2014 ad
721 1981 883 2015 eundem
910 1983 1081 2020 modum,
1109 1983 1170 2029 qui
1189 1969 1543 2026 suprannxvnl,
1570 1993 1600 2016 c.
1614 1985 1671 2023 60,
1691 1985 1748 2023 61,

274 2041 488 2084 descriptus
517 2043 586 2075 est.
635 2040 694 2072 lta
716 2050 846 2085 pacem
875 2044 914 2073 et
933 2041 1171 2073 concordiam
1201 2039 1340 2075 firmat.
1388 2040 1520 2085 ltaque
1538 2050 1619 2072 cum
1641 2041 1752 2072 Anti—

274 2109 417 2143 gonus,
448 2097 728 2140 Mesopotamia
752 2097 968 2142 profectus,
1003 2099 1212 2131 Eumenem
1250 2099 1319 2131 lioc
1348 2102 1520 2141 tempore
1550 2098 1751 2129 invasurus

275 2161 399 2195 esset,
436 2156 601 2187 iunctum
623 2161 859 2198 satraparum
880 2167 1017 2200 agmen
1036 2155 1183 2189 hostem
1204 2155 1409 2196 deterruit,
1447 2160 1485 2189 et
1509 2165 1531 2187 a
1554 2154 1654 2187 bello
1680 2155 1750 2187 Eu-

273 2214 373 2246 meni
394 2222 438 2244 ac
458 2212 732 2246 Macedonibus
752 2213 952 2246 inserendo
971 2215 1123 2248 avertit.
1163 2223 1192 2248 e.
1217 2215 1378 2248 12—-15.
1425 2213 1585 2256 Cognito
1608 2216 1750 2253 autom,

273 2272 501 2311 Antigonum
522 2270 557 2301 in
577 2272 795 2313 superiores
813 2272 923 2304 Asiae
944 2272 1157 2314 provincias
1179 2270 1364 2310 movisse,
1389 2269 1556 2311 Attalus,
1582 2270 1749 2309 Polemo,

275 2329 470 2368 Docimus,
495 2328 692 2370 Antipater
714 2332 751 2360 et
769 2327 952 2369 Philotas,
976 2327 1159 2372 perhanc
1180 2328 1416 2360 occasionem
1440 2338 1459 2360 e
1479 2327 1648 2365 castello.
1676 2338 1750 2371 qno

275 2388 373 2431 capti
395 2386 642 2426 tenebantur,
672 2385 736 2427 (cf.
760 2385 823 2419 lib.
838 2385 976 2426 XVlll,
1004 2396 1033 2422 c.
1054 2387 1127 2427 45.)
1144 2385 1320 2421 evadunt.
1369 2385 1446 2419 Sed
1467 2385 1554 2419 (lum
1575 2389 1750 2417 cunctan-

274 2449 359 2487 tur,
385 2444 500 2477 iidem
521 2453 650 2476 rursus
670 2444 880 2486 capiuntur.
910 2453 939 2476 c.
953 2445 1007 2479 16.

853 2498 1027 2546 Olymp.
1048 2500 1183 2534 CXVI.

371 2559 467 2592 Αηιι.
491 2562 522 2595 1.
568 2557 696 2592 Primo
724 2556 917 2591 Diodorus
943 2569 1005 2592 res
1030 2559 1068 2592 in
1087 2560 1176 2592 Asia
1197 2558 1540 2602 interAntigonum
1560 2560 1598 2591 et
1614 2557 1751 2590 Eume-

278 2629 362 2653 ueni
382 2622 513 2663 gestas
532 2615 787 2661 persequitur.
821 2626 852 2650 c.
870 2619 1033 2654 17—-34,
1081 2617 1232 2651 Deinde
1254 2615 1397 2657 refert,
1423 2626 1518 2660 quae
1538 2616 1576 2648 in
1596 2615 1751 2658 Europa

370 2745 385 2777 1
413 2742 558 2784 Singula
579 2742 667 2774 vitae
695 2750 876 2775 momenta
899 2744 1105 2786 siugulatim
1128 2742 1282 2776 indicata
1301 2742 1459 2785 requiras
1481 2740 1516 2772 in
1535 2741 1750 2783 argumentis

277 2791 500 2832 singulorum
517 2789 703 2824 librorum.
