1891 3310
381 171 447 212 IN
475 168 588 210 LIB.
613 168 767 211 xvu.
794 166 924 210 GAP.
954 169 1215 212 96.-100.
1438 174 1531 215 209

77 285 182 325 Nota
195 296 344 336 quoque
358 291 449 324 sunt
467 283 513 322 de
541 282 762 322 confidente
781 288 821 320 et
833 283 1006 320 animosa
1023 293 1153 334 pugna
1170 283 1298 338 θυμιῧ
1316 278 1421 336 μάχε
1425 286 1529 325 σθω

78 350 117 380 et
135 345 260 397 θυιιιιιῖ
282 347 430 393 χωρεῖν
459 354 507 378 ex
528 339 778 388 Xenophont.
799 339 943 390 Agesil.
973 351 1006 387 p.
1025 341 1098 380 62.
1125 339 1186 379 ed.
1209 339 1336 376 Oxou.
1368 348 1407 378 et
1426 342 1528 379 Pau-

78 412 160 436 san.
180 381 223 435 L.
253 398 305 435 X.
329 401 403 438 21.
432 411 469 447 p
497 399 600 439 848.
640 396 725 447 Ego
759 397 870 432 alite1
899 398 1046 443 sentio,
1076 401 1114 432 et
1142 408 1278 433 vocem
1310 396 1431 443 hanc,
1459 411 1527 436 seu

76 451 252 494 τοιούτω
274 457 414 503 potius,
439 467 524 492 cum
547 453 792 502 sequentibus
812 453 1015 498 artissime,
1039 452 1156 489 sicuti
1172 452 1318 489 factum
1335 453 1381 489 ab
1403 425 1526 492 liiter-

75 518 212 561 prete,
241 517 450 557 connecto,
478 517 521 546 ut
541 523 584 547 ea
615 511 667 547 sit
685 511 896 555 sententia,
924 515 1031 545 tanta
1051 509 1170 546 animi
1190 508 1331 547 fiducia
1351 522 1395 546 ac
1415 522 1526 558 prae-

75 569 201 603 sentia
221 579 348 618 regem
377 568 496 604 fuisse
524 579 649 604 usum.
688 560 965 630 Παράστασις
985 571 1025 601 et
1053 559 1314 617 παράστασις
1338 563 1523 613 ὃιαιοιάς

72 625 114 660 in
134 623 268 673 Polyb.
263 596 329 660 ΟΕ
351 622 415 659 ΙΙΙ.
441 626 475 664 8
474 623 511 662 1.
542 629 580 658 et
599 622 643 658 V.
658 622 716 670 9.
744 615 1003 672 παράστασις
1022 622 1097 672 τῆς
1117 621 1259 672 ψῑχῆς
1278 622 1320 658 in
1341 621 1522 672 Excerpt.

70 679 263 716 Valesian.
287 692 322 727 p.
341 680 466 727 250„
494 685 532 715 et
551 678 732 728 frequens
752 677 840 714 obv
830 689 909 713 lum
929 678 1070 728 ψυχῆς
1086 673 1340 729 παράστημα
1370 678 1467 715 firm
1459 686 1525 717 int

70 733 171 772 hanc
193 737 447 783 sententiam,
472 737 586 785 inque
608 734 744 783 primis
764 732 826 780 id,
850 731 951 782 quod
982 733 1029 769 de
1054 731 1188 782 Tyriis
1211 731 1325 771 huius
1346 730 1412 771 lib.
1437 748 1522 784 cap.

70 792 146 832 43.
168 794 326 841 ipsemet
343 798 477 828 auctor
503 795 594 836 ταῖς
614 793 771 841 ψυχαῖς
803 785 912 827 οὕτω
934 786 1200 842 παρέστησαν
1220 786 1324 842 πρὸς
1345 787 1418 829 τὸν
1439 791 1524 829 κίν-

71 847 207 887 ‹itae-102
235 846 529 896 Repudiandum
547 849 674 895 itaque
703 854 762 883 est
777 846 990 896 glossema,
1016 845 1118 896 quod
1144 843 1304 897 Reg.1.
1332 859 1524 898 gramma-

71 906 169 941 ticus
191 905 415 943 inculcavit.
443 902 586 940 WVESS.

180 961 289 1006 237.
321 961 394 1000 65.
429 957 559 1005 Ττλος
580 955 624 997 δὲ
654 958 746 1005 τοξ
734 954 895 1008 υθεὶς]
938 955 1006 994 Sic
1029 956 1168 1006 scripsi
1191 955 1318 996 deleto
1342 936 1520 1009 articulo,

70 1017 137 1064 qui
159 1017 346 1084 principio
365 1015 500 1053 harum
518 1028 657 1054 vocum
685 1015 813 1052 sedem
840 1019 1107 1079 occupaverat.
1153 1011 1266 1062 Supr.
1299 1026 1331 1051 c.
1350 1016 1425 1055 25.
1455 1016 1521 1056 τί..

66 1073 139 1118 λος
159 1070 203 1110 de*
216 1070 319 1125 πρὸς
340 1069 485 1117 αὐταῖς
503 1075 594 1118 ταῖς
613 1067 693 1110 ⁷115)
698 1085 761 1118 αις
781 1063 923 1110 ἔπεσόν
945 1085 1007 1109 τιν
1011 1083 1063 1115 ες
1090 1075 1129 1106 et
1148 1083 1228 1118 cap.
1243 1072 1320 1111 08.
1341 1070 1408 1110 τί)
1412 1087 1456 1118 ος
1474 1071 1521 1113 δὲ

63 1124 286 1180 Ἐφιάλτην
310 1150 360 1158 —
382 1124 486 1181 ἧπάρ
489 1143 634 1166 κασαι.
665 1134 776 1176 atque
798 1129 852 1163 ita
874 1127 969 1163 locis
990 1126 1166 1164 infinitis.
1202 1125 1261 1162 De
1280 1128 1520 1176 vulneribus,

69 1185 209 1233 quibus
233 1185 452 1224 Alexander
477 1184 651 1222 adfectus
668 1184 765 1231 fuit,
791 1181 981 1221 videndus
1009 1189 1161 1232 praeter
1178 1181 1332 1223 Arrian.
1366 1190 1404 1220 et
1421 1183 1518 1223 Cur-

65 1243 167 1277 tium
188 1248 246 1278 est
264 1242 365 1278 Plut.
395 1241 506 1278 Alex.
536 1253 571 1290 p.
593 1241 696 1281 700.
726 1246 764 1277 et
787 1237 894 1276 For&
923 1239 1035 1279 Alex.
1065 1251 1102 1289 p.
1127 1238 1233 1279 344.
1252 1237 1301 1278 D.
1335 1252 1420 1278 cum
1439 1240 1520 1291 Ap-

64 1299 179 1347 piano
197 1295 903 1367 Be11.Cn11L.11.p.852.Wr.ss.

178 1355 287 1394 237.
322 1354 396 1394 73.
437 1351 676 1405 ,Πευκέστης
658 1380 698 1401 ,
726 1347 782 1398 εις
803 1354 887 1392 τῶν
918 1345 1189 1390 ἷπασπιστῶν
1211 1349 1311 1404 ete]
1342 1350 1519 1391 Gloriam.

64 1407 215 1448 defensi
233 1423 320 1448 serv
323 1413 450 1459 atique
469 1412 571 1460 regis
585 1411 769 1475 plerique
787 1421 916 1446 omnes
930 1408 1136 1445 Peucestae
1155 1408 1383 1446 vindicant.
1406 1411 1519 1458 pauci

66 1473 190 1513 erant,
218 1469 283 1516 qui
303 1467 593 1504 Ptolemaeum'
583 1480 623 1503 ιιι
643 1467 884 1515 praecipuam
903 1465 1029 1501 laudis
1047 1466 1129 1502 eius
1146 1471 1292 1513 partem
1310 1465 1518 1513 vocabant,

65 1535 151 1559 eum
172 1521 350 1575 Σωτῆρα
372 1530 573 1571 propterea
593 1523 739 1560 dictum
757 1522 932 1571 professi,
956 1522 1053 1558 male
1073 1527 1200 1557 tamen
1222 1526 1432 1569 contraque
1455 1523 1516 1573 ip-

66 1581 146 1616 sius
168 1578 374 1617 Ptolemaei
393 1581 654 1617 testimonium
676 1579 775 1628 apud
799 1578 951 1616 Arrian.
972 1576 1015 1614 L.
1038 1576 1103 1616 VI.
1130 1578 1201 1617 11.
1219 1589 1254 1626 p-
1277 1578 1384 1618 248.
1422 1577 1516 1615 Plu-

62 1633 220 1672 tarchus
255 1635 300 1672 de
332 1635 518 1673 Peucesta
541 1638 678 1673 ceteris
710 1635 927 1671 adsentitur
958 1635 1000 1670 in
1020 1633 1131 1671 Alex.
1167 1645 1206 1682 p.
1234 1635 1339 1674 700.
1369 1632 1443 1681 D.,
1475 1641 1517 1671 at

65 1690 172 1728 Orat.
194 1691 239 1730 de
260 1691 364 1729 Fort.
392 1693 561 1730 eiusdem
580 1694 684 1743 regis
704 1691 734 1730 l.
758 1703 794 1741 p.
813 1691 919 1730 327.
940 1688 982 1726 B·
1012 1696 1050 1726 et
1070 1688 1117 1726 II·
1141 1702 1176 1738 p·
1200 1689 1308 1729 344.
1332 1688 1382 1727 D.
1421 1690 1516 1729 Pto-

62 1748 210 1785 lemaeo
231 1750 389 1785 salutem
410 1749 746 1796 defensionemque
765 1746 977 1784 Alexandri
994 1745 1217 1783 contribuit.
1247 1746 1391 1784 Wess.

176 1805 282 1844 237.
300 1807 371 1844 82.
400 1802 452 1844 Οἱ
466 1801 570 1843 κατὰ
590 1800 1023 1855 τὴνΒακτριαιιῆνεεο.
1044 1800 1392 1853 κατοικισθέντες]
1407 1800 1513 1839 Lon-

61 1873 111 1911 ge
124 1858 218 1897 haec
234 1861 387 1898 uberius
401 1861 501 1909 apud
512 1860 685 1898 Curtium
706 1860 748 1897 L.
761 1858 833 1897 IX.
846 1861 886 1900 7.
907 1857 1138 1896 etNostriL.
1150 1857 1225 1895 XV
1229 1857 1297 1895 111.
1312 1860 1351 1898 7.
1371 1857 1512 1896 wass.

175 1917 282 1956 237
303 1919 378 1957 96.
405 1913 612 1969 Κόραγος]
643 1911 863 1970 Ko'gipayog
879 1915 1040 1953 Aeliano
1059 1913 1163 1951 Hist
1183 1913 1272 1951 Var.
1293 1913 1338 1954 L.
1355 1913 1407 1951 X.
1421 1916 1515 1962 22.,

60 1971 127 2009 ubi
144 1974 272 2020 paullo
296 1973 486 2011 dimersius
506 1973 704 2023 singulare
723 1972 795 2009 hoc
813 1978 1009 2009 certamen
1029 1969 1272 2007 describitur.
1301 1969 1515 2009 Horratas

63 2027 254 2077 BIacedo,
282 2029 347 2066 sed
365 2029 567 2076 mendose,
594 2037 636 2065 ut
655 2030 734 2067 viri
752 2028 856 2066 docti
875 2032 1128 2073 monuerunt,
1155 2027 1198 2063 in
1221 2025 1353 2064 Curtio
1372 2026 1442 2064 IX.
1471 2029 1513 2067 7.

67 2087 86 2125 1
99 2087 137 2124 7.
170 2085 216 2121 V‘
206 2098 285 2121 isus
307 2093 430 2122 autem
449 2094 505 2121 est
522 2087 709 2134 reperisse
729 2085 804 2123 sibi
825 2085 1048 2122 duumviros
1068 2082 1166 2120 hos'
1156 2095 1198 2119 ιιι
1218 2084 1385 2134 eleganti
1403 2097 1510 2134 gem-

60 2153 123 2178 ma
155 2141 196 2179 L.
225 2140 392 2192 Begerus
417 2140 531 2179 Thes.
561 2140 780 2181 Brandenb.
807 2140 854 2178 Τ.
874 2140 903 2179 1.
935 2155 970 2191 p.
999 2140 1115 2186 103..
1143 2141 1275 2190 gravis
1295 2146 1512 2177 armaturae

57 2198 221 2235 militem
241 2205 278 2234 et
301 2198 443 2235 nudum
463 2199 643 2247 alterum,
674 2198 740 2234 sed
771 2199 906 2248 clypeo
936 2199 1164 2233 instructum
1182 2196 1366 2246 galeaque
1385 2198 1514 2233 muni-

59 2261 142 2291 tum
173 2261 506 2302 repraesentante:
552 2266 648 2302 quae
678 2253 830 2302 quidem
861 2256 902 2290 in
931 2252 1168 2302 Dioxippum
1193 2264 1270 2289 non
1299 2253 1394 2289 bene
1423 2265 1512 2289 cum

58 2320 315 2361 congruerent
335 2313 476 2357 omnia,
501 2312 640 2348 maluit
661 2310 810 2348 fraudis
830 2308 1047 2347 Diodorum
1065 2306 1296 2354 etsCurtium
1313 2320 1400 2344 reos
1420 2321 1511 2358 age-

60 2378 124 2413 re,
151 2378 263 2415 quam
283 2366 419 2404 dubiae
448 2368 643 2415 falsaeque
665 2368 839 2416 opinioni
870 2368 1048 2403 nuntium
1067 2366 1272 2402 remittere.
1310 2363 1395 2415 Ego
1416 2377 1510 2401 vero

59 2424 203 2461 factum
225 2422 263 2459 id
286 2424 447 2460 nollem:
472 2424 536 2460 cui
555 2425 656 2460 enim
673 2421 800 2459 bono?
830 2421 1005 2459 Ceterum
1025 2427 1215 2457 certamen
1234 2419 1305 2457 hoc
1317 2432 1394 2456 non
1412 2422 1513 2456 niul·-

61 2487 142 2517 tum
172 2479 220 2516 ab
248 2481 326 2516 illis
359 2480 572 2527 discrepat,
598 2482 638 2515 in
668 2491 763 2527 quae
793 2479 942 2516 levibus
972 2490 1024 2514 exr
1051 2477 1208 2515 offensis
1239 2489 1350 2525 saepe
1379 2484 1512 2512 nostra

60 2542 288 2584 tempestate
308 2535 571 2572 descenditur:
600 2535 855 2582 concurritur,
877 2535 992 2571 horae
1012 2538 1207 2570 momento
1233 2533 1330 2569 ulter
1349 2531 1511 2569 ambove

60 2594 227 2629 animam
248 2592 388 2628 mutuis
409 2591 634 2629 vulneribus
657 2590 870 2636 effundunt,
897 2602 1009 2638 quain
1026 2602 1093 2639 pro
1113 2590 1234 2625 salute
1254 2589 1411 2638 patriae,
1434 2589 1513 2626 viri

62 2651 95 2685 si
114 2654 267 2694 essent,
292 2654 331 2684 et
351 2650 390 2684 in
414 2646 563 2685 hostem
583 2653 811 2697 pugnantes,
840 2646 1038 2683 honestius
1061 2651 1099 2682 et
1117 2646 1324 2696 gloriosius
1342 2646 1512 2681 insume-

59 2712 157 2741 rent.
185 2703 261 2741 Sed
281 2716 325 2740 ea
344 2704 470 2741 rabies
492 2705 635 2740 multos
655 2703 750 2739 adeo
772 2703 953 2748 incessit,
982 2709 1025 2738 ut
1044 2703 1125 2747 sui,
1156 2702 1322 2751 patriae,
1348 2701 1510 2736 sanctis-

59 2763 250 2808 simaeque
269 2760 496 2811 religionis,
526 2760 636 2797 cuius
659 2771 700 2796 se
722 2758 916 2796 studiosos
935 2758 1165 2804 adfirmant,
1191 2757 1304 2805 plane
1324 2757 1404 2793 sint
1421 2767 1510 2804 pro-

59 2816 150 2867 digi.
186 2816 323 2852 Wrzss.

116 2873 209 2908 Vox..
239 2871 287 2909 ll.
1177 2868 1236 2909 14
