1859 3326
310 216 406 258 496
775 201 1300 252 'ANNOTATloNES

312 329 436 379 siguis
466 326 626 366 virtutis
651 324 733 374 vir,
773 323 839 375 qui
864 326 977 376 regni
1005 324 1066 361 sul
1084 323 1180 360 fines
1198 322 1457 375 longissime
1446 336 1487 362 ιη
1506 324 1680 362 ultimam
1700 324 1764 362 In-

312 385 415 422 diam
436 385 620 432 protulit,
646 383 841 419 referente
862 381 1009 419 Iustino
1030 379 1073 419 L.
1084 378 1187 417 XLI.
1215 382 1256 420 6.
1279 386 1350 417 etc.
1378 387 1416 417 et
1432 381 1573 419 Orosio
1593 381 1635 419 L.
1650 381 1697 420 V.
1720 383 1763 420 4.

313 440 458 478 Confer
486 439 540 476 lo.
560 440 741 477 Vaillant.
768 437 870 474 Hist.
903 436 1078 474 Arsacid.
1108 449 1144 486 p
1167 436 1242 476 44.
1276 443 1316 474 et
1343 444 1495 485 praeter
1519 445 1667 475 ceteros
1690 437 1764 474 'lh.

307 496 398 548 sig.
414 496 604 545 Bayerum
626 494 727 531 Hist.
746 493 938 530 Baeti-ian.
962 505 996 541 p
1009 493 1082 532 91
1140 491 1274 530 VVEsS.

429 554 532 591 597·
566 553 606 591 9
647 552 734 588 Τοῦ
771 545 1038 601 Οὗριάτθου]
1083 546 1153 585 Sic
1183 561 1332 598 semper
1359 547 1400 587 id
1421 562 1562 588 nomen
1583 550 1766 588 scribitur

314 617 395 647 tum
415 611 455 646 in
476 608 659 653 Diodori,
686 614 765 643 tum
785 607 825 642 in
849 605 1014 655 Appiani
1035 604 1250 655 Excerptis.
1282 605 1415 655 Neque
1436 608 1552 646 aliter
1575 608 1675 658 apud
1698 607 1764 646 Si·

312 668 409 703 lium
429 666 603 702 Italicum
624 663 690 701 lib.
710 662 777 699 III.
802 666 924 708 (vers.
940 663 1065 707 354.)

483 720 573 758 Hos
607 718 832 757 Vim-'atthas
854 721 967 769 agit,
1002 718 1311 769 Lusitanumque
1338 721 1503 757 remotio

482 777 725 814 Emer-actum
753 776 910 823 lustris,
938 777 1075 827 primo
1111 775 1338 813 Iso-iatam
1365 778 1404 813 iu
1436 788 1535 813 aevo

486 833 636 871 Nomen
663 832 857 871 Romanis
873 832 1041 879 factum
1069 844 1160 868 moa:
1189 832 1317 870 nobile
1347 834 1515 871 damnis.

314 889 465 927 VALES.
523 889 625 939 Lege
650 901 746 937 quae
778 891 928 926 notavit
951 888 1007 926 Cl.
1023 887 1306 926 Drakenborch
1327 889 1376 927 ad
1397 888 1489 928 Silii
1520 887 1563 926 L.
1577 886 1632 927 X.
1657 888 1765 928 220.

313 947 361 984 de
381 945 589 984 Viriathini
610 946 777 983 nominis
798 947 1001 994 scriptura.
1055 945 1191 983 wass.

435 1004 539 1042 597
580 1003 655 1042 20.
710 999 796 1040 Καὶ
828 999 926 1047 τοὺς
956 997 1142 1054 ἀπόρους
1168 1015 1203 1040 z·-
1233 1014 1322 1054 στρ.
1350 995 1646 1052 ὖπελάμβανε]
1700 999 1767 1037 Sic

315 1060 412 1097 bene
442 1062 606 1107 scriptus
629 1057 761 1096 codex.
782 1053 1083 1108 Ἀνελάμβανε,
1121 1057 1223 1106 quod
1253 1057 1429 1094 Valesius
1458 1060 1499 1095 in
1532 1060 1612 1094 eius
1640 1058 1766 1093 locum

315 1114 492 1164 suffecit,
525 1117 632 1152 nulla
654 1120 764 1164 palte
788 1115 926 1181 meliuts
949 1122 1018 1154 est.
1077 1114 1174 1151 Vide
1195 1113 1267 1150 hoc
1294 1113 1498 1150 Strabonis
1520 1126 1569 1150 ex
1597 1112 1639 1149 L.
1661 1111 1769 1149 XIV.

314 1185 351 1221 p
366 1174 471 1212 965
494 1172 539 1209 de
563 1170 744 1218 Rhodiis,
781 1169 849 1209 καὶ
868 1167 908 1209 οἱ
931 1167 1095 1223 εἶποροι
1116 1182 1213 1216 τους
1235 1168 1381 1215 ἕιὸξεῖς
1403 1165 1506 1208 {7107
1512 1163 1770 1219 αμβάνουσιν

316 1228 403 1267 3351
424 1244 502 1267 τιτι
523 1227 708 1281 πατρίῳ,
746 1228 870 1265 ditior
873 1239 913 1264 es
936 1229 1130 1264 maiorum
1160 1228 1341 1263 instituto
1367 1226 1612 1263 tenuior-ibas·
1632 1225 1770 1262 subve-

313 1288 403 1323 nire
423 1286 564 1324 solent.
623 1284 676 1322 Et
698 1283 940 1321 Diodorum·
930 1296 1056 1331 ipsum
1087 1283 1128 1321 I..
1147 1282 1265 1320 XIX.
1290 1284 1363 1323 67.
1383 1296 1419 1333 p.
1434 1284 1565 1331 370.‚
1596 1293 1766 1332 quaeque

315 1355 366 1379 ex
381 1341 602 1392 Diotogene
622 1341 815 1389 adscripta
834 1346 926 1376 sunt
943 1341 1010 1377 ibi.
1066 1339 1204 1377 VVEss.

433 1399 537 1438 597.
568 1398 644 1437 24.
669 1393 843 1435 ‘'Evdsza
864 1393 942 1448 γὰρ
964 1393 1057 1447 ἔτη]
1102 1395 1215 1433 Haud
1239 1397 1334 1433 satis
1350 1395 1453 1433 inter
1474 1401 1650 1432 auctores
1669 1407 1768 1432 cona-

316 1460 393 1492 stat
425 1462 518 1503 quot
542 1466 664 1490 annos
685 1452 943 1491 Viriathinum
966 1453 1105 1490 bellum
1126 1453 1286 1490 durarit.
1339 1453 1539 1502 Appianus
1561 1453 1601 1489 in
1620 1451 1768 1489 iberico

315 1510 376 1561 (p.
393 1508 521 1562 504.)
544 1512 657 1547 annis
678 1517 764 1547 octo
785 1516 950 1547 tractum
971 1510 1011 1547 id
1026 1509 1169 1546 bellum
1189 1510 1341 1546 asserit.
1399 1508 1571 1545 Iustinus
1591 1509 1691 1545 libro
1707 1509 1767 1544 ul-

315 1572 408 1605 timo
433 1570 546 1605 annis
563 1567 714 1603 decem:
744 1568 800 1603 sic
821 1568 924 1602 enim
947 1566 992 1602 de
1011 1565 1197 1616 Hispanis
1225 1566 1380 1602 scribit:
1414 1565 1465 1603 Ι77
1492 1571 1606 1602 tanta
1627 1577 1768 1601 saecu-

315 1625 379 1662 107·
382 1639 430 1661 w
432 1639 443 1661 ι
461 1637 527 1661 se?
531 1625 565 1660 ie
583 1624 713 1660 nullus
732 1624 813 1661 illis
834 1623 915 1660 dua.-
933 1635 1100 1672 magnus
1114 1628 1285 1674 praeter
1310 1621 1669 1668 Viriattleumfuit,
1699 1622 1771 1671 qui

315 1684 435 1719 annis
463 1691 509 1718 X.
549 1679 751 1718 Romanos
774 1681 896 1717 vania
922 1681 1095 1718 victoria
1119 1679 1341 1728 fatigavit.
1397 1678 1506 1716 Adeo
1524 1677 1641 1724 feris
1663 1688 1768 1728 pro·-

309 1741 432 1789 piora
460 1750 577 1788 quam
603 1737 822 1774 hominibus·
850 1738 914 1786 inf„
906 1738 1012 1774 enia
1046 1742 1206 1785 gerunt.
1271 1734 1468 1771 Diodorus
1496 1742 1629 1771 noster
1654 1736 1767 1770 annis

314 1806 373 1831 xl.
398 1795 502 1831 dicit.
538 1793 751 1841 Eutropius
774 1767 917 1830 lib.lV.
939 1795 979 1833 7.
1009 1793 1313 1841 quatuordecim.
1357 1790 1436 1827 Sed
1453 1803 1524 1841 ego
1538 1790 1677 1827 Iustini
1700 1796 1767 1826 aut

316 1849 481 1888 Diodori
517 1852 706 1887 veriorem
740 1862 823 1886 esse
851 1852 1079 1886 sententiam
1110 1856 1203 1897 puto
1233 1849 1279 1887 ob
1316 1861 1398 1884 eam
1425 1849 1615 1884 rationem
1655 1856 1769 1896 quam

313 1909 438 1945 adscit
455 1906 669 1956 Sigonius'
660 1919 701 1943 ιιι
724 1906 852 1943 Fastis
874 1905 920 1954 ad
938 1919 1081 1942 anuum
1110 1907 1217 1946 607
1271 1905 1422 1941 VALEs.

431 1965 536 2003 597.
573 1964 646 2002 32.
686 1958 865 2002 Φύσκων
893 1960 1117 2029 ἐκαλεῖτο]
1150 1962 1217 1999 Sic
1240 1961 1287 1998 ob
1310 1961 1484 2026 saginam
1504 1959 1677 2008 corporis
1696 1970 1768 1996 vo·-

315 2026 424 2058 catus
451 2026 509 2056 est
541 2019 807 2065 Ptolemaeus,
845 2020 954 2066 quasi
987 2032 1092 2070 προ)
1096 2014 1248 2069 domoo-
1305 2016 1379 2053 Est
1399 2019 1499 2053 enim
1521 2012 1658 2068 φύσκη
1680 2029 1768 2053 κοι-

315 2076 404 2123 λία,
432 2083 475 2113 ut
497 2075 607 2112 docet
627 2074 858 2125 Hesychius.
909 2075 1004 2111 Vide
1035 2075 1222 2112 Iustinum
1254 2075 1321 2111 lib.
1341 2072 1572 2110 XXXVIII.
1598 2075 1636 2112 8.
1686 2072 1769 2108 VA-

315 2143 402 2169 LES.
468 2131 620 2168 Luxum
657 2138 696 2167 et
723 2133 901 2181 saginam
937 2128 1102 2167 hominis
1137 2132 1291 2180 egregie
1325 2129 1508 2166 ᾶε5οιί17ἰίῑ
1535 2128 1769 2166 Posidonius

315 2188 416 2238 apud
434 2188 573 2226 Athen.
597 2187 638 2224 L.
651 2186 743 2224 XII.
765 2200 801 2236 p.
820 2188 924 2226 549.
985 2188 1063 2230 Qui
1087 2188 1240 2234 quidem
1255 2185 1487 2222 Posidonius
1509 2190 1547 2220 et
1566 2183 1768 2221 Hieracem

313 2244 598 2282 Antiochcnum
627 2245 776 2294 attigit,
815 2243 1025 2281 Ptolemaei
1052 2242 1164 2279 huius
1192 2248 1470 2278 assentatorem
1495 2247 1533 2276 et
1552 2253 1681 2277 rerum
1700 2253 1770 2290 gc-

312 2302 518 2339 rendarum
541 2300 809 2337 administrum
836 2302 877 2337 in
897 2298 1037 2336 Athen.
1054 2298 1172 2336 L.V1.
1194 2299 1370 2347 p.252.,
1398 2297 1573 2334 eumdem
1589 2297 1767 2343 fortasse⁷

315 2359 362 2395 de
383 2370 458 2406 quo
480 2359 608 2393 statim
632 2356 839 2393 Diodorus.
898 2355 1032 2393 VVESS.

429 2415 534 2453 598.
562 2413 636 2452 45.
673 2407 722 2451 ‘O
745 2411 942 2462 Αἰμίλιος
962 2407 982 2450 ὅ
1005 2408 1191 2461 ὕπατος]
1225 2410 1302 2447 Ηίο
1322 2409 1374 2447 Μ.
1396 2411 1581 2447 Aemilius
1601 2408 1766 2458 Lepidus

313 2476 566 2521 cognomento
589 2468 755 2505 Porcina
778 2469 825 2504 ob
850 2470 1003 2505 nimiam
1028 2469 1201 2517 corporis
1221 2469 1395 2519 saginam
1416 2481 1459 2504 ac
1480 2467 1632 2513 molem,
1665 2464 1768 2502 Con-

314 2530 374 2564 sul
390 2528 466 2564 fuit
487 2538 588 2563 anno
609 2526 715 2562 urbis
735 2526 841 2565 616.
901 2525 1048 2561 VALEs.

428 2584 531 2623 598.
564 2583 639 2621 48.
673 2578 904 2632 ’Ἀχρηστος
933 2574 984 2632 ἦν
1016 2580 1059 2619 ἐν
1080 2584 1172 2626 ταῖς
1197 2601 1246 2608 ·-
1268 2577 1511 2632 ἐνεργείαις]
1555 2576 1656 2614 Belli
1678 2576 1767 2614 Nu-

313 2642 477 2676 mantini
498 2640 697 2675 occasione
718 2636 812 2674 haec
841 2638 987 2685 scripta
1004 2637 1202 2676 videntur.
1263 2637 1450 2673 Aemilius
1479 2641 1566 2682 post
1595 2633 1767 2671 Mancini

312 2697 609 2746 ignominiosam
640 2693 788 2731 cladem
827 2694 876 2730 ad
903 2694 944 2730 id
975 2694 1116 2730 bellum
1142 2695 1282 2730 missus
1317 2705 1398 2729 rem
1428 2692 1619 2739 publicam
1649 2697 1687 2726 et
1717 2691 1764 2727 ob

313 2754 485 2799 corporis
513 2753 707 2802 saginam,
744 2756 782 2787 et
808 2750 930 2787 animi
959 2757 1154 2798 torporem
1187 2751 1286 2786 male
1315 2749 1436 2798 gessit
1466 2747 1567 2796 apud
1598 2747 1763 2796 Appian.

313 2808 411 2845 lber.
431 2821 465 2856 p
479 2808 581 2848 513
573 2834 603 2854 ‚
627 2808 802 2854 alioqui
792 2819 833 2844 in
855 2807 1010 2858 optimis
1031 2805 1247 2844 oratoribus
1265 2804 1432 2864 habitus,
1461 2798 1647 2843 Cicerone
1664 2809 1762 2840 teste

314 2868 354 2903 in
373 2864 493 2904 bruto
514 2879 546 2903 c.
556 2865 632 2905 25
687 2863 825 2902 VVESS
