1859 3326
280 164 372 206 114
642 198 645 200 .
746 162 1266 219 ANNOTATmNEs

394 274 498 316 125.
520 275 594 314 67.
624 273 732 328 Περὶ
752 272 828 327 τὴν
850 271 967 328 ὄνομ.
981 269 1235 330 ςΥάμπολιν]
1263 277 1347 316 Sita
1369 285 1452 316 erat
1472 279 1513 316 in
1531 279 1617 333 ipso
1638 278 1741 318 Pho-

279 332 376 371 cidis
408 344 458 369 ex
487 330 690 368 Thessalia
722 339 759 369 et
788 331 951 369 Boeotia
981 332 1088 371 aditu
1120 333 1221 383 apud
1250 333 1438 371 Herodot.
1469 335 1515 374 L.
1535 333 1646 373 vm.-
1665 337 1741 378 28.

280 391 400 430 Plura
419 387 494 425 lac.
517 379 680 424 Palmer.
703 386 838 424 Graec.
872 387 1004 438 Antiq.
1025 387 1069 425 L.
1091 388 1157 426 Vl.
1181 390 1252 431 15.
1298 389 1375 460 De3
1378 385 1613 429 Beeotorum
1633 392 1741 429 clade

281 449 337 484 sic
359 443 556 481 Demosth
578 443 647 482 Or.
668 442 714 480 de
736 443 867 494 Legaht
888 457 1002 509 prave
1021 451 1120 496 gest.
1143 458 1178 494 p
1199 447 1308 486 232.
1340 441 1447 497 εῗχρν
1466 445 1544 502 γὰρ
1568 445 1627 500 (οἱ
1647 449 1742 487 Φω-

281 499 381 553 κεῖς)
405 489 670 566 'Dexonis-1761!
677 498 745 539 καὶ
768 500 1008 552 Κοοιονειαν
1037 500 1104 540 καὶ
1127 497 1173 541 τὸ
1201 502 1519 569 Τιλφωσσαῖον.
1549 502 1617 543 καὶ
1646 518 1744 550 τους

283 558 324 598 ἐν
345 554 507 597 Νέωσιν
529 550 670 594 ἀπειλ’
635 569 808 621 mserum)
828 549 986 604 αυτῶν,
1013 555 1081 596 καὶ
1098 552 1391 625 ἕβδομηκοντα
1415 558 1481 598 καὶ
1507 559 1744 606 διακοσίους

284 612 359 653 ἀπ.
349 609 562 653 κτύνεσοιν
593 608 656 650 ἐπὶ
684 614 743 651 τῶ
765 606 895 650 Hau)
886 611 1008 667 ,ειίο,
1018 612 1087 653 καὶ
1109 609 1309 680 τρόπαιον
1331 612 1504 668 εἱστήκει
1522 615 1590 655 καὶ
1619 631 1744 656 ιππο-

284 666 463 723 κράτουι
474 695 486 715 ,
524 666 593 707 καὶ
621 670 758 707 κακῶν
786 664 908 714 'mag
936 664 1201 722 περιειστήκει
1234 667 1460 722 Θηβαίους.
1490 672 1567 723 ubi
1586 657 1743 721 Ulpian.

284 727 375 765 vide
396 732 433 761 et
455 737 546 761 mox
564 723 752 761 Rostrum
773 737 806 762 c.
834 724 905 763 59
934 723 1072 763 Wuss.

400 782 504 821 125.
536 773 711 821 86.οι
727 776 771 819 de*
800 777 1125 835 νοσφισάμενοι]
1160 780 1296 820 Scribe
1322 796 1361 823 οι
1385 778 1462 835 μὲν
1489 779 1744 838 νοσφισάμε-

288 853 365 878 vm.
396 835 533 875 RHOD.

402 894 505 934 125.
527 893 600 932 90
628 886 863 944 ’Λπὲσχετο
884 893 968 933 τῶν
989 860 1301 947 ἀναθημάτων]
1333 889 1435 939 Quid
1455 891 1552 934 illis
1552 909 1644 948 ergo
1663 895 1745 943 fiet,

285 947 381 999 quae
408 963 439 986 s·
430 951 582 998 iperius
603 959 637 987 c.
664 948 738 988 30.
768 951 980 1000 perscripta
1002 951 1048 987 de
1071 951 1286 988 Philomelo
1310 959 1423 999 sunt,
1449 957 1487 988 et
1508 953 1549 989 in
1569 950 1673 991 Plut.
1697 952 1744 989 de

284 1005 399 1056 Pyth
420 1006 532 1043 Orac.
557 1017 592 1053 p.
619 1005 724 1045 397.
746 1004 789 1044 F.
801 1003 819 1033 2
856 1005 948 1044 Fuit
965 1008 1032 1044 ille
1059 1007 1255 1044 fortasse‘
1245 1020 1286 1045 ln
1312 1008 1599 1046 contrectandis
1623 1008 1743 1046 dona-

285 1064 357 1100 riis
381 1062 589 1099 modestior
617 1061 823 1108 fiatribus,
848 1061 1000 1109 absolvi
1033 1069 1161 1100 tamen
1193 1062 1414 1101 difficulter
1420 1060 1572 1114 poterit.
1607 1062 1743 1101 WESS.

404 1118 507 1159 125
535 1119 610 1157 95.
642 1118 829 1170 ΖΠισθοιῙ
826 1132 854 1158 ο
860 1113 957 1171 ρας]
1002 1117 1311 1174 ΖΙἸισθοᾳοοιάς
1338 1118 1434 1172 Reg.
1454 1122 1496 1161 2.
1527 1119 1645 1157 Basil.
1665 1119 1744 1158 Ea-

289 1175 373 1212 dem
393 1176 496 1211 infra
517 1172 559 1211 L.
583 1173 656 1211 XV
662 1173 728 1213 Ill.
754 1175 824 1214 52.
858 1181 897 1212 et
916 1174 1029 1212 huius
1046 1176 1113 1213 lib.
1133 1189 1166 1213 c.
1194 1177 1267 1216 82.
1300 1174 1505 1213 discmdia.
1532 1175 1668 1219 YVESS.

406 1232 510 1271 126.
552 1231 627 1270 97.
679 1230 856 1283 λ”ρισᾶς
889 1230 1119 1282 πλίνθους]
1173 1230 1260 1269 Vid.
1299 1230 1346 1268 Ἰ.
1387 1228 1654 1287 Hemsterh'u's.
1694 1232 1744 1270 ad

287 1287 317 1324 I
322 1289 394 1324 uei
387 1290 449 1324 ini
467 1286 624 1323 Contem
628 1287 678 1336 pl.
698 1300 729 1323 e.
754 1288 824 1327 12.
863 1285 1169 1339 Diligentissime
1192 1289 1354 1326 laterum
1371 1287 1508 1325 horum
1524 1281 1744 1327 mensuram

287 1351 326 1380 et
345 1344 499 1380 moduni
523 1346 652 1393 exegit
674 1341 916 1392 Herodotus,
948 1343 1092 1381 Nostro
1123 1356 1202 1381 non
1222 1345 1335 1394 plane
1365 1351 1671 1393 consentaneus,
1699 1344 1743 1382 L.

287 1400 316 1436 Ι.
340 1401 412 1440 50.
443 1399 509 1436 Ait
528 1399 646 1436 fuisse
665 1411 824 1436 numero
852 1395 1102 1452 ημιπλινθια
1121 1410 1251 1448 cxvll,
1268 1413 1433 1451 quorum
1451 1407 1617 1450 quatuor
1636 1407 1745 1439 erant

286 1459 370 1493 auri
393 1456 611 1505 purissimi,
642 1452 838 1508 ἀπέφθου
858 1457 1045 1509 χρυσοῦ,
1075 1457 1219 1508 singuli
1249 1456 1376 1507 pondo
1397 1459 1519 1494 unius·
1539 1464 1577 1495 et
1596 1457 1746 1506 dimidii

286 1514 446 1550 talenti:
471 1513 611 1560 reliqui
634 1524 682 1548 ex
702 1512 832 1548 albido
854 1524 962 1560 auro,
987 1512 1120 1550 binum
1138 1515 1372 1551 talentorum
1396 1513 1539 1562 pondo.
1567 1513 1745 1563 Aequant

287 1582 379 1619 ergo
400 1567 611 1605 llerodotei
635 1569 775 1605 lateres
795 1569 878 1605 auri
897 1570 1045 1620 talenta
1072 1579 1246 1607 ccxxxu
1257 1598 1269 1619 ,
1304 1571 1414 1608 cuius
1433 1568 1528 1607 mihi
1552 1569 1744 1608 discrimi-

286 1628 350 1662 nis
369 1626 470 1662 ratio
490 1636 570 1661 non
589 1631 756 1674 apparet.
779 1623 935 1663 WEss:
1451 1642 1452 1645 ¹

403 1681 505 1721 126.
539 1681 613 1720 99.
650 1678 823 1720 Λέοντα
841 1682 1027 1735 χρυσοῦν
1055 1680 1123 1721 καὶ
1149 1677 1348 1735 γυναῖκα]
1387 1679 1649 1719 (Σοηιτιεηιίηἰὲ.
1661 1683 1744 1719 leo-

285 1738 348 1774 nis
367 1737 476 1774 aurei
494 1736 586 1774 ibid.
616 1735 852 1784 Herodotus,
879 1750 988 1786 quem
1009 1739 1187 1788 primitus
1210 1739 1340 1775 decem
1358 1739 1593 1776 talentorum
1613 1739 1740 1788 pondo

285 1794 418 1841 fuisse,
447 1800 579 1841 postea
595 1794 684 1843 igne
695 1792 873 1841 Delphici
887 1794 1079 1842 Apollinis
1092 1795 1234 1844 templo
1254 1801 1492 1844 consumpto,
1521 1807 1589 1831 sex
1611 1796 1741 1832 talen-
1777 1798 1779 1800 ’

284 1856 412 1886 torum
430 1862 475 1886 ac
498 1849 668 1897 dimidii,
695 1851 874 1898 eliquatis
894 1851 961 1887 illo
981 1851 1162 1888 incendio
1185 1851 1308 1888 tribus
1336 1852 1495 1888 talentis
1513 1857 1552 1887 et
1571 1845 1742 1888 dimidio.

282 1906 406 1943 Addit
433 1907 605 1942 mulieris
630 1910 711 1943 eius
731 1913 895 1957 statuam
923 1919 1078 1944 auream
1108 1907 1366 1944 tricubitalem
1392 1907 1536 1954 fuisse,
1567 1906 1613 1944 de
1632 1908 1741 1944 cuius

285 1961 485 1999 dedicatae
514 1974 651 1999 caussa
681 1964 793 2012 plura
811 1961 1043 2000 Plutarchus
1073 1962 1118 2000 de
1140 1962 1255 2013 Pyth.
1286 1962 1399 2000 Orac.
1417 1975 1465 2013 Vp.
1488 1963 1596 2003 401.
1615 1962 1664 2003 Ε.
1695 1962 1742 2001 ld

280 2031 376 2055 vero
398 2018 568 2065 dubites,
594 2019 741 2055 velitne
759 2024 916 2066 auctor,
948 2018 1096 2068 phialas
1114 2020 1201 2056 illas
1221 2028 1347 2055 cchx
1369 2031 1447 2056 una
1466 2031 1552 2056 cum
1570 2020 1681 2056 leone
1700 2025 1740 2056 et

280 2074 426 2111 femina
443 2085 627 2122 aequasse
647 2077 731 2112 auri
755 2076 901 2112 talenta
925 2084 1041 2122 xxx,
1071 2088 1121 2112 an
1141 2076 1292 2112 leonem
1321 2081 1362 2111 et
1379 2075 1582 2112 mulierem
1609 2075 1651 2112 id
1670 2075 1740 2113 ᾔει-’-

280 2130 410 2167 buisse
426 2128 600 2179 pondus?
629 2129 742 2168 Prius
776 2131 858 2181 ipse
876 2131 1082 2169 verborum
1112 2131 1206 2168 ordo
1237 2130 1392 2169 videtur
1413 2132 1569 2180 exigere
1600 2143 1738 2181 resque

280 2187 386 2235 ipsa,
413 2186 514 2224 haud
537 2198 628 2222 sane
647 2187 790 2234 ferens,
815 2194 858 2224 ut
875 2187 1042 2225 feminae
1059 2187 1158 2225 illud
1181 2188 1335 2238 signum
1354 2188 1439 2225 auri
1458 2188 1605 2224 talenta
1623 2197 1738 2225 xxm

280 2243 453 2280 excedat.
483 2241 558 2279 Pro
577 2245 790 2291 posteriore
810 2250 937 2281 tamen
958 2244 1115 2280 stabunt
1132 2243 1298 2281 fortasse
1320 2255 1386 2293 ea,
1416 2255 1513 2295 quae
1535 2250 1670 2281 auctor
1689 2243 1737 2281 de

279 2302 430 2350 argenti
448 2300 579 2336 valore
598 2311 688 2335 mox
711 2299 894 2347 disputat.
921 2299 1062 2337 WESS.

391 2356 495 2395 126.
526 2353 567 2392 3
603 2343 886 2406 Εὗρίσκεσθαι
906 2351 1091 2394 τάλαντα
1120 2352 1452 2407 τετρακισχίλια]
1486 2354 1595 2393 Itane
1614 2353 1736 2393 vero2

275 2408 394 2460 Atqui
411 2413 496 2447 auri
525 2416 698 2457 potestas
725 2411 774 2447 ad
794 2416 1001 2462 argentum
1030 2411 1189 2461 decupla
1208 2419 1302 2450 erat.
1328 2411 1471 2449 Pollux
1491 2411 1563 2449 IX.
1584 2413 1656 2453 76
1684 2408 1738 2451 τὸ

275 2464 321 2505 δὲ
335 2465 509 2532 χρυσίον
537 2462 599 2505 ὅτι
625 2468 700 2506 τοῦ
732 2464 832 2519 άογυ
838 2483 928 2517 (nov
958 2461 1275 2508 δεκαπλάσιον3
1253 2482 1328 2520 ην,
1357 2469 1505 2536 σαφῶς
1526 2464 1578 2508 ἄν
1600 2482 1663 2515 τις
1689 2466 1733 2506 ἐκ

273 2523 348 2574 τῆς
366 2518 619 2589 Μενάνδρου
639 2520 1016 2588 Παοακαταθῆκης
1035 2520 1182 2574 μάθοι·
1203 2521 1410 2576 προειπών
1430 2521 1510 2578 γὰρ

433 2574 585 2629 Ὁλκὴν
608 2574 814 2617 ταλάντου
833 2578 1009 2632 χρυσίου
1032 2592 1097 2620 σοι
1118 2579 1283 2620 παιδιον

428 2630 613 2684 ’Ἐστηκα
638 2635 789 2687 τηοιῦν.
820 2654 868 2662 -·-

265 2684 419 2756 Ἐπάγε
423 2705 434 2728 ι
453 2687 559 2741 μετὰ
581 2691 715 2728 ταῦτα
738 2689 829 2742 περὶ
849 2704 1004 2730 ταυτου
1027 2688 1165 2757 λίνεον
1190 2684 1414 2744 ΖΠακάοιος
1436 2688 1587 2736 ἐκεῖνος
1609 2686 1730 2729 δεκα-

268 2742 472 2785 τάλαντον
495 2759 762 2797 καταφαγων.
813 2744 1018 2784 'laleutum
1038 2749 1148 2794 auri,
1178 2747 1308 2785 decem
1339 2749 1483 2785 talenta
1512 2745 1738 2784 Menander

266 2809 391 2840 xocat.
421 2804 505 2846 Qua
525 2805 652 2851 itaque
673 2803 822 2840 latione
846 2812 979 2839 chxx
998 2805 1083 2841 auri
1104 2803 1274 2852 talenta,
1301 2809 1390 2851 aut,
1422 2805 1456 2841 si
1485 2814 1656 2841 seorsum
1679 2804 1722 2840 in
