1891 3310
431 189 499 232 IN
525 188 638 231 LIB.
665 188 766 230 XV.
803 187 932 230 CAP.
966 191 1040 232 86.
1065 210 1114 222 --
1140 191 1214 233 89.
1481 195 1542 237 67

79 306 215 355 ipsam,
244 305 311 343 sed
330 304 574 353 dissentiens,
594 306 722 356 tetigit
733 302 934 342 Cornelius
953 301 1050 354 Nep
1070 301 1250 354 Epamin.
1269 315 1301 342 c.
1317 305 1386 346 10.
1404 305 1539 348 Wnss

78 361 132 399 Vt
145 362 376 430 Stephanus,
408 364 463 399 sic
484 361 679 399 Diodorus
707 361 802 398 Exc.
822 361 945 399 Vatic.
962 372 1001 410 p.
1024 360 1084 400 ed.
1101 367 1258 399 nostrae
1279 364 1354 403 28.
1376 364 1449 404 33.
1473 362 1538 416 μὰ

75 419 163 459 Δία
183 419 260 470 μὲν
280 433 373 466 ουν,
401 417 548 466 εἰπεῖν,
573 415 680 457 ἀλλὰ
697 415 750 457 τὰ
773 413 838 457 σά.

192 487 264 526 72
296 487 369 526 96
402 481 613 537 εΥπερβα)
618 489 674 525 εἴν
696 483 738 524 ἓν
767 487 818 540 τῇ
841 484 1091 538 στρατηγικῇ
1112 482 1297 534 συνέσει]
1333 484 1536 535 Praeposi-

74 543 219 580 tionem
249 542 343 579 alias
371 544 532 591 ipsemet
558 548 693 579 auctor
717 544 915 593 negligere
944 541 1116 589 adsolet,
1138 547 1182 579 ut
1208 540 1251 578 L.
1275 540 1305 581 Ι.
1330 545 1402 584 66.
1431 542 1534 582 Con-

73 605 284 636 sueverunt
311 605 349 635 et
376 601 463 637 alii.
494 599 694 649 Lycurgus
727 598 794 635 Or.
816 601 857 637 in
878 599 1053 636 Leocrat.
1082 611 1118 649 Ρ.
1145 600 1249 639 166.
1285 594 1390 638 ἀλλὰ
1407 600 1534 642 Λεω-

70 650 226 722 κράτης
241 656 441 694 τοσοῦτον
455 650 734 722 ὑπερβέβληκε
757 656 806 709 τῇ
829 654 1317 721 05171‘91.Herod0t.1.61.
1354 654 1536 708 Θηβαῖοι

72 709 113 749 δ’
145 706 448 764 ὑπερεβάλοντο
470 714 519 765 τῆ
551 707 662 751 δόσει
684 713 767 751 τῶν
784 706 1027 778 χρημάτων.
1078 710 1239 750 Servari
1258 719 1384 749 tamen
1404 719 1534 762 potest

68 766 230 805 Luciam
254 770 426 818 exemplo
450 767 496 806 D.
517 767 631 806 Mort.
652 767 722 805 IX.
748 769 790 808 3.
822 767 890 807 καὶ
921 763 1126 819 ἀὶλήλους
1153 763 1506 821 ὑπερεβάλοντο
1487 785 1530 810 ἑν

68 825 119 876 τῆ
146 823 236 877 περὶ
266 822 337 877 ἐμὲ
357 824 586 882 φιλοτιμία.
615 825 682 863 ubi
702 827 978 877 peritissimum
1000 823 1337 863 Hemsterhusium
1358 828 1529 865 consule.

67 879 209 917 WEss.

181 939 252 976 72.
281 937 322 976 3.
364 934 510 989 Βραχῦ
539 941 628 984 τοῖς
652 932 822 991 χρόνοις
848 932 1080 990 πρότερον]
1118 935 1206 975 Nisi
1235 950 1344 985 erro,
1383 939 1527 978 nimiae

63 995 304 1044 grammatici
331 994 526 1032 sedulitati
555 994 649 1031 haee
680 1001 838 1043 accepta
864 995 1007 1038 referre
1037 994 1229 1034 debemus.
1280 995 1380 1039 Quid
1398 995 1527 1035 enim?

65 1048 277 1098 Scripsisse
300 1049 512 1090 Diodorum
532 1052 749 1101 putabimus
774 1047 912 1104 βραχὺ
940 1054 1027 1096 τοῖς
1041 1044 1209 1103 χρόνοις
1237 1045 1449 1105 πρότερον·
1481 1052 1525 1093 ἐν

66 1104 110 1145 δὲ
130 1111 217 1153 τοῖς
235 1103 313 1159 πρὸ
336 1103 487 1147 τούτου
508 1103 700 1159 χρόνοις-ς
729 1108 861 1160 Apage
880 1109 1056 1156 ineptiaS.
1081 1106 1284 1158 Agesilaus
1304 1111 1525 1158 provectior

64 1163 219 1212 quidem
253 1170 400 1211 aetate,
426 1163 493 1201 sed
524 1164 813 1212 Epaminondae
843 1171 974 1203 tamen
1001 1165 1172 1215 aequalis
1194 1164 1294 1212 fuit,
1333 1171 1374 1202 ut
1393 1168 1524 1216 ceteri,

63 1231 159 1270 quos
178 1222 457 1259 annumeravit.
484 1221 625 1260 WESS

179 1289 353 1329 72-10
385 1286 548 1329 Πολὺ
532 1305 582 1330 αν
612 1285 872 1343 προέχουσαν
893 1284 1002 1340 εἱίροι
1030 1283 1108 1340 τὴν
1134 1285 1227 1342 περὶ
1247 1283 1322 1328 τὸν
1352 1284 1522 1340 Επαμι-

61 1337 225 1383 νώνδαν
239 1350 310 1382 etc.
324 1343 339 1396 ]
369 1344 512 1385 Eadem
531 1350 726 1385 sententia
746 1346 912 1385 Pausan.
935 1345 978 1382 L.
1003 1344 1106 1383 vlu.
1137 1347 1207 1386 11.
1238 1342 1312 1385 τὸν
1335 1344 1379 1385 δὲ
1394 1344 1519 1385 Ἐπα-

57 1396 268 1450 μινώνδαν
281 1404 364 1441 τῶν
375 1400 470 1456 παρ’
485 1399 654 1471 Ἕλλησι
666 1401 916 1471 στρατηγίας
928 1400 1043 1441 ἕνεκα
1058 1399 1251 1454 ευδοκιμη
1257 1417 1334 1441 σαι
1338 1417 1420 1442 των
1430 1419 1459 1453 μ
1469 1399 1520 1442 ἁ-

60 1456 221 1496 λιστα’
203 1456 411 1497 ἐπαινέσαι
434 1474 496 1507 τις
514 1458 588 1507 ἂν,
622 1477 646 1512 η
665 1475 839 1513 υστερον
862 1473 906 1512 γε
927 1455 1096 1505 οὐδενὸς
1118 1455 1350 1510 ποιήσαιτο.
1388 1458 1518 1497 Aelia-

61 1525 134 1550 nus
155 1516 295 1563 primas
317 1516 377 1553 illi
401 1516 504 1554 inter
531 1529 685 1564 omnes,
713 1529 788 1566 qua
808 1515 1000 1562 Graecos,
1030 1529 1105 1566 qua
1134 1513 1351 1564 Romanos,
1379 1517 1517 1555 tribuit

58 1568 148 1607 Var.
180 1570 284 1608 Hist.
313 1570 356 1609 L.
385 1572 471 1613 VII.
506 1575 597 1622 14.‚
625 1574 692 1611 sed
713 1574 842 1623 paullo
871 1573 1125 1611 ambitiosius.
1154 1572 1289 1610 WVEsS.

171 1641 245 1680 72.
271 1641 347 1680 20.
394 1638 482 1681 Διὰ
506 1637 582 1694 τὴν
610 1637 854 1695 ἀφροσύνην
888 1642 972 1680 τῶν
1007 1661 1055 1668 --
1086 1641 1362 1693 κατασκαφῆς
1395 1636 1516 1690 ἔλαβε

11 1743 13 1751 Ι
56 1695 232 1749 πεῖραν]
264 1696 496 1746 Dinarchus,
523 1705 723 1748 postquam
741 1711 803 1736 res
822 1697 1110 1747 Epaminondae
1124 1704 1162 1733 et
1182 1696 1403 1746 Pelopidae,
1432 1710 1516 1734 cer-
1580 1695 1587 1698 ”

55 1756 186 1790 tamen
216 1753 245 1790 Ι
249 1756 481 1801 euctricum,
519 1762 711 1792 vastatam
739 1753 1016 1804 Spartanorum
1043 1755 1263 1804 regionem,
1292 1753 1517 1791 Messenen·-

55 1819 128 1857 que
157 1811 409 1847 instauratam
447 1818 652 1848 exsecutus
683 1817 804 1857 esset,
852 1808 1030 1847 Thebani
1058 1810 1184 1860 inquit
1215 1806 1369 1857 ἔνδοξοι
1399 1807 1514 1863 παρὰ

54 1866 180 1903 πᾶσιν
199 1859 319 1917 ἦσαν.
345 1862 443 1905 πότε
462 1864 505 1905 δ’
531 1860 582 1905 αἶ)
603 1863 845 1906 τουναντίον
870 1863 1040 1905 ταπεινὰ
1059 1866 1127 1904 καὶ
1147 1867 1222 1905 τοῦ
1245 1862 1515 1933 φρονήματος

56 1916 204 1968 ἀνάξια
240 1918 534 1972 διεπράξαντος
570 1919 626 1962 ὅτ’
661 1919 905 1990 ἐδωροδόκει
931 1922 1008 1975 μὲν
1047 1919 1276 1973 λαμβανων
1311 1917 1514 1975 χρήματα

56 1974 170 2029 παρὰ
191 1980 264 2017 τοῦ
286 1978 494 2018 Φιλίππου
520 1974 650 2030 Tucci)
656 1994 730 2026 αος
752 1975 772 2019 ὃ
794 1994 953 2019 τουτων
974 1976 1108 2045 φίλος,
1130 1977 1193 2018 ἐπὶ
1214 1977 1258 2018 δὲ
1278 1984 1365 2025 τοῖς
1386 1976 1514 2026 ξένοις

55 2037 143 2078 τοῖς
173 2034 228 2080 εἷς
251 2031 492 2100 Ἄμφισσαν
521 2037 769 2101 συλλεγεῖσι,
810 2031 1021 2087 ῙΙρόξενος
1050 2031 1070 2076 ὃ
1104 2030 1315 2104 προδότης
1344 2033 1513 2088 ἐγένετο,

10 2087 12 2092 ’
54 2082 216 2140 ηγεμών
242 2093 316 2142 τῆς
338 2086 549 2145 φαλαγγος
578 2088 819 2146 κατεστάθη
845 2090 1072 2144 Θεαγένης,
1103 2089 1330 2146 ἄνθρωπος
1359 2089 1515 2143 ἀτυχὴς

10 2163 13 2193 3
53 2159 121 2182 και
155 2143 412 2200 δωροδόκος,
453 2147 591 2201 ω’σπερ
625 2164 746 2196 ουτος
776 2149 842 2186 Or.
872 2152 914 2187 in
938 2148 1138 2189 Demosth.
1173 2161 1210 2198 Ρ.
1232 2150 1326 2197 99.,
1359 2151 1514 2200 egregie

54 2198 329 2241 'lhebanorum
349 2205 508 2254 ducum,
538 2208 603 2256 qui
622 2206 927 2256 Epaminondam
959 2212 998 2242 et
1018 2206 1241 2256 Pelopidam
1267 2213 1513 2255 exceperunt,

52 2264 154 2294 artes
176 2267 214 2296 et
240 2263 384 2299 scelera
413 2262 624 2300 declarans.
672 2262 766 2300 Mox
795 2263 1072 2316 κατασκαᾳῆς
1100 2275 1180 2300 ιιοιι
1208 2275 1359 2301 moveo.
1409 2262 1514 2301 Novi

51 2310 273 2355 θανόντων
297 2316 574 2371 κατασκαφὰς
602 2326 639 2356 et
658 2333 733 2372 της
766 2318 906 2373 φιλίας
929 2316 1206 2372 κατασκαφὰς
1240 2329 1308 2367 pro
1326 2320 1513 2369 sepulcris

53 2371 100 2408 ab
123 2371 314 2423 Aeschylo
346 2377 388 2412 in
408 2385 467 2411 vll
495 2374 536 2412 C.
559 2373 682 2413 Theb.
708 2390 745 2414 v.
776 2376 911 2416 1016.
938 2376 1071 2416 1015.
1100 2381 1138 2412 et
1164 2374 1356 2425 Sophocle
1378 2374 1511 2426 Antig.

55 2437 91 2466 Ὗ.
116 2429 222 2469 911.
251 2432 410 2480 positas,
438 2431 504 2468 sed
530 2438 568 2470 et
586 2433 732 2483 τειχῶν
754 2445 912 2472 κατασκ
904 2447 1042 2486 εαφιις,
1068 2439 1106 2470 et
1122 2427 1282 2472 πόλεων
1302 2446 1513 2471 κατασκα-

57 2494 136 2534 φας
153 2498 202 2522 ex
225 2485 416 2524 Aeschine
438 2495 552 2538 atque
572 2490 671 2526 aliis.
701 2488 837 2527 Wssss.

171 2551 240 2590 73
272 2555 346 2594 34.
380 2553 469 2607 Την
492 2558 575 2595 τῶν
594 2550 803 2608 ιΕΠήνων
829 2551 969 2596 oz'w‘wza
963 2559 1049 2604 ξιν]
1077 2554 1221 2594 Verum
1244 2562 1303 2592 est
1325 2550 1513 2605 Ἕλληνι-

57 2607 162 2652 κῶν,
193 2613 232 2643 et
255 2620 343 2648 mox
365 2610 658 2665 κατέστροφεν.
690 2613 881 2650 Viderunt
901 2615 1145 2651 librariorum
1170 2613 1350 2649 delictum
1374 2614 1413 2648 in
1432 2617 1512 2647 not.

55 2661 204 2699 Adden·
226 2665 302 2701 viri
323 2664 535 2706 (loclissimi
557 2668 608 2706 H.
629 2667 762 2719 Steph.
786 2677 823 2706 et
846 2669 887 2706 L.
912 2669 1102 2710 Rhodom.
1131 2669 1271 2707 Wssss.

170 2732 241 2771 73
271 2733 344 2771 37.
387 2730 478 2785 Τὴν
504 2732 674 2788 πρώτην
706 2739 790 2776 τῶν
817 2731 1097 2789 ιΕ7ληνικιῖηκ]
1141 2736 1396 2784 Inscripserat
1425 2733 1515 2771 huic

55 2788 161 2834 operi
180 2802 348 2841 πρωτας
377 2786 586 2843 ἱστορίας,
611 2793 804 2841 quomodo
827 2792 966 2830 A.then
990 2793 1033 2832 L
1058 2793 1121 2831 v1.
1145 2793 1203 2840 4.‚
1235 2795 1316 2830 sive
1347 2785 1515 2841 πρώτην

49 2836 143 2881 Ἑλ)
134 2846 296 2896 ηνικῶν
309 2871 322 2894 ,
349 2848 408 2885 uti
427 2846 655 2899 Harpocrat.
691 2849 837 2889 Nostro
858 2851 1107 2888 consentiens
1127 2852 1169 2888 in
1195 2842 1516 2901 Ἀμφικτύοιες.

1160 2906 1224 2946 5
