1859 3326
301 174 360 215 22
530 173 531 176 ’
757 180 1289 228 ΔΝΝΟΤΑΤΙΟΝΕδ

411 286 487 327 77.
515 287 589 329 33.
629 286 771 333 Πάλιν
800 292 1060 350 κατέστησαν
1090 296 1164 340 τὸν
1193 297 1400 355 πόλεμον]
1433 303 1620 345 Addenda
1643 320 1758 357 prae-

297 344 439 392 positio
461 351 533 392 est,
560 358 654 395 quae
676 349 717 386 in
740 349 1021 392 hisPausaniae
1043 351 1099 403 ὥς
1117 355 1162 396 δὲ
1182 355 1222 405 ἒς
1244 357 1317 399 τὸν
1338 357 1532 413 πόλεμον,
1552 361 1625 403 τὰν
1647 363 1758 420 ἱερὸν

298 395 615 451 ὀνομασθέντα,
645 403 684 444 οἱ
711 405 889 459 Θηβαῖοι
908 410 1169 464 κατέστησαν
1187 414 1229 452 L.
1249 416 1350 455 VIII.
1369 430 1404 466 p.
1425 421 1531 460 656.
1558 421 1697 463 XVESS.

413 458 486 497 77.
510 459 584 500 37.
630 462 716 501 Καὶ
749 464 959 518 δυσχερῶς
982 466 1184 521 φέρουσαι
1216 469 1293 524 τὴν
1312 474 1413 526 etc.]
1454 476 1653 516 videndus
1683 479 1756 520 hac

300 510 348 550 de
369 526 411 551 re
433 514 534 554 idem
558 524 616 555 est
636 517 847 572 Pausanias
870 523 912 560 L.
935 524 1036 562 VIII.
1057 528 1132 566 27.
1163 528 1299 569 WVESS.

410 572 483 611 77.
510 572 585 613 48.
621 574 756 622 Οὗτος
774 577 818 617 δὲ
837 579 1064 633 παρελθὼν
1086 583 1141 630 εἷς
1166 582 1366 638 ΖΙἸεγάλην
1389 583 1537 641 πόλιν]
1575 589 1758 633 Demiror

293 620 594 668 Demosthenem
615 631 683 672 Or.
716 633 761 670 de
785 633 1049 688 Megalopolit.
1070 640 1169 679 nihil
1203 641 1340 681 horum
1357 648 1570 698 attingere:
1605 653 1758 688 occasio

294 690 398 721 certe
417 686 572 734 quidem
590 691 836 729 accommoda
854 701 948 732 erat.
977 696 1116 739 WVESS.

409 743 482 782 77.
518 744 589 783 54.
629 742 872 795 Ἀθάναςό
896 749 1206 805 Συρακούσιος]
1249 755 1396 795 Auctor
1421 759 1486 796 ille
1506 773 1529 796 a
1547 761 1758 802 Plutarcho

293 794 333 832 in
355 794 601 838 Timoleonte
623 815 658 851 p.
682 804 789 844 247.
815 803 986 856 Ἀθάνις
1006 817 1188 859 vocatur,
1215 826 1294 850 non
1311 811 1505 862 Ἀθάνας.
1546 815 1612 855 Sic
1639 822 1757 858 etiam

290 852 491 893 Athenaeo
510 856 638 898 L.111.
661 861 736 900 20.
771 864 914 901 citatur
943 862 1109 914 ’Aaa'mg
1130 867 1171 907 ἐν
1191 866 1342 925 πρώτῳ
1366 871 1599 916 Σικελικῶν.
1624 876 1754 914 PALM.

290 906 491 950 Plutarchi
510 922 621 952 vetus
639 916 828 968 interpres
847 921 1025 961 Athanes
1043 926 1158 975 legit,
1191 927 1292 975 quod
1314 927 1433 965 Codd.
1454 930 1608 978 quidam
1629 941 1756 973 ratum

289 962 451 1015 habent,
480 976 522 1007 ut
540 971 746 1022 Xylander
765 983 803 1013 et
819 976 984 1017 Brianus
1003 981 1298 1021 admonuerunt.
1339 984 1409 1021 Ille
1436 999 1528 1037 ergo
1553 1002 1637 1026 cum
1658 988 1757 1028 Dio-

288 1020 385 1061 doro
405 1025 503 1064 nihil
530 1028 735 1069 admodum
755 1041 914 1085 pugnat.
955 1035 1018 1075 Ex
1049 1038 1250 1077 Athenaeo
1269 1040 1451 1090 adparet,
1481 1043 1672 1084 Athanam
1693 1060 1757 1085 res

286 1082 447 1120 maioris
466 1081 652 1136 Dionysii
681 1092 847 1136 primore
871 1090 1089 1133 Sicularum
1113 1094 1256 1134 Rerum
1283 1097 1387 1135 libro
1419 1099 1544 1137 obiter
1565 1106 1756 1152 perstrin-

285 1138 413 1185 xisse,
442 1147 483 1177 et
505 1140 551 1179 de
567 1147 717 1191 poetico
738 1148 820 1184 eius
841 1149 967 1187 studio
989 1151 1210 1203 ineptisque
1237 1154 1447 1193 verborum
1474 1161 1758 1209 conpositioni-

286 1192 359 1235 bus
377 1197 562 1245 quaedam
583 1200 845 1242 admiscuisse.
874 1205 1012 1244 Wnss.

402 1254 476 1294 77.
501 1256 575 1296 61.
605 1255 875 1313 Νικοφήμου]
908 1261 976 1301 Sic
996 1263 1225 1304 etAeschin.
1250 1265 1318 1304 Or.
1341 1269 1383 1305 in
1403 1267 1648 1321 Timarchp.
1668 1272 1755 1323 15.‚

289 1305 358 1345 ubi
388 1307 520 1349 Schol.
551 1304 675 1362 οὗτος
702 1310 800 1368 ἦρξε
829 1317 908 1371 πρὸ
936 1319 1266 1371 Θεμιστοκλέους
1295 1337 1426 1362 errore
1456 1329 1686 1376 manifesto,
1717 1338 1756 1369 et

281 1361 501 1416 Dionysius
520 1367 842 1412 Halicarnasseus
862 1378 903 1413 in
923 1375 1122 1416 Dinarcho
1144 1391 1180 1428 p.
1204 1381 1308 1421 115.
1339 1381 1392 1419 At
1411 1381 1664 1425 Demostheni
1684 1387 1753 1427 Or.

283 1421 331 1462 in
348 1420 484 1473 Steph.
505 1424 555 1463 II.
575 1440 610 1477 p.
637 1430 743 1470 635.
773 1429 837 1470 ἐπὶ
860 1429 1106 1486 Νικοὸίᾒιιου
1137 1433 1353 1489 ἄρχοντος.
1382 1439 1526 1480 VVESS.

400 1483 474 1522 77.
507 1484 580 1523 63.
610 1482 708 1524 Ἕπὶ
741 1485 787 1526 δὲ
814 1485 975 1529 τούτων
999 1489 1271 1546 Ἀλέξανδρος
1285 1492 1386 1546 etc.]
1417 1495 1629 1546 Superiore
1649 1512 1753 1538 anno

283 1533 380 1575 haec
407 1539 454 1576 ab
483 1539 707 1582 Alexandro
736 1544 858 1582 fuisse
888 1546 1094 1596 inchoata,
1123 1563 1210 1587 cum
1242 1550 1378 1590 Molon
1406 1552 1571 1590 Athenis
1594 1555 1752 1595 Archon

283 1599 409 1641 esset,
440 1607 488 1632 ex
510 1595 770 1637 Demosthene
791 1602 859 1639 Or.
878 1605 920 1640 in
945 1604 1092 1654 Polycl.
1121 1619 1159 1656 p.
1189 1609 1295 1648 667.
1327 1617 1491 1648 constat.
1519 1611 1661 1653 WVEss,

397 1653 469 1693 77.
496 1655 570 1694 69.
601 1654 846 1710 Στρατηγόν
863 1658 1129 1714 Λεωσθένην
1150 1659 1460 1720 ἀπολιπόντων]
1491 1667 1597 1711 Haec
1615 1671 1776 1709 ultima-
1814 1708 1817 1709 ⁷

280 1717 363 1743 vox
382 1709 564 1747 mendum
584 1714 756 1751 redolet:
785 1716 886 1753 forte
906 1718 1113 1769 legendum
1140 1716 1487 1771 ἀποπεμπόντων.
1537 1724 1654 1764 Forte
1674 1729 1752 1764 ali-

280 1762 375 1811 quid
397 1764 525 1814 deest,
555 1773 595 1804 et
613 1768 714 1806 forte
735 1772 890 1823 integra
910 1775 1027 1812 linea.
1057 1775 1188 1814 PALM.
1238 1777 1324 1829 Ego
1344 1793 1438 1817 vero
1457 1783 1500 1818 in
1521 1783 1598 1819 alia
1619 1785 1752 1823 omnia

280 1825 451 1870 transeo,
479 1824 607 1861 locum
627 1838 699 1863 nec
719 1826 910 1867 defectum
939 1837 1063 1881 neque
1082 1834 1304 1872 morbosum
1325 1836 1548 1876 arbitratus.
1579 1838 1752 1877 Alexan-

279 1875 349 1914 der
368 1876 577 1918 Thessalus
595 1880 784 1932 Cycladas
812 1887 985 1937 insulas,
1018 1887 1194 1937 Tenum,
1220 1890 1475 1941 Peparethum
1501 1901 1540 1933 et
1564 1898 1660 1934 alias
1683 1899 1750 1934 in-

275 1932 464 1972 festabat:
495 1937 627 1975 eodem
651 1945 823 1990 tempore
842 1945 884 1980 in
902 1942 1144 1984 Chersoneso
1165 1960 1227 1985 res
1246 1948 1392 1987 fiebant
1407 1963 1554 1989 novae:
1575 1953 1751 1991 Procon-

277 1991 378 2027 nesii
397 1994 585 2031 auxilium
604 1997 807 2047 rogabant.
836 1999 1044 2039 Praeterea
1061 2001 1297 2053 Byzantini,
1325 2004 1510 2056 Cyziceni
1527 2015 1564 2045 et
1587 2008 1748 2048 Chalce-

278 2045 389 2086 donii
408 2061 530 2087 naves
548 2052 843 2103 frumentarias,
871 2068 919 2093 ex
942 2056 1069 2096 Ponto
1090 2062 1317 2109 venientes,
1350 2075 1440 2100 suos
1463 2066 1505 2102 in
1526 2072 1659 2113 portus
1682 2067 1749 2104 de-

279 2102 484 2143 ducebant.
528 2106 588 2144 Ad
610 2112 737 2148 omnia
768 2125 813 2150 ea
836 2115 1058 2152 triremibus
1080 2115 1224 2158 Atticis
1252 2125 1335 2156 erat
1355 2132 1474 2168 opus,
1503 2134 1598 2170 opus
1617 2119 1748 2176 {etiam

279 2159 463 2199 ducibus:
490 2161 626 2203 horum
651 2172 752 2217 ‘ergo
772 2181 793 2205 e
820 2180 982 2208 numero
1011 2171 1268 2211 Leosthenem
1295 2175 1343 2212 ad
1372 2175 1626 2227 Peparethum
1647 2181 1747 2217 reli-

279 2225 467 2268 querunt,
491 2221 578 2258 aliis
599 2221 648 2259 ad
668 2225 744 2261 alia
766 2225 852 2262 loca
872 2226 1054 2265 dimissis.
1090 2228 1199 2268 Haec
1227 2238 1319 2268 sunt
1339 2234 1565 2281 planissima
1591 2249 1642 2273 ex
1661 2236 1748 2274 De-

278 2273 481 2311 mosthene
495 2276 562 2314 Or.
581 2279 623 2316 in
634 2279 783 2330 Polycl.
802 2295 844 2331 p.¹
865 2284 971 2323 667.
995 2291 1033 2321 et
1053 2298 1172 2336 seqq„
1192 2290 1256 2324 cui
1276 2289 1546 2342 adiungendus
1559 2292 1744 2343 Polyaen.

278 2328 323 2367 L.
346 2330 410 2371 VI.
434 2334 476 2372 2.
512 2335 576 2382 1.,
603 2349 623 2375 e
647 2347 721 2386 quo
752 2345 951 2387 praeterea
983 2354 1194 2393 cognosces
1227 2344 1468 2385 Pauor-mum
1499 2355 1570 2391 aut
1592 2353 1675 2398 ipsa
1703 2353 1747 2389 in

277 2385 492 2435 Peparetho
522 2391 665 2440 fuisse,
713 2401 782 2433 aut
810 2402 914 2436 certe
943 2409 1024 2435 non
1052 2400 1167 2451 longe
1197 2401 1288 2439 inde
1319 2402 1568 2443 disiunctum.
1606 2406 1744 2447 WEss.

276 2442 515 2499 egpmvjyclv
544 2447 786 2504 Λεωσθένη
817 2448 1063 2495 ἀπέστειλαν
1090 2454 1198 2509 μετὰ
1224 2460 1330 2499 νεῶν
1358 2473 1408 2499 ex
1436 2459 1510 2500 hoc
1541 2465 1630 2502 loco
1661 2463 1745 2502 Ge-

274 2502 429 2543 mistus.
1221 2549 1224 2552 .
1272 2550 1274 2552 ,

393 2559 467 2599 78.
502 2561 575 2600 87.
597 2555 648 2601 Ὁ
673 2560 751 2614 μὲν
772 2555 848 2604 οὖν
867 2561 1018 2620 Χάρης
1037 2565 1139 2620 etc.]
1172 2568 1347 2610 Charetis
1366 2586 1493 2612 mores
1515 2577 1745 2625 perstrinxit

274 2611 550 2665 Theopompus
570 2625 737 2668 notaque
756 2629 939 2671 perpetua
959 2626 1102 2664 inussit
1120 2628 1220 2675 apud
1241 2629 1380 2667 Athen.
1401 2631 1443 2668 L.
1459 2631 1552 2668 XII.
1570 2646 1606 2681 p.
1623 2634 1741 2682 532„

275 2670 344 2708 sed
374 2672 464 2709 vide
495 2674 598 2712 infra
630 2674 672 2712 L.
692 2676 799 2715 XVI.
822 2681 895 2720 86.
925 2687 964 2718 et
985 2693 1082 2731 quae
1113 2684 1164 2722 ad
1190 2684 1329 2736 Nepot.
1354 2685 1492 2726 Chabr.
1512 2701 1546 2728 c.
1570 2689 1613 2729 3.
1642 2703 1742 2729 con-

275 2726 389 2766 duxit
412 2727 462 2770 D.
486 2728 709 2770 Lam-binus.
734 2732 871 2772 WESS.

391 2786 466 2827 78.
498 2787 580 2831 91..
615 2786 704 2841 Τὴν
732 2791 818 2831 τῶν
839 2784 1090 2844 Ἑλληνικῶν
1122 2791 1311 2847 ἱστορίαν
1342 2798 1399 2846 εἷς
1427 2799 1604 2851 τοῦτον]
1649 2801 1741 2841 Νοη

275 2837 409 2880 dubito
438 2844 535 2893 quin
566 2851 656 2896 post
681 2842 869 2902 ἱστορίαν
897 2846 999 2888 desit
1021 2853 1271 2904 participium
1303 2853 1644 2911 συγγραψάμενοι
1671 2866 1740 2898 aut
