1891 3310
1493 142 1581 172 xlx

417 595 788 636 LAURENTH
829 574 1290 634 RHoDoMANNl

343 703 381 751 P
460 670 503 749 a
580 698 628 750 A
707 702 751 749 E
829 701 874 749 F
932 699 1001 757 ,A
1079 698 1121 748 Τ
1199 701 1224 748 I
1306 700 1366 748 ο.

197 911 419 950 ΟΑΝΠΙΒΟ
452 911 669 947 LECTORI
696 909 1012 947 LAURENTlUS
1048 910 1397 948 RHODOMANUS
1424 923 1458 948 s,
1485 925 1524 950 n,

131 1045 242 1092 Anni
266 1061 339 1092 iam
364 1055 646 1103 praeterierunt
669 1054 860 1092 XXXVII.
887 1055 1059 1099 circiter,
1101 1068 1182 1091 cum
1218 1056 1256 1091 in
1295 1060 1504 1104 Gymnasio
1537 1062 1587 1095 ll-

131 1116 241 1158 feld.‚
275 1117 319 1150 ad
349 1117 565 1160 Hercyniae
593 1118 629 1148 iu
657 1115 859 1150 Saxoniam
887 1127 932 1149 ex
958 1117 1146 1160 'l'yringia
1174 1120 1319 1157 portam
1346 1120 1437 1157 sito,
1474 1120 1589 1163 (quod

130 1178 218 1206 tunc
245 1174 380 1206 studiis
407 1181 445 1207 et
471 1173 780 1206 exercitamentis
806 1174 942 1206 artium
965 1177 1003 1205 et
1029 1173 1256 1216 linguarum,
1284 1174 1455 1216 inprimis
1476 1176 1592 1209 Grae-

133 1242 211 1272 cae,
239 1233 409 1263 antistite
437 1231 630 1271 Neandro,
656 1231 918 1264 informandae
945 1231 1150 1262 iuventutis
1175 1231 1356 1272 magistro
1382 1237 1419 1265 et
1444 1235 1589 1268 artifice

134 1289 389 1329 dexterrimo,
429 1290 482 1320 ita
507 1287 685 1330 florebat,
728 1292 770 1321 ut
798 1295 879 1321 cum
907 1288 1046 1330 optime
1072 1288 1288 1320 constitutis
1315 1297 1359 1321 ac
1384 1291 1592 1325 celeberri-

133 1348 204 1380 mis
239 1348 275 1379 in
309 1351 390 1378 tota
423 1343 630 1378 Germania
665 1345 776 1378 facile
811 1335 857 1378 de
890 1345 1014 1388 palma
1049 1349 1239 1390 certaret)
1270 1345 1427 1380 Graccis
1453 1349 1591 1382 litteris

132 1414 285 1447 operam
320 1399 469 1436 dabam.
526 1403 630 1435 luter
670 1405 844 1435 caeteras
880 1406 1005 1434 autem
1049 1400 1259 1436 studiorum
1303 1406 1592 1440 commoditates

131 1462 243 1494 etiam
270 1459 364 1493 baec
390 1456 479 1507 mibi
506 1461 739 1503 contigerat,
772 1464 812 1492 ut
838 1468 883 1493 ex
910 1461 1169 1503 praeceptoris
1195 1459 1453 1503 Bibliotheca,
1480 1474 1589 1507 quam

128 1519 235 1552 libris
262 1520 298 1550 in
325 1519 425 1551 omni
453 1519 589 1550 artium
617 1523 759 1561 genere
787 1518 1118 1550 instructissimam
1147 1513 1322 1558 babebat,
1349 1521 1523 1564 quicquid
1544 1522 1590 1554 ad

129 1583 220 1609 usus
255 1581 499 1619 expeterem,
542 1574 687 1607 affatim
725 1571 1025 1617 depromeretur.
1083 1570 1199 1608 Venit
1224 1579 1326 1616 tum,
1370 1578 1473 1610 inter
1498 1579 1592 1611 alios

129 1635 293 1677 optimae
324 1637 434 1665 notae
461 1637 658 1671 auctores,
701 1632 738 1664 in
769 1639 902 1664 manus
925 1633 1040 1665 etiam
1066 1631 1329 1665 monum-s
1360 1632 1593 1678 Sicu-nus,

130 1682 203 1724 non
231 1692 283 1723 ita
310 1689 453 1733 pridem
481 1690 526 1722 ab
556 1690 782 1722 HENRICO
810 1687 1069 1721 STEPHANo
1100 1689 1236 1722 editus.
1286 1690 1404 1730 Quem
1433 1691 1494 1724 ubi
1522 1694 1593 1735 pri-

129 1756 228 1781 mum
255 1749 383 1790 legere
409 1748 536 1790 coepi,
571 1746 698 1779 dicere
733 1752 806 1778 non
841 1753 1014 1789 possum,
1060 1750 1222 1789 quantos
1248 1747 1283 1779 in
1311 1748 1437 1781 animo
1460 1752 1591 1790 ‘statim

131 1813 216 1838 meo
245 1803 303 1837 bic
327 1805 488 1847 scriptor
510 1810 660 1836 amores
687 1799 885 1842 excitarit,
923 1803 960 1834 in
996 1804 1172 1847 quantam
1210 1805 1268 1836 sui
1302 1805 1591 1840 admirationem

131 1871 190 1895 me
218 1863 405 1905 rapuerit,
438 1860 555 1901 adeo,
588 1865 629 1892 ut
655 1866 701 1893 ex
728 1857 793 1892 illo
820 1861 1013 1902 tempore,
1042 1859 1146 1892 illum
1183 1868 1312 1894 amare
1347 1865 1386 1895 et
1412 1861 1594 1907 magnifa-

131 1927 230 1960 cere,
259 1919 479 1962 praedicare
508 1919 642 1958 etiam,
672 1917 734 1950 ubi
761 1917 909 1950 occasio
936 1915 1112 1958 daretur,
1149 1925 1338 1962 nunquam
1366 1918 1591 1959 destiterim,

130 1975 227 2019 Styli
254 1981 378 2007 autem
410 1971 572 2007 facilitas
600 1978 638 2007 et
662 1975 871 2018 elegantia,
907 1973 944 2006 in
972 1984 1082 2017 quam
1110 1976 1198 2007 tunc
1222 1977 1361 2008 aetatis
1389 1979 1592 2022 praecipue

129 2033 395 2076 respiciebam,
434 2034 592 2065 mirifice
626 2040 685 2065 me
723 2029 935 2074 capiebant.
991 2030 1066 2065 Sed
1093 2030 1246 2065 affectio
1276 2031 1369 2066 baec
1396 2044 1441 2067 eo
1470 2038 1591 2080 magis

130 2092 250 2124 crevit
282 2096 321 2123 et
351 2089 574 2123 confirmata
603 2094 679 2129 est,
704 2098 793 2133 ‘quo
819 2089 900 2132 plus
926 2086 1054 2121 iudicii
1084 2098 1166 2122 cum
1194 2094 1320 2122 aetate
1350 2095 1389 2124 et
1416 2092 1592 2136 profectu

130 2147 167 2181 in
192 2148 300 2181 bonis
323 2148 461 2180 litteris
489 2144 713 2180 accedebat:
751 2147 914 2179 maxime
950 2152 1031 2179 cum
1071 2151 1205 2190 postea
1239 2147 1422 2190 viderem,
1453 2156 1594 2195 quanta

129 2214 254 2239 rerum
282 2207 506 2249 optimarum
535 2206 702 2237 varietas
735 2204 772 2236 in
807 2200 992 2236 catholica
1026 2203 1248 2236 Diononi
1283 2202 1442 2239 historia
1478 2209 1594 2240 conti-

132 2266 299 2296 neretur.
332 2263 618 2295 'l'ametsi'vero
646 2261 846 2304 plurimum
872 2263 975 2295 inter
1000 2268 1178 2295 auctores
1204 2262 1382 2295 classicos
1407 2270 1592 2307 perpetuo

130 2316 340 2352 tribuebam
368 2318 610 2351 Dionono:
648 2327 835 2364 nunquam
873 2321 1000 2352 tamen
1026 2317 1302 2362 interpretandi
1338 2320 1420 2353 eius
1453 2323 1593 2364 cogita-

131 2370 184 2409 tio
224 2377 386 2408 animum
426 2376 558 2408 subiit:
600 2377 826 2419 praesertim
865 2384 947 2409 cum
975 2378 1032 2409 tot
1058 2373 1095 2408 in
1121 2386 1166 2409 eo
1193 2387 1267 2409 non
1296 2375 1445 2409 obscuri
1476 2379 1592 2409 nomi-

132 2435 190 2466 nis
229 2435 330 2466 viros
358 2432 575 2466 elaborasse
602 2433 674 2466 iam
704 2433 846 2476 pridem
875 2433 1235 2466 animadverterem.
1283 2431 1373 2466 ldeo
1401 2440 1589 2477 nunquam

131 2489 203 2523 buc
229 2500 367 2534 operae
391 2490 531 2534 aliquid
557 2490 822 2530 contulissem,
867 2492 937 2523 nisi
964 2491 1205 2523 doctissimus
1233 2491 1296 2524 ille
1325 2491 1490 2523 omnium
1529 2501 1592 2524 no-

134 2552 213 2580 stro
239 2548 391 2580 saeculo
426 2546 764 2591 'l'ypograpborum
812 2547 1074 2580 flexamus
1103 2546 1403 2580 STEPHANUS
1445 2549 1593 2590 provin-

134 2606 227 2638 ciam
255 2603 349 2637 hanc
376 2603 466 2637 mibi
495 2603 808 2639 commendasset.

223 2702 423 2749 Postquam
460 2705 558 2737 enim
594 2700 808 2735 Memnonis
844 2703 882 2736 et
911 2697 1211 2747 Agathan-climac
1248 2699 1474 2746 Eclogarum
1510 2713 1592 2736 ver-

134 2762 302 2803 sionem,
348 2763 566 2795 szixmzl
614 2760 878 2792 nemmem
922 2761 987 2794 τοῦ
1037 2759 1306 2806 ἱστορικωτάτου
1349 2759 1506 2793 consilio
1554 2763 1592 2792 et

1205 2818 1226 2848 b
1251 2818 1275 2850 2
