1859 3326
305 222 422 255 LXVI
912 218 1119 251 HEYNE

614 535 1204 589 [lOOJSECTIO
1284 539 1324 586 I.

871 657 960 697 AD
998 656 1192 698 LIB.I.

443 760 994 808 AEGYPTIACA
1067 761 1622 808 COMPLEXUM.

305 871 551 918 Interponitar
581 870 754 907 iudicium
788 872 828 907 de
864 872 962 907 omni
984 871 1136 907 historia
1166 873 1414 919 Aegyptiac-a,
1438 874 1513 908 eius
1530 874 1695 922 sontibus
1730 878 1765 909 et

529 929 665 964 caussis
688 937 721 965 et
744 930 785 965 de
810 931 912 965 modo
939 941 982 966 ac
1004 932 1145 966 ratione
1167 942 1246 966 eam
1270 932 1539 978 interpretandi.

306 1107 405 1155 Inde
432 1121 479 1156 de
504 1119 692 1168 Aegyptiis
727 1124 848 1169 primo
881 1125 1044 1158 omnium
1077 1123 1161 1160 loco
1194 1135 1312 1170 agere
1336 1125 1516 1159 instituit:
1549 1123 1596 1158 de
1629 1123 1764 1169 quibus

306 1181 528 1224 plerumque
559 1182 611 1213 ita
637 1183 752 1214 statui
779 1183 903 1223 video,
929 1187 970 1215 ut
997 1182 1130 1215 eodem
1158 1183 1281 1224 modo,
1315 1194 1386 1228 quo
1418 1182 1653 1224 Herodotus,
1680 1193 1766 1216 cre-

308 1237 420 1270 datur
442 1237 634 1272 Diodorus
662 1250 684 1271 a
721 1240 982 1273 sacerdotibus
1015 1243 1053 1273 et
1079 1240 1351 1283 interpretibus
1384 1240 1582 1284 Aegyptiis
1607 1244 1765 1284 accepta.

308 1294 346 1326 in
369 1305 457 1326 suas
485 1294 663 1329 historias
685 1298 881 1339 retulisse3
918 1307 990 1342 qua
1022 1297 1173 1341 quidem
1198 1308 1240 1330 re
1267 1296 1361 1330 nihil
1385 1299 1505 1341 magis
1530 1299 1767 1341 perturbavit

307 1361 441 1384 sanum
469 1353 515 1386 de
539 1354 652 1387 rebus
680 1356 924 1398 Aegyptiacis
949 1355 1142 1396 iudicium,
1164 1356 1238 1400 nisi
1263 1355 1362 1389 forte
1388 1355 1510 1388 altera
1532 1356 1599 1389 illa
1624 1358 1764 1400 opinio,

309 1419 383 1453 qua
415 1410 524 1443 modo
555 1422 684 1445 omnes
718 1414 862 1446 veteris
897 1414 1060 1458 Aegypti
1095 1413 1296 1454 historias,
1331 1423 1487 1457 quarum
1523 1424 1639 1457 penes
1662 1416 1765 1459 ipsos

307 1467 517 1510 Aegyptios
545 1479 628 1503 esse
656 1472 777 1513 potuit
801 1473 1006 1513 memoria,
1033 1472 1079 1505 ab
1107 1471 1164 1505 his
1193 1471 1339 1504 duobus
1363 1471 1581 1513 auctoribus
1606 1483 1653 1506 ex
1677 1482 1765 1507 asse

308 1529 619 1568 repraesentatas
647 1538 731 1562 esse
758 1533 1023 1570 autumarunt,
1052 1530 1164 1563 modo
1198 1529 1292 1562 duos
1322 1527 1391 1562 hos
1417 1529 1520 1562 solos
1545 1540 1672 1563 rerum
1698 1532 1767 1564 Ae-

308 1583 524 1626 gyptiarum
553 1589 591 1618 et
615 1587 759 1627 unicos,
785 1598 878 1631 quos
904 1587 1075 1620 Graecae
1096 1587 1248 1620 litterae
1278 1585 1459 1626 habuere,
1482 1586 1600 1620 fuisse
1627 1587 1765 1624 fontes.

308 1639 409 1673 Hinc
435 1648 636 1676 manarunt
659 1644 799 1677 iudicia
822 1646 888 1678 illa
915 1646 1051 1688 partim
1077 1655 1174 1677 vana
1199 1645 1336 1688 partim
1360 1643 1457 1676 falsa
1482 1644 1591 1677 modo
1622 1645 1671 1678 ad
1695 1645 1767 1680 (le—-

308 1698 544 1745 primendam
581 1705 619 1733 et
652 1701 877 1735 elevandam
911 1703 1185 1746 Aegyptiorum
1220 1702 1387 1742 samam,
1421 1701 1533 1735 modo
1568 1702 1616 1735 ad
1650 1704 1769 1736 extol-

310 1755 425 1789 lenda
453 1758 663 1791 immodicis
699 1758 874 1792 laudibus
907 1761 1033 1805 populi
1067 1761 1222 1804 ingenia
1247 1764 1285 1794 et
1309 1760 1469 1794 litteras.
1518 1762 1613 1794 Ante
1641 1762 1768 1795 omnia

312 1815 411 1846 enim
438 1817 562 1848 teneri
588 1816 825 1850 debebantur
850 1817 962 1851 haec:
988 1820 1170 1862 primum,
1197 1829 1349 1859 eorum,
1376 1827 1471 1862 quae
1498 1816 1544 1851 de
1569 1819 1768 1862 Aegyptiis

311 1870 401 1904 olim
425 1870 667 1906 historiarum
701 1875 775 1908 fide
813 1876 955 1909 tradita
975 1881 1103 1917 erant,
1137 1880 1282 1920 partem
1311 1886 1380 1908 nos
1406 1873 1546 1908 habere
1573 1877 1769 1919 exiguam;

311 1928 455 1961 nullum
491 1939 538 1962 ex
572 1940 616 1964 eo
647 1936 839 1975 tempore,
872 1944 945 1978 quo
978 1935 1157 1979 Aegyptii
1194 1935 1272 1967 suis
1305 1933 1475 1977 legibus,
1520 1933 1769 1977 religionibus

311 1986 569 2031 institutisque
602 1990 827 2031 utebantur,
863 1995 1058 2025 auctorem
1093 2003 1137 2025 ac
1167 1992 1325 2034 librum}
1361 1992 1486 2025 omnia
1509 1996 1665 2035 accepta
1684 2001 1769 2025 esse

313 2042 416 2076 fama
441 2045 605 2086 seriore,
634 2051 673 2079 et
699 2058 842 2089 eorum,
863 2050 925 2093 qui
953 2050 1109 2094 antiqua
1134 2051 1365 2082 mirarentur
1391 2052 1430 2082 et
1454 2049 1587 2092 cupide
1613 2050 1770 2094 amplifl-

314 2106 458 2143 carent,
484 2102 622 2136 iudicio
646 2104 805 2145 inflexa;
831 2107 1009 2140 iudicium
1035 2112 1161 2140 tamen
1183 2107 1229 2140 de
1254 2107 1381 2139 multis
1400 2108 1484 2140 fieri
1506 2117 1617 2150 posse
1639 2108 1768 2140 sanius

316 2163 356 2193 et
378 2160 519 2192 rectius
552 2170 598 2193 ex
625 2161 738 2206 [101]
755 2163 926 2207 reliquiis
952 2165 1188 2208 antiquitatis
1211 2165 1469 2208 Aegyptiacae
1493 2174 1574 2196 cum
1600 2162 1769 2198 historiis

315 2218 554 2260 comparatis.
598 2219 693 2251 Ante
722 2219 959 2254 Herodotum
998 2222 1147 2254 adierat
1175 2223 1388 2266 Aegyptum
1421 2219 1626 2254 Hecataeus
1660 2221 1770 2254 Mile-

316 2277 417 2316 sius,
444 2275 526 2319 ipso
552 2275 750 2309 Herodoto
777 2281 896 2318 teste,
922 2280 985 2320 (ΙΙ,
1013 2279 1120 2319 143.)
1147 2278 1386 2323 dubitarique
1414 2280 1478 2311 vix
1507 2281 1654 2322 potest,
1680 2279 1770 2323 quin

316 2333 350 2366 is
373 2334 411 2365 in
445 2333 523 2366 suis
557 2331 726 2365 historiis
761 2335 878 2376 (forte
914 2337 952 2368 in
978 2334 1176 2380 περιηγήσει
1195 2332 1328 2378 Ἀσίας)
1365 2337 1411 2370 de
1434 2338 1606 2380 Aegypto
1635 2337 1770 2381 egerit.

314 2389 434 2424 Porro
459 2389 600 2433 Hippea
632 2389 838 2435 Rheginas,
874 2395 935 2437 qui
962 2393 1069 2426 Darii
1105 2398 1143 2427 et
1162 2393 1302 2426 Xerxis
1328 2397 1500 2437 tempore
1524 2394 1638 2436 vixit,
1664 2403 1771 2437 prae-

315 2451 377 2481 ter
402 2458 466 2481 res
493 2447 639 2481 Siculas
669 2449 845 2482 ediderat
874 2450 1076 2492 Chronica,
1107 2452 1274 2495 origines
1304 2452 1443 2492 (κτίσιν)
1477 2450 1630 2492 Italiae,
1655 2452 1770 2494 Argo-

315 2505 409 2546 lica3
432 2505 593 2538 eundem
619 2516 766 2550 quoque
791 2506 1019 2552 Aegyptiam
1042 2510 1239 2552 attigisse,
1265 2518 1312 2541 ex
1339 2517 1384 2541 eo
1409 2507 1565 2551 colligo,
1591 2507 1690 2552 quod
1721 2507 1768 2540 de

313 2563 584 2606 Aegyptiorum
614 2565 839 2608 antiquitate
865 2576 1030 2608 summa,
1058 2570 1097 2599 et
1121 2566 1167 2599 de
1193 2570 1329 2598 natura
1366 2564 1444 2598 Nili
1483 2564 1544 2608 ad,
1563 2565 1764 2598 fecundius-

315 2623 390 2652 tem
424 2621 580 2664 egregie
613 2627 848 2664 comparata,
889 2623 1118 2664 tradiderat,
1164 2623 1337 2668 quodque
1373 2622 1582 2666 Aegyptios
1619 2618 1765 2654 fluerat

315 2676 434 2710 fuisse
457 2679 621 2721 primos,
658 2677 721 2721 qai
740 2683 1020 2722 temperaturam
1045 2679 1139 2714 aeris
1161 2678 1428 2724 perspexissent
1454 2689 1466 2708 1
1488 2691 1496 2712 :
1532 2671 1626 2716 ‘11⁴0st
1655 2672 1764 2717 quale

408 2780 423 2811 1
451 2776 569 2811 schol.
595 2780 760 2822 Apollon.
797 2781 858 2822 IV,
890 2783 968 2817 262.
1002 2784 1037 2815 in
1074 2783 1251 2825 praeclaro
1286 2779 1450 2815 Schoiio:
1481 2774 1662 2829 “17571110‘53
1686 2771 1767 2829 τοὲς

310 2821 524 2874 Αἶγυῒξτίους
547 2818 801 2868 &exuto-crima:
825 2831 1000 2870 γεγονέναι
1025 2831 1132 2872 Λέγει·
1170 2829 1228 2861 καὶ
1254 2825 1411 2871 πρώτους
1436 2824 1679 2875 σῖῖκαθαῦθαι
1702 2833 1765 2863 της

316 2868 379 2901 τοῦ
407 2870 507 2914 αέρθς
527 2871 698 2915 κράσεως·
727 2874 784 2906 καὶ
805 2874 1044 2919 γονιμώτατον
1068 2877 1154 2908 εἶναι
1176 2873 1216 2907 τὸ
1244 2874 1303 2906 τοῦ
1328 2871 1456 2904 Νείλου
1481 2866 1585 2912 υδωρ.
