1859 3326
329 242 484 276 LXXIV
940 240 1144 273 HEYNE

326 340 435 374 varia
457 349 503 373 ac
529 338 785 384 discrepantia
807 349 875 373 seu
900 339 947 373 de
972 338 1141 372 historiis
1163 349 1231 373 seu
1257 339 1303 372 de
1327 337 1575 383 religionibus
1601 349 1649 373 ex
1670 339 1780 374 libris

327 396 441 443 [112]
462 398 580 429 sacris
599 399 758 430 recitata
777 396 928 436 fuerint,
957 396 1069 431 facile
1088 397 1178 430 licet
1199 397 1362 441 assequi.
1390 397 1543 430 Fundus
1563 398 1699 443 aliquis
1719 399 1781 432 de-

324 454 408 488 buit
435 464 519 487 esse
537 455 727 498 plerisque
748 453 935 487 omnibus:
961 455 1105 499 antiqui
1128 454 1286 486 alicuius
1311 456 1544 488 monumenti
1561 457 1781 498 auctoritas),

312 513 393 547 'sed
419 513 579 546 obscura
596 513 817 556 plerumque
842 511 908 543 illa
935 515 972 544 et
993 512 1160 545 incertae
1185 512 1532 555 interpretationis3
1558 514 1674 547 multo
1704 522 1780 546 ma-

323 572 383 616 gis
411 571 612 604 obscurata
645 568 858 609 hominum,
894 569 955 613 qui
989 569 1232 612 interpretari
1266 570 1488 612 voluerunt,
1522 571 1780 615 opinionibus,-

316 630 379 662 'ita
403 633 445 661 ut
470 639 551 660 cum
579 626 677 659 facto
705 626 859 670 antiquo
885 630 1083 659 teneamus
1109 626 1329 671 plerumque
1346 617 1565 661 'commenta
1592 629 1779 662 seriorum

312 684 536 727 'hominunm
571 684 742 727 adeoque
778 684 968 727 antiquior
1000 683 1159 716 historia
1192 685 1382 727 Aegyptia
1415 686 1624 729 comparari
1658 686 1780 729 possit

320 743 505 776 hactenus
540 752 622 774 cum
658 739 817 773 historia
849 741 1062 784 antiquiore
1099 739 1339 774 Graecorum'
1364 752 1387 774 a
1422 742 1563 786 mythis
1587 743 1780 786 profecta3

320 803 422 834 inest
458 804 496 833 et
531 791 617 832 huic
652 794 787 841 aliquis
820 796 981 838 fundus,
1015 797 1142 841 aliqua
1176 799 1298 840 ratio,
1341 799 1407 832 sed
1443 800 1665 845 plerumque
1699 804 1779 834 tam

321 859 542 898 obscurata,
583 860 661 889 tam
700 855 846 889 lubrica
889 858 928 888 et
968 855 1140 897 ineerta,
1179 859 1222 889 ut
1261 856 1307 890 de
1351 867 1444 891 vero
1486 857 1581 892 nihil.
1619 869 1780 904 pronun-

318 917 416 949 tiare
440 915 565 947 liceat.

413 971 494 1006 Nec
528 975 654 1005 tamen
688 969 761 1005 hoc
795 980 911 1003 unum
946 970 1128 1004 librorum
1152 981 1345 1006 sacrorum
1369 977 1635 1017 argumentum
1660 974 1778 1008 fuisse

319 1034 501 1074 apparet,
534 1033 577 1062 ut
607 1030 762 1073 antiqua
797 1028 1015 1069 traderent3
1049 1030 1232 1072 perscribi
1269 1040 1354 1062 mox
1381 1041 1541 1074 coepere
1565 1041 1628 1064 res
1654 1032 1779 1075 proxi-

318 1099 404 1122 mae
437 1089 616 1131 cuiusque
648 1088 808 1127 aetatis,
853 1087 907 1118 ita
947 1090 990 1118 ut
1025 1096 1093 1130 pro
1128 1087 1327 1119 annalibus
1358 1088 1631 1131 Aegyptiorum
1662 1088 1778 1121 iidem

314 1147 402 1180 libri
439 1146 537 1178 sacri
569 1148 720 1185 essent;
751 1142 822 1176 hoc
854 1147 985 1176 tamen
1023 1154 1098 1176 non
1134 1145 1204 1175 nisi
1241 1145 1362 1176 scrius
1390 1143 1529 1177 factum
1557 1155 1664 1186 esse,
1695 1146 1778 1189 ipsa

316 1205 578 1238 narrationum
602 1203 701 1235 ratio
728 1205 766 1235 et
791 1201 939 1233 indoles
959 1200 1080 1235 docet.
1130 1200 1250 1240 Quam
1274 1200 1448 1234 diversae
1475 1203 1714 1235 auctoritatis
1740 1206 1780 1236 et

316 1262 407 1296 fidei
441 1261 529 1293 illos
562 1259 719 1292 annales
752 1258 871 1291 fuisse
911 1258 1067 1290 credere
1101 1256 1210 1290 licet!
1245 1268 1265 1290 e
1301 1258 1434 1302 quibus
1467 1262 1595 1293 tamen
1630 1270 1677 1293 ne
1703 1259 1778 1293 fra-

318 1322 474 1364 gmenta
510 1317 682 1361 quidem,
714 1316 782 1349 sed
809 1319 987 1360 tanquam
1015 1325 1062 1348 ex
1087 1315 1281 1358 paludosis
1307 1316 1438 1348 rivulis
1462 1316 1654 1349 derivatas
1677 1316 1778 1350 lacu-

304 1375 385 1411 ¹nas
418 1376 611 1409 habemus.
665 1375 736 1407 Alii
776 1373 864 1406 libri
897 1373 1175 1415 disputationes
1211 1372 1257 1405 de
1291 1372 1404 1405 rebus
1436 1374 1554 1406 sacris
1589 1374 1776 1417 complexi

316 1439 424 1477 sunt,
457 1435 522 1466 alii
558 1434 653 1473 alia;
687 1431 754 1464 sed
787 1431 832 1464 de
868 1430 925 1463 liis
964 1430 1180 1473 disputare,
1226 1429 1320 1462 nihil
1356 1440 1452 1462 nunc
1483 1432 1632 1464 attinet.
1678 1431 1777 1465 Illud

315 1493 428 1527 modo
452 1489 719 1524 declarandum
748 1499 832 1521 esse
861 1488 1045 1528 arbitror,
1070 1487 1252 1519 librorum
1273 1486 1404 1519 horum
1430 1497 1625 1523 sacrorum
1650 1494 1777 1523 aucto-

313 1552 469 1585 ritatem
506 1558 589 1582 esse
624 1547 800 1579 debuisse
834 1545 1034 1578 admodum
1069 1544 1281 1585 diver5am5
1315 1548 1474 1588 potuere
1501 1548 1600 1579 enim
1626 1547 1690 1580 alii
1714 1546 1778 1580 ha-

312 1608 406 1643 bere
434 1608 614 1639 maiorem
641 1604 904 1648 antiquitatem
928 1608 936 1625 1
957 1628 966 1644 ,
992 1603 1056 1634 alii
1077 1603 1257 1635 maiorem
1282 1603 1502 1644 doctrinam,
1529 1603 1653 1645 fidem,
1677 1605 1776 1638 aliis.

407 1665 573 1698 Potnere
600 1671 746 1706 quoque
774 1662 874 1693 inter
898 1660 1125 1693 Sacerdotes
1147 1658 1291 1701 haberi,
1316 1671 1411 1704 quae
1437 1661 1539 1693 fama
1562 1658 1693 1695 vetere
1718 1673 1775 1695 es-

312 1727 400 1757 sent
413 1726 568 1764 accepta
584 1718 821 1763 (altcSagen)
836 1730 846 1750 .·
874 1728 968 1762 quae
984 1718 1117 1751 eadem
1139 1721 1264 1750 tamen
1285 1717 1392 1750 libris
1411 1719 1529 1751 sacris
1554 1718 1672 1761 [113]
1690 1729 1774 1752 con-

314 1782 466 1824 signata
491 1780 622 1819 fuisse,
648 1777 843 1822 probabile
870 1775 925 1817 iit,
949 1776 1085 1807 saltem
1106 1779 1197 1816 tum,
1227 1785 1307 1806 cnm
1320 1775 1541 1809 Herodotus
1558 1777 1773 1820 Aegyptum

313 1839 459 1878 adiret,
492 1848 526 1869 v.
548 1847 577 1869 c.
606 1837 652 1868 de
679 1837 850 1878 Aegypto
875 1833 1055 1865 inferiore
1082 1832 1127 1864 ab
1153 1833 1261 1865 initio
1288 1835 1396 1875 aquis
1420 1833 1640 1868 submersa:
1657 1835 1714 1880 (11,
1733 1834 1774 1868 4.

313 1900 352 1929 et
388 1895 464 1938 10.)
503 1898 568 1926 aut
597 1894 659 1925 ubi
687 1894 849 1935 scriptor
871 1890 1067 1934 praeclare
1096 1899 1141 1921 ex
1177 1892 1357 1923 testaceis
1384 1891 1421 1922 in
1447 1891 1635 1924 montibus
1662 1896 1700 1925 et
1725 1901 1774 1926 ex

312 1954 416 1987 saxis
458 1952 694 1996 pyramidum
746 1948 996 1993 conchyliatis
1048 1952 1337 1997 argumentatur
1384 1958 1411 1983 e.
1453 1948 1516 1981 12.
1561 1950 1774 1994 (sagacius,

313 2021 425 2054 quam
462 2009 597 2042 Strabo
632 2007 752 2048 XVss,
788 2017 825 2050 p.
857 2008 979 2040 1162.
1000 2005 1062 2050 B.)
1093 2009 1131 2038 et
1157 2005 1202 2038 de
1231 2006 1301 2039 soii
1326 2006 1465 2039 alluvie
1490 2015 1521 2038 c.
1547 2005 1611 2040 13.
1656 2006 1699 2040 1η
1724 2008 1771 2040 iis

310 2070 429 2112 igitur
454 2068 560 2100 libris
587 2058 750 2108 computi
772 2074 905 2108 rogum
935 2074 979 2096 ex
1003 2065 1048 2095 iis
1076 2064 1349 2104 monumentis,
1371 2064 1606 2107 antiquiores
1630 2066 1772 2110 utique,

312 2125 474 2158 consecti
500 2124 807 2156 continebantur:
831 2122 929 2154 unde
956 2120 1169 2164 praelectus
1198 2131 1261 2153 eos
1289 2122 1528 2164 transcripsit
1549 2121 1772 2155 Herodotus

314 2183 376 2225 (n,
403 2183 504 2225 100.)
533 2182 634 2224 Ergo
664 2181 877 2223 antiquiora
911 2178 1086 2211 redibant
1115 2179 1241 2209 onmia
1276 2178 1323 2209 ad
1351 2182 1593 2211 monumenta
1620 2189 1773 2212 eorum-

312 2250 383 2284 que
412 2240 775 2282 interpretationem.
826 2236 959 2280 Neque
995 2236 1090 2268 adeo
1126 2239 1192 2267 aut
1218 2235 1451 2276 mirandum,
1486 2239 1569 2276 aut,
1595 2237 1667 2281 nisi
1694 2238 1771 2271 alia¹

310 2306 425 2330 causa
460 2296 645 2337 adsuerit,
678 2296 724 2328 de
764 2294 897 2327 frande
935 2298 992 2326 est
1024 2293 1287 2336 cogitandum,
1321 2293 1353 2324 si
1387 2293 1505 2324 multa
1531 2303 1578 2325 ex
1604 2296 1769 2339 antiquis

312 2356 495 2388 columnis
521 2364 565 2386 ac
588 2354 716 2397 cippis,
746 2352 915 2394 (στήλαις)
953 2352 990 2382 in
1018 2361 1175 2393 quorum
1201 2359 1358 2382 numero
1383 2349 1539 2382 obelisci
1565 2349 1685 2392 fuere,
1707 2362 1770 2395 pe-

309 2415 380 2445 tita
413 2411 646 2451 afferuntur,
678 2411 860 2452 inscripta
892 2410 938 2441 iis
970 2409 1183 2451 putabimus
1229 2407 1347 2439 fuisse
1387 2406 1658 2451 hieroglyplia,
1693 2420 1769 2443 non

308 2471 647 2514 interpretationes
672 2470 796 2512 ipsas,
832 2477 924 2510 quas
952 2466 1051 2499 forte
1077 2467 1163 2498 libri
1190 2465 1288 2497 sacri
1311 2465 1568 2498 continebant.
1611 2467 1653 2499 In
1679 2477 1769 2500 non-

309 2530 424 2562 nullis
450 2529 543 2561 locis
569 2527 682 2559 etiam
710 2525 889 2557 nonnulla
915 2534 1069 2556 servare
1097 2525 1219 2566 potuit
1242 2522 1433 2556 hominum
1460 2525 1662 2565 memoria,
1694 2534 1769 2568 qua.

308 2588 358 2629 ii,
393 2587 456 2630 qui
492 2584 675 2618 arabilem
708 2583 872 2626 Aegypti
902 2586 1050 2626 partem
1084 2580 1324 2622 incolebant,
1349 2581 1544 2626 adeoque,
1568 2585 1611 2615 ut
1634 2582 1767 2626 proba-

400 2745 419 2777 1
447 2742 536 2774 Satis
561 2752 727 2783 magnam
751 2740 989 2771 anctoritatem
1008 2738 1170 2770 habuisse
1195 2739 1304 2770 libros
1328 2738 1520 2769 nonnullos
1545 2748 1660 2768 sacros
1683 2748 1767 2780 pro-

308 2789 427 2821 babile
454 2790 509 2825 fit,
539 2789 574 2819 in
600 2797 670 2818 tam
705 2787 845 2827 antiqua
873 2787 1050 2816 scribendi
1092 2785 1213 2816 litteris
1242 2787 1377 2826 origine
1405 2785 1597 2815 eL.l11V(311La
1620 2783 1766 2814 materia

308 2835 522 2874 domestica,
555 2845 697 2877 papyro.
758 2832 855 2874 Quid
900 2832 994 2873 qnod
1037 2833 1107 2862 iam
1151 2832 1186 2861 in
1228 2831 1474 2872 antiquissimo
1521 2837 1766 2869 monumento,

308 2881 556 2925 Osyiuandyae
578 2881 757 2923 sepulcro,
780 2879 959 2910 volumina
982 2886 1081 2909 eraut
1105 2876 1224 2913 efficta,
1250 2887 1284 2912 v.
1303 2876 1410 2911 Diod.
1437 2877 1464 2917 I,
1487 2872 1545 2911 49.
