1859 3326
312 208 408 251 226
778 204 1308 250 ΑΝΝΟΤΑἸῚΟΝΕΞ

318 324 406 362 hoc'
423 321 485 362 vir
514 319 649 361 doctus
679 333 728 360 ex
750 325 875 362 veteri
894 323 994 361 libro
1026 323 1232 375 adscripsit
1250 324 1367 363 Basil.
1392 322 1574 375 ἐκδόσει,
1603 328 1644 365 in
1666 327 1779 366 ditis-

318 384 415 420 sima
433 380 677 419 Leidensium
695 379 935 418 Bibliotheca
958 382 1206 429 adservatae,
1235 384 1331 419 illud
1355 383 1518 421 Diodori
1539 398 1620 421 mos
1649 393 1687 422 et
1715 398 1778 423 res

319 440 404 489 ipsa
435 438 662 487 postulabat.
705 437 852 475 Vitium
883 445 1087 486 utrumque
1115 441 1268 477 notavit
1289 439 1445 478 Clariss.
1473 441 1568 478 Arn.
1597 440 1780 480 Draken-

319 494 438 534 borch
469 495 517 530 ad
540 493 644 531 Livii
667 493 708 531 L.
730 493 832 531 Vlll.
856 496 931 534 29.
974 495 1110 533 WEss.

434 552 541 593 258.
567 552 640 591 36.
667 547 901 603 3Agip‘td'aiov
920 548 993 590 τὸν
1018 551 1227 592 Φιλίππου
1247 551 1324 604 μὲν
1341 550 1433 593 υἱὸν
1447 553 1543 604 ete]
1573 549 1781 606 Γεγονότα

319 606 395 661 μέν
419 606 461 646 ἐκ
483 604 675 659 γυναικὸς
696 602 849 654 ἀδόξου
881 607 949 647 καὶ
970 610 1109 660 κοινῆς
1132 608 1348 662 Φιλίννης,
1375 607 1497 662 ἀτελῆ
1521 608 1565 650 δὲ
1592 613 1651 665 τῷ
1674 625 1783 664 φρο-

322 669 404 705 νεῖν
428 660 529 703 ὄντα
553 660 622 702 διὰ
644 658 994 718 σώματος-νόσον,
1022 663 1069 704 οὐ
1088 662 1210 719 φύσει
1227 669 1561 718 προσπεσοῦσαν.
1594 667 1661 705 Sic
1681 668 1783 705 Plut.

324 728 496 759 extrema
519 719 629 757 Alex.
648 721 741 757 vita.
759 719 957 769 Philinna,
985 721 1190 760 Arrhidaei
1209 731 1344 769 mater,
1368 726 1546 762 saltatrix
1565 738 1650 761 cum
1671 731 1784 771 esset,

325 779 411 829 regi
441 777 622 828 Philippo
656 788 739 814 sese
768 778 1000 827 probaverat
1026 780 1128 831 apud
1156 779 1299 822 Athen.
1325 780 1368 818 L.
1399 780 1509 819 Xlll.
1538 794 1576 831 p.
1600 783 1705 823 578.
1737 780 1784 819 A.

324 835 466 873 Wssss.
1252 833 1266 846 ⁸
1756 856 1757 859 =

438 891 546 931 258.
575 891 653 931 40.
696 886 758 930 Τὸ
796 892 880 931 τῶν
909 887 1065 933 ἱππέων
1093 894 1178 934 τῶν
1208 888 1384 947 ἑταίρων
1413 915 1462 923 -
1489 889 1706 946 σύστημα]
1742 894 1787 932 Iu

327 949 518 998 superiori
537 947 707 985 editione
729 949 872 999 legitur
893 948 956 987 hic
979 945 1152 1003 ἑτέρων,
1182 951 1316 989 itidem
1337 958 1376 988 et
1404 953 1506 989 circa
1527 952 1642 989 finem
1672 951 1786 989 huius

327 1007 505 1056 paginae.
554 1003 633 1041 Sed
661 1005 866 1055 legendum
895 1020 979 1044 esse
1005 1008 1209 1059 utrobique
1236 1004 1432 1060 ἑταίρων,
1461 1015 1506 1046 ut
1533 1011 1575 1047 in
1603 1016 1789 1046 contextu

327 1064 462 1113 posui,
492 1074 578 1098 cum
598 1073 647 1098 ex
667 1063 754 1099 aliis
782 1069 861 1100 tum
886 1078 934 1101 ex
966 1064 1131 1102 Arriano
1155 1073 1272 1114 patet.
1303 1065 1459 1102 Simu.

441 1118 550 1159 258.
582 1119 658 1159 46.
699 1115 822 1174 Πρὸς
843 1118 941 1168 τοὺς
970 1121 1115 1171 πεζοὺς
1137 1121 1200 1176 (ἐκ
1232 1125 1316 1162 τῶν
1338 1120 1501 1173 ‹lg-‘lama
1528 1143 1576 1149 —--
1599 1119 1792 1175 ἐπιφανέ-

329 1175 502 1226 στατος)
531 1173 817 1230 φαλαγγίτας]
846 1176 1029 1217 Demiror
1058 1179 1159 1216 hunc
1193 1182 1318 1217 locum
1342 1181 1499 1216 silentio
1531 1179 1791 1216 transmisisse

328 1234 436 1271 viros
466 1232 707 1270 doctissimos
738 1232 790 1273 H.
815 1233 1050 1285 Stephanum
1080 1243 1119 1273 et
1149 1235 1493 1283 Rhodomannum,
1523 1248 1644 1285 neque
1667 1237 1792 1272 anim-

329 1289 569 1336 advertisse,
592 1286 757 1340 repetita
781 1289 844 1328 hic
866 1294 977 1340 plura
998 1306 1046 1331 ex
1068 1294 1329 1344 superioribus
1350 1307 1433 1330 esse
1453 1294 1662 1338 vocabula,
1693 1304 1790 1341 quae

330 1348 461 1384 omnia
483 1347 730 1384 conturbant.
769 1346 827 1385 Ea
845 1351 1019 1398 profecto
1048 1351 1246 1398 fecerunt,
1276 1357 1319 1387 ut
1339 1350 1602 1401 Plzalangites
1630 1350 1792 1387 ducibus

329 1404 496 1442 maxime
517 1406 734 1453 conspicuis
754 1407 1010 1456 insereretur,
1039 1410 1193 1446 tametsi
1212 1409 1340 1445 nullus
1367 1408 1497 1444 fuerit.
1533 1406 1704 1445 Dederat
1724 1419 1792 1442 au-

331 1466 416 1497 ctor
433 1461 593 1507 ipsemet
614 1455 635 1500 ὃ
659 1458 703 1499 δὲ
723 1460 991 1516 ΠἸελεάγρος,
1021 1460 1077 1512 ὥς
1096 1456 1167 1516 ἧκε
1188 1462 1293 1515 πρὸς
1313 1462 1411 1510 τοὺς
1431 1461 1576 1512 πεζοὺς
1593 1460 1794 1517 φαλαγγί-

331 1530 422 1563 τας,
446 1516 656 1567 Meleager
674 1522 961 1571 quamprimum
981 1523 1250 1574 adpedestris
1265 1519 1486 1573 phalangis
1505 1522 1649 1558 milites
1668 1521 1790 1560 venit.

331 1572 376 1610 ld
398 1574 612 1612 clarissime
630 1574 838 1613 adfirmant
862 1579 1127 1626 membranae,
1156 1577 1414 1632 φαλαγγίτας
1435 1578 1605 1617 edentes,
1650 1576 1795 1614 Socors

265 1654 269 1659 ·
332 1642 427 1668 vero
449 1632 694 1668 amanuensis
712 1645 798 1669 cum
816 1635 1019 1672 scribendo
1042 1635 1262 1673 devenisset
1279 1635 1326 1672 ad
1345 1632 1443 1681 τοὺς
1463 1631 1629 1683 πεζοὺς,
1663 1636 1795 1672 conie-

333 1688 407 1723 ctis
437 1687 479 1723 in
510 1686 664 1724 easdem
692 1701 832 1737 voces,
854 1693 982 1739 paullo
1011 1699 1101 1729 ante
1134 1694 1300 1741 positas,
1329 1693 1472 1739 oculis,
1503 1694 1644 1729 iterare
1667 1694 1796 1740 coepit

331 1740 377 1782 ἐκ
395 1744 480 1782 τῶν
495 1739 659 1795 ἀξίωμα
679 1739 857 1796 ἐχόντων
879 1744 1044 1802 ἀνδρῶν
1057 1776 1068 1797 ,
1095 1740 1152 1788 ὧν
1170 1741 1221 1801 ἧν
1240 1746 1590 1803 ἐπιφανέστατος,
1617 1750 1796 1798 insuper-

298 1851 301 1853 Π
329 1811 405 1849 que
422 1799 706 1853 φαλαγγίτας,
728 1810 772 1840 ut
790 1807 930 1842 ceteris
951 1814 1038 1855 apte
1069 1805 1314 1854 cohaereret,
1343 1808 1523 1844 mutavit.
1572 1806 1677 1850 Quae
1709 1807 1797 1854 qui-

331 1856 419 1894 dem
441 1856 573 1895 mendi
607 1860 717 1910 origo
748 1863 992 1909 apertissima
1021 1876 1109 1901 cum
1142 1864 1214 1910 sit,
1267 1865 1477 1911 inportuna
1503 1863 1692 1900 vocabula
1719 1865 1796 1899 cir-

330 1912 512 1952 cumdare
533 1916 686 1953 uncinis
712 1919 901 1965 sustinui,
925 1921 968 1956 in
988 1922 1168 1957 versione
1188 1918 1288 1957 nihil
1307 1920 1519 1957 demutans.
1558 1919 1796 1969 inspexisset

329 1967 635 2009 Rhodomannus
649 1971 790 2011 Latina
813 1972 1034 2014 sebastiani
1056 1975 1328 2024 castellionis,
1355 1975 1458 2014 haud
1480 1975 1595 2014 dubie
1615 1976 1794 2014 Phalan-

329 2029 440 2077 giten
462 2029 573 2066 illum
591 2029 843 2077 repudiasset.
884 2030 952 2069 Sic
973 2035 1075 2070 enim
1096 2035 1184 2071 ille:
1218 2033 1428 2083 Meleager
1446 2046 1564 2081 vero,
1593 2033 1661 2071 ubi
1684 2034 1796 2071 venie

331 2085 575 2135 adpedites,
603 2086 820 2136 legationis
837 2090 986 2127 nullam
997 2090 1113 2137 fecit
1132 2093 1366 2128 mentionem
1380 2119 1391 2138 ‚
1416 2091 1604 2141 neglectis
1622 2089 1792 2140 pruden-

332 2146 393 2178 ter
414 2141 612 2189 omuibus,
640 2155 736 2192 quae
757 2147 947 2183 orationis
967 2149 1105 2184 seriem
1127 2147 1347 2184 foedabant.
1374 2147 1516 2186 Wssss.

439 2198 549 2239 258.
572 2198 645 2239 54.
681 2197 735 2239 Oi
747 2199 1015 2255 χαριέστατοι
1035 2205 1120 2244 τῶν
1141 2200 1305 2256 ἀνδρῶν
1322 2225 1370 2231 ——-
1388 2197 1639 2255 ὁμονοῆσαι]
1670 2201 1795 2240 Multa.

327 2250 393 2289 hic
414 2257 799 2306 praetermittuntur,
827 2260 993 2307 petenda
1017 2273 1066 2298 ex
1086 2259 1222 2299 Curtio
1242 2261 1287 2300 L.
1308 2259 1363 2298 X.
1388 2262 1428 2300 7.
1452 2263 1491 2302 8.
1522 2267 1560 2297 et
1579 2273 1657 2310 seq.
1677 2261 1791 2298 item-

328 2320 403 2359 que
422 2310 591 2348 Arriano
610 2313 651 2349 in
671 2311 800 2352 Photii
817 2313 1005 2353 Biblioth.
1026 2316 1119 2355 Cod.
1141 2316 1265 2354 XCII.
1284 2329 1321 2366 p.
1342 2317 1449 2358 215.
1481 2316 1618 2354 VVEss.

436 2368 546 2408 258.
576 2369 648 2408 73.
681 2368 914 2428 ΖΙἸελεάγρῳ
940 2371 985 2412 δὲ
998 2370 1203 2425 Λυδίαν]
1233 2373 1392 2412 Curtius
1409 2373 1463 2412 X.
1485 2376 1558 2414 10.
1582 2376 1639 2422 2.,
1656 2372 1789 2410 Arria-

325 2434 400 2460 nus
421 2422 523 2461 dicto
542 2425 626 2461 loco
650 2434 687 2462 ct
706 2425 906 2477 Dexippus
926 2431 1027 2480 apud
1047 2430 1161 2469 Phot.
1182 2429 1281 2469 Bibl.
1301 2429 1664 2479 Cod.LXXX11.p.
1682 2431 1785 2471 199.

322 2478 489 2529 Lydiam
509 2479 732 2520 Menandro
753 2487 1012 2525 contributam
1033 2488 1216 2535 tradunt,
1247 2489 1349 2526 forte
1374 2489 1516 2527 veriuS.
1555 2486 1715 2525 Constat
1737 2498 1784 2523 ex

319 2536 473 2584 iisdem,
497 2536 747 2588 Meleagrum
764 2548 856 2579 ante
872 2541 972 2580 hanc
985 2546 1272 2595 provinciarum
1292 2546 1589 2593 descriptionem
1604 2545 1784 2580 interem-

320 2598 406 2630 tum
425 2606 520 2631 esse.
550 2593 673 2631 Porro
697 2596 947 2649 Cassander,
970 2603 1034 2638 cui
1053 2599 1168 2640 Caria
1186 2604 1324 2650 cessit,
1351 2601 1536 2640 Asander
1555 2613 1637 2637 esse
1656 2598 1779 2635 debet.

322 2647 412 2689 Vid.
436 2663 516 2700 cap.
541 2652 614 2690 39.
646 2650 781 2690 WEss.

431 2708 542 2746 259.
574 2706 647 2747 84-
688 2706 964 2763 Προσώρισεν
990 2708 1194 2768 Ὀξυάρτῃ
1217 2715 1277 2769 τῷ
1300 2712 1554 2767 Βακτριανῷ
1582 2709 1776 2762 βασιλεῖ’]

319 2758 418 2799 Mihi
441 2765 472 2800 si
496 2764 634 2811 credis,
662 2764 814 2815 ineptae
844 2768 1096 2808 Grammatici
1116 2773 1270 2821 glossae
1291 2777 1525 2818 postremum
1547 2769 1778 2807 vocabulum

314 2816 522 2856 adscribes.
559 2819 853 2862 Bactrianorum
871 2838 941 2862 rex
972 2827 1167 2877 Oxyartes
1187 2840 1265 2864 non
1283 2828 1380 2874 fuit,
1404 2829 1496 2874 quin
1528 2839 1575 2862 ne
1602 2824 1775 2862 Bactria·-

310 2885 400 2912 nam
422 2876 575 2923 quidem
596 2881 836 2925 provinciam
855 2890 960 2920 sorte
983 2887 1155 2932 accepit,
1184 2883 1251 2920 sed
1274 2882 1490 2931 Philippus,
1512 2889 1554 2919 ut
1573 2894 1664 2919 mox
1686 2894 1773 2918 suc-
