1891 3310
310 202 384 232 DE
417 201 738 233 FON'rrnus
773 201 936 232 His'r.
973 200 1257 234 monom.
1344 191 1529 236 izicx'vif

70 299 249 333 traditum
272 301 521 344 acceperant3
548 298 623 331 alia
651 298 698 334 ad
725 309 879 332 caussas
905 301 943 332 et
971 287 1152 342 origines,
1180 298 1353 344 adeoque
1378 300 1425 333 ad
1448 300 1527 345 opi-¹

68 359 200 391 nioues
230 369 298 392 seu
324 357 561 391 sacerdotum
598 368 666 390 scu
698 359 948 400 interpretum
983 366 1051 389 seu
1084 357 1532 402 ipsorumscriptorum:

67 415 239 448 Alienum
273 425 295 448 a
331 415 489 448 consilio
526 418 649 456 esset,
692 415 910 459 singulatim
945 412 1040 447 haec
1073 415 1270 460 persequi:
1304 417 1372 449 sed
1405 418 1442 451 in
1477 421 1528 453 iis

67 473 182 516 ipsis,
214 482 310 517 quae
337 472 383 506 de
409 473 657 516 religionibus
684 476 959 513 memorantur,
991 473 1082 505 licet
1106 471 1181 504 alia
1208 474 1424 507 recentiora
1448 465 1531 510 alia³

67 532 282 575 antiquiora
316 532 590 564 internoscere.
649 530 774 564 Nolim
812 530 859 563 ad
885 531 1054 573 argutias
1081 529 1227 569 delabi,
1261 529 1327 562 sed
1354 532 1427 564 tria
1453 533 1528 566 sal-'

67 590 144 621 tem
180 589 417 633 antiquarum
451 588 677 632 religionum
713 598 857 632 genera
890 587 1108 620 discernere
1143 586 1232 619 mihi
1254 587 1408 630 videon-3
1436 600 1528 634 quo-¹

66 656 148 679 rum
176 647 479 679 recentissimum
497 651 554 679 est
576 646 679 686 illud,
707 656 778 689 quo
799 644 845 677 ad
866 645 1002 677 Isidem
1026 647 1064 678 ct
1088 645 1275 678 Osiridem
1305 645 1528 682 referuntur

69 704 214 744 omnia;
237 707 501 747 praecesserat
537 703 661 744 aliud,
697 708 737 735 ut
762 704 813 735 ita
838 703 980 743 dicam,
1008 707 1178 746 systema
1203 704 1300 744 vui,
1325 704 1426 737 aliud
1454 695 1525 739 'xit

67 761 236 794 deorum.
260 763 309 802 (v.
327 761 486 806 c.[117]
503 761 643 793 Herod.
666 760 711 801 ll,
734 759 922 805 46.145.)
956 760 1119 794 subesse
1141 762 1186 793 iis
1207 772 1380 805 magnam
1401 765 1520 796 notio-

66 828 152 850 num
173 818 413 862 physicarum
438 819 732 862 simplicitatem,
759 818 870 850 obvia
890 828 951 850 res
976 822 1050 855 cst,
1079 829 1147 850 nec
1166 818 1339 853 dubitare
1375 821 1466 853 licet
1500 831 1525 855 a

64 876 239 908 sensibus
265 876 472 919 religiones
501 886 667 920 (piasque
696 876 869 919 antiquas
896 875 1034 918 petitas
1069 874 1200 909 fuisse.
1245 876 1369 910 Multa
1392 879 1439 911 ad
1466 889 1526 921 ea,

65 943 161 977 quae
186 933 294 966 libris
328 935 446 965 sacris
475 935 685 977 perscripta
712 937 840 974 erant,
864 933 989 965 redire
1018 933 1258 966 manifestum
1283 933 1346 975 fit,
1372 935 1448 968 alia
1473 937 1524 970 ad

64 989 186 1035 λόγους
212 989 347 1036 ἱεροίς,
380 989 413 1027 h.
436 1001 469 1025 e.
495 992 831 1035 interpretationes
858 991 1120 1029 sacerdotum,
1143 1002 1234 1034 quas
1261 991 1436 1027 diversae
1462 1005 1524 1028 ae-

63 1049 173 1091 tatis,
208 1049 469 1090 auctoritatis,
505 1049 614 1091 fidei,
646 1059 731 1082 esse
759 1049 937 1081 debuisse
966 1049 1004 1080 in
1031 1049 1158 1092 aprico
1185 1053 1254 1083 est.
1303 1052 1526 1096 Antiquissi-

64 1117 145 1139 mas
169 1117 337 1151 quasque
363 1107 636 1151 Aegyptiorum
662 1107 869 1150 religiones
895 1106 1193 1149 simplicissimas
1219 1106 1336 1142 fuisse
1365 1110 1528 1144 credere

63 1164 172 1206 licet3
199 1166 312 1197 etiam
341 1175 426 1206 eas,
452 1176 548 1210 quae
576 1164 774 1209 symbolici
801 1164 889 1208 quid
916 1163 1121 1206 haberent3
1150 1166 1325 1208 easdem,
1357 1167 1525 1200 diversa-

62 1233 146 1256 rum
173 1222 321 1254 urbium
358 1226 397 1256 et
431 1223 622 1262 locorum,
655 1222 773 1255 fuisse
806 1223 953 1265 origine
991 1223 1182 1265 diversas,
1218 1235 1331 1268 supra
1362 1226 1523 1259 innuere

63 1281 229 1313 memini.
276 1279 351 1313 Per
375 1283 520 1313 tantum
547 1285 714 1314 aetatum
741 1290 938 1313 numerum
963 1281 1033 1313 etsi
1061 1282 1097 1313 in
1122 1282 1259 1326 populo
1283 1283 1527 1328 antiquitatis

62 1338 305 1371 tenacissimo
332 1336 416 1370 fieri
451 1342 577 1371 tamen
602 1349 675 1370 non
701 1339 840 1381 potuit,
861 1335 963 1382 'quin
991 1339 1109 1371 multa
1134 1344 1385 1381 noval-entur3
1411 1351 1523 1385 quam

62 1396 182 1427 multa
209 1405 277 1439 per
308 1398 365 1427 tot
396 1395 609 1428 seculorum
646 1395 845 1429 decursum
882 1406 929 1429 ex
963 1398 1146 1430 memoria
1177 1396 1368 1431 hominum
1397 1398 1524 1432 exole-

63 1463 171 1486 scere
200 1451 384 1485 debuere!
420 1452 647 1486 substitutae
683 1457 772 1486 sunt
801 1454 999 1497 opiniones
1027 1459 1066 1488 et
1095 1456 1355 1498 coniecturae,
1380 1457 1525 1490 variae»

63 1515 102 1544 et
134 1511 304 1543 incertae
351 1513 391 1544 et
423 1520 445 1543 a
478 1510 640 1543 diversis
679 1511 920 1544 sacerdotum
957 1512 1150 1556 collegiis,
1184 1513 1223 1546 in
1256 1513 1418 1547 diversis
1452 1516 1523 1548 Ac·

60 1569 170 1612 gypti
210 1568 352 1609 nornis,
395 1569 433 1601 in
474 1572 582 1601 tanta
626 1569 851 1613 religionum
897 1573 936 1602 et
978 1570 1238 1603 institutorum
1284 1571 1522 1609 diversitate,

59 1626 151 1659 Mox
187 1636 270 1658 cum
304 1625 534 1659 Graecorum
572 1625 669 1659 forte
699 1627 874 1670 exemplo
906 1637 1021 1671 super
1055 1628 1281 1671 religionum
1313 1629 1524 1672 originibus

63 1688 101 1717 et
128 1685 271 1717 caussis
299 1683 493 1726 disputare
523 1684 735 1726 inciperent
753 1708 762 1723 ,
785 1685 822 1716 in
849 1688 925 1716 tam
953 1689 1100 1718 remota
1125 1687 1351 1730 antiquitate
1373 1686 1420 1719 ad
1446 1688 1525 1730 opi-¹

59 1743 251 1774 nationem
288 1740 467 1784 pleraque
500 1741 605 1773 abire
637 1751 794 1774 necesse
824 1741 912 1784 suit,
947 1744 1059 1775 etiam
1095 1743 1157 1775 ubi
1185 1742 1522 1788 hieroglyphorum

61 1801 100 1832 in
138 1799 392 1832 monumentis
423 1797 518 1831 fides
549 1802 652 1831 esset
677 1799 906 1832 advocanda.
952 1801 1002 1833 Ut
1027 1811 1101 1833 uno
1130 1804 1168 1833 et
1192 1801 1315 1834 altero
1343 1802 1520 1846 exemplo

60 1857 156 1891 haec
183 1858 391 1890 declarem:
426 1866 522 1899 quae
557 1856 764 1899 symbolice
800 1856 889 1890 olim
924 1857 970 1890 de
999 1857 1098 1891 Iside
1127 1862 1165 1891 et
1188 1858 1339 1892 Osiride
1366 1865 1521 1893 narrata

60 1916 233 1955 fuerant,
269 1925 336 1953 ea,
372 1924 416 1946 ac
439 1915 469 1945 si
497 1924 587 1946 vere
614 1918 724 1956 gesta
749 1920 898 1956 essent,
925 1920 1172 1959 acceperunt:
1198 1917 1251 1948 ita
1278 1917 1392 1949 etiam
1421 1927 1519 1961 quae

59 1974 106 2007 de
135 1973 256 2013 'l'hot‚
285 1974 522 2005 inventorum
551 1970 738 2015 symbolo,
763 1972 864 2005 dicta
890 1978 1008 2006 erant.
1057 1973 1312 2006 Memoratum
1342 1978 1418 2012 est,
1444 1985 1520 2008 mo·

57 2042 137 2065 rem
165 2032 282 2064 fuisse
320 2031 547 2075 antiquitus,
579 2033 620 2061 ut
652 2030 851 2072 imperium
879 2030 1125 2063 domesticum
1149 2031 1248 2074 apud
1274 2031 1435 2064 feminas
1462 2042 1519 2064 es-

59 2093 120 2122 set
144 2089 267 2131 (Diod.
295 2089 321 2129 Ι,
343 2090 424 2132 27.)
471 2087 574 2131 atqui
602 2087 633 2118 is
660 2096 763 2127 mos,
799 2088 829 2119 si
856 2089 1020 2121 animum
1044 2089 1242 2130 advertus,
1273 2089 1395 2122 nullus
1420 2090 1531 2122 alius-

55 2146 148 2188 fuit,
182 2157 291 2191 quam
319 2146 477 2178 aliorum
510 2144 778 2185 lmrbarorum,
816 2149 858 2178 ut
893 2148 1013 2179 omnis
1048 2146 1212 2179 familiae
1247 2150 1285 2179 et
1311 2148 1365 2179 rei
1391 2147 1518 2180 dome-

55 2207 174 2238 sticae
215 2214 304 2236 cura
337 2215 454 2248 penes
492 2202 821 2236 matremfamilias
865 2204 934 2243 sit,
973 2204 1107 2235 marito
1145 2205 1292 2236 interea
1339 2205 1375 2236 in
1404 2204 1516 2238 domo

56 2265 178 2302 otiose
213 2261 424 2294 desidente.
477 2261 581 2303 Adeo
614 2263 793 2305 Aegyptii
828 2262 995 2295 seriores
1039 2271 1106 2292 sua
1146 2262 1322 2294 instituta
1360 2263 1516 2305 antiqua

55 2321 279 2364 ignorarunt
321 2319 400 2362 ipsi.
449 2319 591 2352 Eodem
620 2324 767 2363 spectat
809 2319 907 2364 quod
932 2318 1152 2351 Herodotus
1179 2318 1339 2351 feminas
1366 2320 1402 2350 in
1431 2319 1513 2351 foro

17 2414 19 2416 ,
55 2378 202 2411 versari
231 2381 268 2409 et
293 2380 530 2409 mercaturae
557 2387 712 2422 vacare,
738 2379 838 2410 viros
865 2376 964 2408 domi
993 2375 1169 2409 desidere
1200 2381 1330 2409 narrat
1355 2377 1415 2419 (ll,
1430 2375 1511 2418 35.)

150 2435 184 2480 [l
203 2435 265 2477 18]
290 2434 364 2465 lam
383 2437 424 2465 ut
444 2436 658 2467 summatim
680 2445 864 2479 apponam
886 2438 1061 2477 tauquam
1084 2434 1119 2465 111
1146 2434 1274 2466 tabula
1294 2434 1516 2466 delineatio-

55 2503 141 2525 nem
175 2491 357 2524 historiae
385 2493 680 2535 Aegyptiorum,
707 2503 818 2536 quam
849 2491 998 2536 quidem
1026 2493 1169 2524 utinam
1206 2493 1342 2535 aliquis
1369 2491 1516 2523 doctior

56 2560 116 2583 me
144 2554 182 2582 et
215 2549 291 2581 otio
339 2548 590 2582 abundantior
624 2551 814 2592 perficiat,
842 2548 935 2581 haec
963 2555 1140 2593 tanquam
1170 2560 1236 2593 pro
1265 2549 1447 2591 principio
1475 2549 1515 2579 et

57 2606 172 2640 fundo
201 2605 375 2649 ponenda
409 2616 493 2638 esse
533 2606 716 2639 arbitror:
753 2606 1018 2650 Sciungendae
1051 2612 1139 2639 suut
1168 2607 1213 2639 ab
1249 2607 1355 2638 initio
1383 2605 1510 2637 statim

55 2665 278 2707 scriptorum
308 2665 644 2706 interp1·ct‹'1tiones
670 2669 707 2697 et
734 2666 952 2708 opiniones3
977 2664 1148 2708 adeoque
1174 2664 1299 2697 omnia
1325 2673 1389 2703 ea,
1415 2671 1510 2705 quae

56 2720 224 2753 Graecas
261 2721 428 2753 rationes
465 2721 660 2763 redolent3
702 2727 741 2754 et
782 2722 1016 2762 revocanda,
1067 2726 1244 2764 quantum
1286 2721 1370 2752 lieri
1409 2719 1510 2757 licet,

55 2779 176 2811 onmis
212 2779 382 2811 narratio
424 2779 471 2812 ad
504 2780 586 2823 ipsa
617 2780 888 2822 Aegyptiorum
921 2778 1037 2811 verba
1063 2783 1101 2810 et
1126 2787 1280 2817 sensus3
1304 2781 1381 2808 tum
1408 2779 1447 2809 et
1471 2776 1508 2807 in

56 2833 114 2867 his
139 2834 415 2878 indagandum,
452 2847 471 2870 e
500 2847 572 2881 quo
597 2837 702 2870 sonte
727 2835 1018 2881 unumquodque
1046 2835 1278 2874 manaverit3
1300 2837 1509 2867 -utrumex
