1891 3310
397 174 465 225 m
495 172 763 222 1218.va
791 172 921 221 ow.
951 173 1184 221 42....45,
1439 180 1529 231 105

74 292 138 331 11Ιί
154 302 227 331 nos
247 289 506 333 satisfecimus
522 288 577 328 ad
597 287 640 326 L.
659 285 750 326 XV.
763 287 839 328 47.
871 285 1012 325 Melius
1030 285 1244 332 Palmerius
1265 292 1305 326 et
1323 286 1377 328 10.
1398 288 1530 332 Meur-

74 351 160 388 sius
182 347 302 399 Cypri
320 347 365 387 L.
387 345 436 384 11.
459 346 529 385 12.
554 346 821 382 instituerunt.
843 342 983 381 Wssss.

191 405 296 446 114.
326 404 403 443 46.
437 397 663 454 Συνέῤῥεον
684 398 830 439 εθεὶοι
824 395 900 450 τι]
951 398 998 436 Si
1019 395 1236 438 ἓθελονται
1267 406 1334 437 aut
1362 397 1532 442 ἐθελον-

75 475 166 513 την,
197 474 271 511 quo
289 458 403 496 modo
418 457 554 507 Polyb.
574 455 618 494 L.
640 455 743 492 vm.
769 457 842 496 11.
875 461 912 492 et
931 455 974 492 L.
994 453 1067 492 lx.
1093 457 1169 495 22-
1196 457 1359 493 vetustis
1381 470 1400 494 e
1419 458 1531 499 libris

74 517 325 566 produxisset
354 512 598 564 Stephanus,
622 512 719 550 ferri
748 518 893 560 posset.
934 510 1050 551 Nunc
1081 507 1182 550 nihil
1210 515 1383 561 moveri,
1409 516 1534 553 satius

76 574 206 613 fuerit.
239 571 327 610 vid.
346 569 396 607 ad
418 571 460 609 1..
485 569 513 607 Ι.
535 570 609 610 67.
638 568 690 606 W
694 579 777 608 Ess.

193 628 298 670 114.
328 626 401 666 54.
429 620 480 665 ‘O
503 623 547 665 δὲ
566 626 642 692 τῆς
663 623 849 671 Σιδῶνος
858 618 1085 690 δυνάστης
1105 620 1320 678 Μέντωρ]
1360 623 1438 664 Pro
1456 624 1534 666 δυ-

75 679 231 736 νᾶστης
257 683 371 721 refice
403 695 649 734 στρατηγος.
677 678 816 718 ΒΗΟΙ).
858 674 907 719 Ὁ
937 678 982 719 δὲ
1007 683 1083 732 τῆς
1113 679 1298 727 Σιδῶνος
1328 677 1536 734 δυνάστης

82 738 267 792 Τέννης]
295 739 353 777 Ea
373 738 527 787 quidem
549 740 610 775 vis
630 744 702 776 est.
741 738 893 781 Quanto
914 737 1051 774 melius
1072 736 1209 774 Venet.
1226 743 1265 773 et
1285 735 1381 789 Reg.
1404 740 1449 778 2.
1478 740 1534 776 li..

77 796 170 836 ber?
203 795 367 834 Tennen
385 796 549 831 consilia
568 793 727 831 Sidonis
744 792 966 843 produndae
984 791 1276 831 architectatum
1293 794 1436 843 fuisse,
1466 807 1536 832 ea-

78 866 150 905 que
173 866 259 890 cum
282 851 456 891 Mentore
473 850 611 887 deinde
630 845 932 896 conmunicasse,
957 849 1186 887 confirmant
1203 853 1414 898 sequentia.
1449 850 1536 900 Ipse

78 923 101 947 a
120 922 210 961 rege
231 908 473 954 desciverat,
501 919 581 944 non
605 906 781 953 Mentor,
808 904 922 942 homo
955 903 1124 942 Graecae
1154 908 1317 957 originis
1340 913 1379 943 et
1412 906 1536 944 Grae..

77 979 209 1004 corum
231 965 556 1003 conductitiorum
577 962 678 1010 dux,
705 969 907 1012 propterea
924 963 1041 998 etiam
1057 962 1214 1013 indigus
1233 963 1393 1012 veniae,
1421 975 1536 1012 quam

76 1025 196 1061 misso
209 1020 462 1072 Thessalione
481 1021 555 1057 sibi
573 1026 706 1068 pactus
725 1025 797 1056 est.
825 1016 924 1055 Eum
942 1030 1033 1069 ergo
1053 1030 1164 1056 suum
1183 1020 1362 1056 inlocum
1380 1032 1537 1058 revoco.

78 1077 124 1116 Id
144 1086 294 1126 tamen,
320 1090 369 1114 ne
389 1076 480 1125 quid
502 1077 762 1124 dissimulem,
787 1077 830 1113 in
849 1073 919 1112 hac
939 1074 1169 1124 proditionis
1191 1075 1448 1124 descriptione
1468 1088 1536 1114 sa-

79 1137 130 1173 tis
151 1133 422 1172 inconmodum
453 1134 617 1181 accidit,
646 1131 747 1183 quod
776 1133 1022 1182 praeteritum
1049 1143 1206 1179 prorsus
1223 1133 1297 1178 sit,
1323 1145 1398 1182 quo
1420 1132 1536 1170 modo

77 1194 240 1243 gratiam
270 1191 375 1241 regis
406 1187 558 1229 Mentor
583 1193 634 1228 sit
666 1190 917 1240 promeritus,
947 1187 1124 1237 quodque
1154 1187 1245 1225 fidei
1274 1201 1365 1225 suae
1395 1190 1505 1240 pign
1503 1200 1538 1225 8

77 1248 317 1285 Artaxerxes
344 1254 519 1284 sanctum
538 1260 617 1285 non
639 1246 818 1284 servarit.
858 1242 938 1281 Sed
961 1243 1033 1282 hoc
1052 1245 1154 1281 tanti
1174 1256 1255 1282 non
1278 1250 1338 1281 est
1365 1245 1407 1282 in
1425 1249 1537 1296 prin-

81 1306 166 1353 cipe
187 1303 333 1341 crudeli
357 1309 395 1339 et
416 1304 618 1354 sanguinis
640 1302 768 1341 avido.
791 1300 928 1338 Wess.

197 1359 300 1400 115
334 1360 407 1399 80.
437 1356 563 1400 ’Ἐστι
588 1356 632 1398 δ’
665 1354 691 1410 ἡ
717 1355 853 1403 πίστις
885 1351 990 1407 αὕτη
1018 1350 1272 1409 βεβαιοτάτη
1304 1353 1420 1408 παρὰ
1450 1361 1540 1405 τοῖς

79 1413 296 1468 Πὲοσαις]
330 1415 432 1452 Nota
455 1418 584 1453 omnia
603 1421 715 1462 sunt,
747 1419 787 1450 et
809 1413 1073 1463 copiosissime
1092 1412 1285 1450 illustrata
1313 1426 1335 1450 a
1355 1412 1399 1453 B.
1429 1412 1540 1451 Bris-

81 1475 193 1510 sonio
224 1472 270 1509 de
293 1470 390 1523 Reg.
423 1473 575 1511 Persar.
606 1471 649 1508 L.
672 1470 702 1507 Ι.
726 1470 831 1511 163.
855 1475 894 1507 et
913 1467 1181 1508 Freinshemio
1209 1468 1259 1507 ad
1288 1467 1463 1509 Curtium
1493 1469 1540 1510 L.

82 1529 148 1569 Vl.
167 1530 211 1569 4.
250 1528 382 1576 Itaque
402 1535 611 1577 praetereo.
643 1526 786 1566 WESS.

196 1586 301 1625 115.
330 1584 404 1624 94.
434 1580 724 1635 Νικόστρατον
746 1577 1005 1635 στρατηγὸν]
1035 1580 1074 1618 Is
1094 1587 1174 1630 est,
1202 1581 1314 1619 cuius
1334 1583 1376 1620 in
1396 1580 1541 1620 Archi-

82 1641 235 1679 damum
254 1642 408 1692 egregie
439 1641 585 1678 dictum
605 1637 835 1678 Plutarchus
856 1636 1133 1688 Apophthegm.
1166 1651 1202 1687 p.
1227 1639 1331 1678 192.
1352 1638 1398 1676 Α.
1430 1645 1470 1675 et·
1491 1639 1539 1677 de

80 1697 217 1735 Vitios.
230 1697 370 1734 Pudor.
388 1710 423 1746 p.
447 1698 551 1736 535.
570 1696 629 1744 A.,
651 1698 836 1744 cuiusque
853 1694 1038 1731 adulandi
1056 1700 1158 1730 artes
1177 1705 1392 1743 pravosque
1413 1707 1540 1735 mores

81 1756 258 1804 exposuit
277 1752 547 1802 Theopompus
571 1755 611 1789 in
633 1751 772 1788 Athen.
795 1750 837 1787 L.
858 1749 923 1788 Vl.
946 1763 981 1799 p.
995 1749 1104 1789 252.
1130 1748 1175 1785 A.
1206 1749 1328 1786 Multo
1348 1753 1543 1789 recentior

79 1809 326 1849 Nicostratus
343 1815 381 1845 et
400 1811 498 1846 alius
517 1808 680 1859 originis
700 1806 800 1858 apud
813 1805 1025 1843 Lucianum
1044 1805 1091 1843 de
1111 1804 1237 1843 Scrib.
1255 1804 1405 1844 Histor.
1434 1820 1467 1844 c.
1482 1808 1544 1856 9.²

86 1869 161 1904 etsi
181 1867 279 1904 viris
300 1864 426 1901 doctis
450 1867 578 1902 visum
599 1865 652 1901 sit
671 1865 798 1902 aliter.
831 1861 970 1899 VVESS.
1108 1880 1111 1881 ⁷

199 1920 303 1961 1'15.
323 1922 397 1961 99.
424 1919 509 1960 Καὶ
529 1921 699 1971 λεοντῆν
717 1914 857 1973 ἐφόρει
877 1917 945 1957 καὶ
967 1911 1170 1970 ῥόπαλον]
1198 1917 1287 1957 vid.
1305 1917 1354 1956 ad
1367 1917 1411 1956 L.
1421 1917 1451 1957 Ῑ.
1471 1920 1543 1960 17.

82 1984 122 2016 et
141 1976 352 2015 Lucianum
372 1977 418 2013 de
441 1976 568 2013 Scrib.
588 1975 691 2013 Hist.
714 1989 747 2012 c.
775 1976 846 2016 10.
874 1973 1011 2013 W'ESS.

202 2035 305 2075 116.
334 2033 405 2074 13.
434 2034 538 2079 Ταῖς
558 2034 642 2071 τῶν
659 2032 808 2083 μαχῶν
828 2027 1018 2081 εὐεξίαις]
1048 2027 1151 2080 Lege
1171 2025 1388 2080 σωμάτιον.
1407 2029 1544 2070 ΒΗου.

87 2091 192 2136 Ταῖς
211 2091 295 2129 τῶν
314 2084 520 2140 σωμάτιον
540 2085 642 2138 etc.]
687 2087 774 2125 Hoc
796 2087 926 2135 probo.
968 2086 1145 2123 Praeivit
1164 2083 1332 2136 CospuS,
1361 2088 1403 2124 in
1434 2089 1544 2125 cuius

83 2145 125 2185 id
150 2147 226 2183 fuit
238 2145 506 2193 membranis,
547 2152 585 2182 et
612 2145 721 2183 favet
750 2142 914 2192 quodam
942 2141 1056 2179 modo
1075 2140 1174 2193 Reg.
1203 2143 1244 2183 1.
1282 2141 1402 2180 Recte
1431 2143 1546 2182 Philo

84 2201 168 2240 Iud.
190 2202 236 2239 de
256 2200 346 2239 Rer.
364 2200 500 2241 DIvin.
519 2200 660 2238 Hered.
682 2213 717 2250 p.
742 2200 847 2240 521
869 2197 910 2235 C.
942 2197 1236 2266 ὁορυφορεΐται
1258 2197 1304 2238 δὲ
1328 2201 1450 2250 σῶμα
1469 2198 1546 2267 μὲν

84 2255 216 2316 εὐεξία
237 2257 307 2297 καὶ
325 2256 549 2325 περιουσία
557 2272 625 2296 και
641 2254 703 2326 &q
700 2254 839 2324 θονία
857 2250 1055 2294 πλούτου·
1084 2247 1201 2305 ψυχὴ
1223 2253 1268 2294 δὲ
1288 2257 1346 2309 τῷ
1369 2258 1442 2295 τοῦ
1465 2251 1549 2296 σώ-

81 2326 217 2366 ματος
236 2310 283 2354 ὃ).
287 2310 449 2368 οκληρῳ
463 2299 549 2352 nai
552 2309 659 2352 κατὰ
678 2297 823 2351 πάντα
833 2306 1008 2366 υμεινῷ.
1035 2308 1103 2348 Sic
1117 2313 1221 2347 enim
1238 2314 1411 2359 scripsit:
1437 2325 1549 2349 nam-

71 2382 159 2419 -que
179 2367 343 2425 εὐδοξίᾳ
356 2397 368 2416 ,
397 2370 527 2418 quod·
516 2382 558 2408 m
577 2369 716 2417 editis,
739 2369 840 2406 male
859 2368 1053 2419 congruit,
1079 2373 1194 2418 atque
1215 2379 1239 2405 a
1259 2369 1415 2417 scriptis
1436 2369 1550 2406 libris

86 2426 302 2465 damnatur.
323 2411 467 2465 WEss.

203 2483 307 2524 116-
336 2484 406 2523 18
432 2476 483 2522 ‘O
502 2479 547 2521 δὲ
562 2478 744 2534 Μέντωρ
763 2475 1084 2531 κοινωσάμενος]
1112 2477 1298 2530 Superior
1316 2481 1548 2529 permutatio

86 2539 261 2577 locorum
282 2536 443 2575 Tennae
476 2544 515 2575 et
543 2537 730 2575 Mentoris
755 2537 867 2575 redit.
913 2536 1074 2588 Corrige
1092 2538 1214 2587 igitur
1227 2539 1306 2583 sic,
1337 2531 1357 2575 ὃ
1380 2535 1424 2574 δὲ
1448 2534 1509 2574 Γ
1487 2551 1550 2575 εν·-

90 2609 165 2646 ννς
185 2589 482 2644 κοινωσάμενος
506 2591 582 2645 τὴν
600 2592 829 2646 προὸηοσιαν
845 2594 904 2632 τῶ
928 2590 1025 2632 ΖΙἸέν
1018 2607 1128 2645 ’.τορι
1145 2591 1281 2629 Rlion.
1313 2587 1362 2631 ‘O
1383 2589 1427 2630 ὸὲ
1449 2589 1552 2631 Τέν-

92 2667 115 2690 ν
121 2665 166 2702 νς
183 2657 255 2689 etc.
267 2649 281 2699 ]
317 2650 361 2687 ld
381 2651 488 2687 bene.
521 2650 656 2686 iubent
669 2662 785 2686 manu
806 2651 955 2687 exarati
975 2647 1095 2685 Codd.
1114 2660 1252 2697 resque
1271 2651 1365 2698 ipsa.
1396 2645 1550 2685 Mentor

93 2707 306 2753 militibus,
335 2719 422 2743 aere
441 2706 663 2752 conductis,
691 2713 881 2755 praeerat:
912 2703 1070 2742 Termes
1089 2703 1253 2751 Sidoni,
1280 2707 1387 2740 cuius
1407 2707 1550 2751 primo«

93 2774 157 2802 tes
177 2769 331 2799 centum
352 2763 460 2811 quasi
489 2761 537 2799 ad
561 2762 785 2799 sollemnem
816 2760 1052 2799 Phoenicum
1076 2768 1335 2807 conventum,
1360 2771 1449 2798 curn
1476 2771 1552 2810 quo

100 2818 200 2857 nihil
220 2830 315 2858 saue
336 2816 505 2856 Mentori
527 2827 738 2866 conrnune,
766 2815 933 2856 abducit.
967 2816 1108 2855 Wess.
