1859 3326
288 234 390 266 CXII
937 229 1147 262 IIEYNE

293 333 375 375 (lib.
400 331 499 375 XVI,
526 329 618 373 142).
662 327 866 365 Probabile
901 326 1030 373 itaque
1059 322 1123 368 fit,
1155 323 1367 360 Diodorum
1400 324 1514 359 etiam
1540 323 1639 360 hunc
1662 324 1751 358 scri-

290 395 440 436 ptorem
463 389 553 434 quin
576 389 783 432 inspiceret
807 384 907 418 haud
928 385 1176 417 commisisse,
1608 398 1609 403 ,

384 448 427 481 ln
460 445 718 491 superioribus
760 440 995 485 temporibus
1037 440 1256 475 adhibuisse
1296 438 1449 474 videtur
1490 438 1754 480 Callisthenem,

293 506 518 550 discipulum
543 501 776 540 Aristotelis,
800 498 1007 533 Alexandri
1031 499 1230 540 comitem,
1254 508 1458 544 rerumque
1483 499 1530 532 ab
1558 508 1603 532 eo
1628 500 1754 541 gesta·

291 574 376 598 rum
390 563 423 607 [l
439 562 502 620 10]
517 563 752 603 scriptorem,
769 557 990 600 arrogantia
1015 566 1083 589 sua
1102 566 1149 589 ac
1167 557 1381 600 pervicacia
1398 557 1438 590 in
1458 566 1588 601 regem
1607 553 1754 588 notabi-

291 622 392 663 len13
428 621 633 663 scripserat
662 626 719 649 res
761 614 985 648 Graecorum
1024 619 1035 638 1
1077 613 1166 647 inde
1207 612 1254 646 ab
1290 614 1510 648 Antalcidae
1554 623 1646 658 pace
1693 611 1752 645 Οἱ.

291 679 458 719 XCVIII,
484 678 521 711 2.
550 684 669 719 usque
703 673 751 706 ad
788 672 1031 716 sacrilegium
1066 670 1293 716 Delphicum
1322 675 1363 706 et
1395 672 1488 706 belli
1520 671 1617 705 sacri
1643 669 1754 703 initia.

295 737 354 773 01.
381 735 473 776 CVI,
493 735 529 768 2.
559 733 722 777 spatium
756 728 867 763 XXX
891 739 1076 763 annorum
1100 729 1137 763 X
1169 729 1277 763 libris
1302 730 1521 774 complexus
1546 730 1585 771 ²3
1617 727 1755 761 substi-

291 799 467 838 teratque
503 790 601 824 adeo
633 790 673 822 in
705 789 772 823 illo
805 792 998 832 tempore,
1029 798 1053 821 a
1087 798 1161 832 quo
1185 787 1341 832 Diyllus
1372 797 1532 822 exorsus
1557 790 1628 820 est.
1673 785 1754 819 Cal·-

290 851 494 886 listhenem
521 848 618 882 adeo
642 857 713 892 per
733 846 870 880 librum
892 845 975 881 XV.
1003 851 1042 879 et
1064 844 1166 896 XVI.
1191 846 1332 889 passim
1357 844 1606 889 exscripsisse
1629 843 1755 878 dicen·

292 910 361 944 dus
387 907 591 942 Diodorus.

384 965 526 1001 Verum
552 961 788 997 redeundum
816 964 876 995 est
908 958 956 994 ad
982 960 1226 1005 antiquiores.
1275 958 1499 995 Herodotum
1524 961 1562 994 in
1590 959 1754 994 Medicis

293 1033 488 1071 quousque
516 1025 669 1055 secutus
695 1021 763 1062 sit,
788 1029 863 1052 non
888 1019 961 1051 nisi
986 1029 1032 1052 ex
1055 1018 1198 1053 Xerxis
1223 1020 1465 1063 expeditione
1486 1021 1525 1052 in
1552 1018 1753 1052 Graeciam

293 1084 417 1123 sacta,
442 1090 538 1125 quae
561 1079 657 1112 libro
680 1077 743 1112 XI.
771 1077 945 1121 exposita
963 1081 1022 1110 est
1046 1087 1068 1109 a
1092 1075 1284 1117 Diodoro,
1307 1087 1389 1110 cum
1411 1077 1609 1121 superiora
1632 1075 1755 1119 perle-

291 1142 387 1179 rint,
420 1138 588 1171 iudicare
619 1137 727 1169 licet:
760 1134 798 1166 in
832 1133 891 1167 his
926 1137 1052 1167 autem
1089 1135 1312 1178 plerumque
1352 1143 1436 1167 eum
1470 1134 1688 1167 deseruisse
1714 1136 1755 1167 et

292 1199 446 1232 diversa
468 1195 666 1228 tradentes
690 1191 918 1236 praetulisse
944 1190 1138 1224 Diodorus
1159 1190 1328 1234 videtum
1363 1192 1436 1230 etsi
1459 1191 1647 1226 Herodoti
1672 1201 1754 1224 nie-
1809 1192 1811 1195 ’

291 1256 404 1290 minit
435 1263 535 1287 anno
573 1252 632 1285 01.
663 1249 826 1290 LXXV„
844 1249 883 1282 2.
912 1258 985 1292 quo
1020 1258 1138 1290 anno,
1181 1257 1307 1292 pugna
1338 1249 1462 1282 navali
1493 1249 1541 1282 ad
1574 1249 1754 1293 Mycalen

292 1314 417 1354 facta,
456 1320 542 1345 eum
577 1318 672 1352 opus
704 1317 812 1341 suum
843 1306 989 1339 finiisse
1024 1310 1142 1340 notat.
1185 1306 1229 1338 In
1264 1304 1428 1339 Persicis
1454 1307 1619 1340 Ctesiam
1643 1307 1762 1350 sequi=

292 1372 448 1412 maluit,
492 1371 536 1401 ut
573 1368 650 1399 iam
688 1365 886 1408 superiore
930 1363 1259 1397 commentatione
1301 1364 1563 1406 observatum3
1607 1365 1663 1397 sic
1703 1364 1751 1397 de

294 1429 437 1463 Xerxis
471 1435 564 1460 nece
592 1424 658 1459 lib.
691 1422 758 1464 XI,
785 1421 850 1457 69.
880 1420 1109 1466 Dionysium
1142 1421 1354 1463 Milesium,
1388 1432 1498 1466 quem
1522 1423 1561 1455 in
1588 1423 1754 1467 antiquis

294 1485 436 1530 mythis
480 1486 633 1518 secutus
667 1485 771 1522 erat,
819 1484 869 1521 (v.
900 1480 1151 1513 Commentat.
1179 1479 1227 1512 11.
1257 1489 1293 1523 p.
1322 1479 1378 1514 94
1401 1482 1473 1523 sq.)
1510 1479 1610 1513 forte
1642 1484 1682 1513 et
1712 1479 1754 1514 in

292 1543 408 1579 rebus
435 1544 522 1585 post
550 1539 710 1572 Darium
734 1538 855 1581 gestis
879 1535 1116 1573 adhibuerat.

391 1597 632 1644 Thucydidem
662 1594 764 1628 haud
790 1594 904 1627 dubie
929 1594 1118 1628 consuluit
1143 1593 1356 1628 Diodorus:
1382 1604 1469 1628 nam
1493 1595 1642 1628 initium
1669 1595 1754 1629 eius

293 1657 479 1692 historiae
504 1655 592 1689 inde
618 1654 665 1687 ab
691 1653 841 1697 Olymp.
873 1650 1101 1692 LXXXVII,
1129 1651 1174 1693 l.‚
1201 1662 1284 1685 cum
1308 1663 1408 1686 anno
1433 1653 1525 1686 belli
1544 1653 1663 1689 XXII.
1689 1653 1752 1687 ab·

293 1719 453 1760 ruptae,
477 1715 559 1758 ipse
583 1712 800 1751 annotavit3
834 1708 931 1754 (XII,
958 1709 1024 1743 37.
1053 1707 1154 1750 XIII,
1176 1707 1260 1752 42.)
1295 1714 1464 1743 attamen
1488 1710 1534 1743 ab
1562 1712 1644 1743 eius
1668 1721 1752 1744 nar-

292 1774 442 1807 ratione
467 1772 688 1816 plerumque
713 1767 880 1809 recedit3
908 1768 965 1808 (ut
993 1765 1058 1807 XI,
1077 1765 1142 1802 57.
1168 1765 1229 1799 ubi
1252 1777 1285 1799 v.
1326 1765 1471 1801 Wessel.
1495 1768 1560 1802 70.
1581 1767 1664 1809 XII,
1684 1767 1751 1801 41.

292 1830 366 1865 hoc
387 1830 521 1864 ultimo
549 1827 701 1872 quidem
724 1827 809 1860 loco
831 1824 984 1868 Ephoro
1012 1824 1214 1869 praelato.)
1241 1821 1513 1868 Xenophontem
1535 1836 1611 1860 non
1631 1825 1752 1860 fuisse

292 1888 544 1933 praeteritum
571 1896 594 1918 a
623 1884 814 1924 Diodoro,
839 1892 923 1916 cum
948 1881 1019 1916 hoc
1042 1881 1233 1922 declarat,
1266 1882 1366 1926 quod
1394 1883 1477 1916 eius
1504 1887 1543 1916 et
1566 1882 1750 1918 historiae

297 1946 346 1979 ab
375 1947 457 1990 ipso
497 1944 661 1986 scriptae
700 1941 903 1985 aliquoties
935 1939 1109 1974 meminit
1148 1937 1262 1983 (XIII,
1278 1938 1355 1989 42.
1386 1939 1470 1984 XV,
1498 1940 1550 1976 76
1575 1939 1605 1976 f·
1629 1941 1682 1978 89
1707 1941 1751 1988 f.)

292 2006 374 2036 tum
398 2000 581 2035 nonnulla
602 1999 651 2032 ad
679 1999 761 2031 eins
784 1998 898 2031 fidem
926 2001 1092 2034 narrata.

387 2057 539 2092 Laudat
581 2066 729 2102 quoque
778 2052 1067 2098 Theopompum,
1108 2052 1259 2096 Chium,
1297 2051 1520 2089 historicum
1551 2065 1752 2100 summum,

296 2115 393 2159 fide,
426 2116 643 2159 diligentia,
679 2117 762 2146 arte
794 2116 833 2145 et
859 2113 1032 2145 oratione
1058 2112 1386 2156 probatissimum:
1421 2114 1483 2156 qui
1507 2114 1547 2146 in
1573 2123 1618 2148 eo
1649 2125 1751 2150 anno

293 2175 333 2207 in
346 2175 382 2217 [1
396 2173 411 2207 l
425 2174 460 2218 l]
474 2171 798 2218 quo'l‘hucydides
810 2169 1052 2211 substiterat,
1069 2178 1150 2202 cum
1163 2167 1415 2212 Xenophonte
1426 2167 1659 2204 historiarum
1668 2183 1752 2206 sua-

296 2241 379 2265 rum
407 2232 421 2251 ³
459 2229 656 2263 exordium
697 2228 863 2268 fecerat,
912 2226 1119 2259 novissima
1156 2225 1248 2259 belli
1289 2225 1603 2270 Peloponnesiaci
1629 2230 1670 2264 in
1703 2232 1751 2264 iis

297 2288 527 2331 complexus.
580 2287 722 2321 Verum
767 2282 980 2328 Xenophon
1018 2281 1176 2317 XLVIII
1209 2292 1329 2316 annos
1362 2289 1616 2330 persequutus
1655 2291 1751 2329 erat,

295 2345 564 2389 Theopompus
588 2354 663 2377 non
687 2343 760 2376 nisi
789 2341 908 2376 XVII,
930 2350 1050 2385 usque
1076 2340 1124 2373 ad
1149 2340 1334 2384 praelium
1358 2342 1493 2377 navale
1517 2343 1568 2376 ad
1591 2344 1750 2379 Cnidum

297 2403 356 2437 01.
379 2402 512 2444 XCVI,
548 2400 584 2436 3.
617 2400 726 2435 llbris
760 2398 843 2433 XII.
872 2398 1004 2444 (Diod.
1031 2397 1133 2440 XIII,
1163 2396 1230 2434 42.
1263 2398 1364 2444 XIV,
1390 2400 1472 2443 84.)
1524 2401 1618 2435 Eius
1651 2402 1750 2437 adeo

388 2581 408 2617 1
433 2579 477 2614 τὰ
494 2577 679 2622 ς,Ῑὶλλληνικόι
704 2592 733 2611 s-
757 2579 825 2613 τῶν
849 2575 1064 2620 (Ελληνικῶν
1087 2576 1300 2623 πραγμάτων
1322 2578 1472 2624 ἱστορία.

386 2632 408 2662 2
431 2628 540 2663 Diod,
570 2627 664 2658 XIV.
693 2626 885 2665 extr.XVl,
908 2625 961 2660 13.
983 2625 1155 2667 Antiquas
1186 2625 1347 2656 historias
1369 2634 1510 2668 prorsus
1528 2636 1601 2658 non
1622 2624 1751 2668 attige-

296 2680 371 2706 rat:
400 2682 439 2705 ut
467 2674 523 2706 IV.
552 2684 604 2715 pr.
647 2673 694 2704 Ut
721 2684 778 2713 ea,
813 2684 900 2714 quae
930 2670 974 2702 ad
1010 2672 1201 2702 consilium
1235 2683 1355 2703 meum
1388 2683 1460 2703 non
1492 2680 1667 2713 spectant,
1703 2672 1748 2704 de

296 2720 525 2760 scriptoribus
571 2729 872 2758 commemorem,
921 2718 1093 2759 expectari
1135 2729 1207 2749 non
1245 2725 1369 2760 potest.
1421 2717 1475 2748 De
1514 2717 1747 2763 Theopompo

297 2771 414 2797 tamen
437 2765 537 2796 docte
555 2766 724 2796 nonnulla
740 2765 926 2797 valkenar.
954 2771 1160 2805 apposuerat
1188 2764 1222 2794 in
1246 2764 1354 2795 oran.
1374 2773 1408 2806 p.
1425 2763 1503 2798 235.
1527 2764 1606 2799 255·
1621 2766 1699 2799 261..

388 2813 411 2846 3
444 2812 597 2855 ἱστορίαι
630 2805 835 2852 ε,Ελληιτκαιὶ
871 2811 925 2841 vel
958 2806 1144 2852 ίΕλληιιικῆ
1183 2810 1330 2854 ἱστορία.
1376 2819 1410 2844 v.
1449 2809 1667 2852 praeclxrnm
1702 2808 1747 2841 de

294 2855 530 2901 Theopompo
558 2856 731 2890 iudicium
758 2856 924 2900 Dionysii
951 2856 1063 2892 Hauc.
1091 2856 1129 2889 in
1145 2856 1258 2899 Epist.
1283 2855 1328 2887 nd
1345 2855 1414 2890 Cn.
1434 2853 1592 2898 Pompei,
1613 2867 1648 2899 p.
1666 2856 1746 2890 211„
