1875 3310
391 217 678 259 OEcoNo'MIA
710 227 980 260 HISTORIAE
1011 229 1241 265 DIODORI.
1362 234 1526 267 CLXXV

74 327 134 357 tus
151 323 390 360 interclusus.
436 322 570 368 ltaque
587 321 838 357 Athenienses
857 326 1084 360 necessitate
1103 329 1240 371 coacti,
1261 328 1399 374 legatis
1419 330 1529 375 Spar.

73 386 148 414 tam
173 383 315 423 missis,
347 391 476 426 pacem
504 384 638 424 petunt
665 384 704 413 et
732 381 947 424 impetrant.
998 382 1108 418 Pacis
1133 386 1368 421 conditiones
1396 387 1527 424 durae.

3 456 13 474 ,τ
70 438 168 473 llelli
186 438 493 482 Peloponnesiaci
516 438 614 471 finis.
643 446 671 472 c.
695 439 900 475 105—107.

164 503 180 523 *
209 496 342 529 Obiter
359 500 606 529 memoratum
621 519 630 536 ,
654 494 832 538 Darium,
860 505 988 539 regem
1010 493 1185 539 Persiae,
1219 505 1406 536 mortuum
1429 512 1529 546 esse,

71 555 180 598 eique
207 554 436 587 successisse
462 554 728 587 Artaxerxem:
767 553 901 588 eodem
929 557 1099 598 tempore
1124 556 1404 602 Antimachum,
1442 563 1529 605 poe·-

70 617 166 654 tam,
188 610 328 644 clarum
348 609 478 645 fuisse.
511 620 540 644 c.
557 613 622 647 108
640 619 693 654 pr.

164 669 241 701 Iam
264 678 325 701 res
342 666 487 700 Siculas
506 669 656 711 repetit.
692 667 829 701 Diruta
845 660 1176 711 Agrigentinorum
1193 670 1307 713 urbe,
1332 670 1530 709 Hamilcar

69 727 149 769 pari
168 725 382 758 calamitate
403 725 579 768 opprimit
597 724 743 760 Gelam.
800 724 979 758 Immanis
999 723 1365 770 Carthaginiensium
1395 729 1530 765 feritas

71 783 308 817 describitur.
354 782 443 815 ldeo
463 783 499 815 in
522 784 642 826 ipsum
662 782 908 826 Dionysium,
939 783 1001 827 qui
1021 782 1271 817 defendendis
1290 785 1433 819 civibus
1460 788 1529 821 im-

72 850 137 884 par
162 845 263 881 erat,
295 840 494 872 tumultum
522 841 623 872 cives
654 838 816 881 faciunt,
849 843 888 872 et
911 840 992 873 eius
1017 841 1160 883 regiam
1192 843 1423 886 exspoliant:
1456 857 1530 890 quo

73 898 172 931 facto
190 897 396 941 Dionysius
416 896 593 930 caedibus
612 895 744 941 implet
762 895 983 947 Syracusas.
1028 897 1198 931 Tandem
1217 909 1297 932 cum
1317 911 1404 944 spes
1426 903 1531 936 nulla

72 958 308 997 superesset,
334 953 530 986 Hamilcar
543 953 652 986 victis
670 952 953 997 pacem'sponte
973 952 1097 986 offert.
1143 954 1252 989 Pacis
1278 958 1529 997 conditiones.

70 1012 174 1045 Finis
190 1009 621 1055 bellicarthaginiensis
637 1011 674 1044 in
693 1011 832 1044 Sicilia.
862 1020 893 1043 c.
911 1012 1121 1052 los—114.

72 1127 115 1167 4.
172 1125 209 1163 Α
243 1134 366 1164 XXX
411 1123 674 1176 Tyra-nnis
710 1123 1097 1163 Atheniensium
1137 1137 1293 1179 usque
1334 1129 1403 1168 ad
1438 1129 1529 1169 Ro-
1574 1173 1575 1177 Ἰ

486 1206 601 1230 mam
627 1205 653 1230 a
687 1193 862 1231 Gallis
889 1200 1107 1246 captam.

690 1268 776 1307 Lib,
797 1269 907 1321 xiv.

447 1353 618 1401 olymp.
637 1354 772 1398 xcw,
794 1356 826 1392 1.
847 1376 893 1382 -
919 1354 1089 1399 xcvm,
1112 1359 1146 1394 2.

71 1421 206 1468 Smer-s
231 1443 275 1467 ac
300 1433 531 1477 propositum
553 1438 636 1468 erat
662 1434 741 1478 (lib.
758 1433 870 1476 XIII,
896 1444 927 1467 c.
948 1435 1008 1478 1),
1044 1432 1105 1467 hic
1127 1435 1320 1477 prooemio
1339 1433 1531 1471 Diodorus

69 1495 202 1532 utitur,
228 1491 325 1536 quod
346 1492 494 1535 quidem
515 1491 811 1525 admonitionem
830 1492 1010 1531 continet,
1035 1502 1081 1524 ex
1100 1491 1181 1535 ipso
1200 1493 1285 1525 libri
1305 1500 1531 1537 argumento

70 1550 240 1590 ductam,
264 1552 302 1581 et
318 1548 501 1592 exemplis
521 1549 557 1581 in
576 1559 621 1582 eo
640 1549 772 1590 obviis,
796 1548 1021 1594 praesertim
1044 1547 1153 1580 XXX
1172 1553 1440 1593 tyrannorum,
1467 1554 1531 1597 qui

69 1606 225 1641 Athenis
250 1605 481 1649 regnabant,
516 1609 555 1639 et
580 1604 777 1649 Dionysii,
807 1605 1089 1639 illustrandam:
1118 1616 1190 1650 quo
1209 1607 1291 1651 quis
1310 1609 1470 1643 celsiore
1493 1613 1533 1643 et

68 1665 277 1699 illustriore
295 1664 378 1696 loco
396 1664 446 1696 sit
462 1663 688 1704 collocatus,
714 1666 818 1696 tanto
836 1665 957 1707 magis
973 1673 1130 1698 necesse
1151 1674 1256 1705 esse,
1283 1668 1323 1698 ut
1341 1666 1372 1698 is
1391 1665 1530 1700 bonam

70 1723 209 1756 famam
230 1725 268 1754 et
287 1721 510 1764 dignitatem
529 1721 670 1754 virtute
693 1723 887 1764 comparet
909 1725 948 1754 et
973 1724 1137 1757 tueatur.
1169 1731 1200 1758 c,
1219 1725 1251 1758 1.
1274 1724 1308 1758 2.
1353 1723 1533 1769 Adiungi-

69 1784 132 1814 tur
146 1788 292 1813 summa
309 1787 438 1812 rerum
455 1777 764 1813 enarrandarum.

637 1853 671 1889 0
681 1855 804 1901 lymp.
825 1854 960 1891 XCIV.

159 1921 304 1959 Αηη.1.
352 1919 479 1955 Primo
504 1921 704 1955 Graeciam
730 1923 892 1966 scriptor
922 1921 1011 1958 obit.
1070 1921 1342 1966 Atheniensem
1377 1934 1400 1958 e
1424 1925 1530 1970 pacis

67 1980 366 2021 conditionibus,
399 1978 790 2013 Lacedaemoniorum
813 1980 974 2023 imperio
998 1979 1178 2021 subiecti,
1205 1981 1436 2024 reipublicae
1458 1982 1531 2016 ad-

69 2038 341 2072 ministrandae
358 2036 543 2070 rationem
562 2040 709 2070 mutare
728 2041 922 2081 coguntur.
958 2037 1069 2070 Iussu
1085 2035 1275 2080 Lysandri
1294 2049 1440 2072 summa
1458 2041 1532 2073 rei-

66 2096 240 2141 publicae
272 2094 383 2127 XXX
411 2094 503 2126 viris
531 2104 614 2126 cum
637 2104 813 2138 supremo
842 2094 1003 2137 imperio
1035 2096 1278 2138 permittitur.
1332 2095 1531 2131 Praesidio

66 2152 458 2186 Lacedaemoniorum
475 2151 563 2184 freti
582 2150 618 2183 hi
637 2151 896 2185 crudelissime
915 2156 1087 2195 regnant.
1120 2163 1150 2187 c.
1173 2154 1289 2191 3—6.

157 2209 306 2243 Deinde
325 2219 387 2242 res
406 2209 442 2241 in
462 2207 591 2241 Sicilia
607 2212 736 2252 gestas
756 2209 1007 2252 persequitur.
1055 2210 1180 2243 Finito
1206 2208 1307 2242 bello
1330 2207 1532 2252 Carthagi-

67 2268 203 2309 niensi,
229 2269 350 2301 oritur
375 2265 599 2306 acerrimum
617 2266 806 2300 libertatis
826 2269 864 2300 et
879 2265 1093 2309 tyrannidis
1112 2271 1304 2299 certamen
1321 2265 1423 2300 inter
1441 2265 1532 2300 Dio-

68 2326 218 2370 nysium
247 2328 285 2358 et
309 2323 581 2367 Syracusanos.
626 2323 874 2368 Dionysium,
903 2333 985 2355 cum
1001 2346 1010 2363 ,
1041 2323 1135 2356 urbe
1160 2323 1326 2356 inclusus
1344 2328 1383 2357 et
1401 2323 1531 2357 obses-

69 2393 154 2423 sus,
187 2383 225 2414 in
251 2391 397 2414 summo
423 2380 590 2424 periculo
618 2381 665 2415 de
694 2382 776 2425 ipsa
804 2381 883 2413 vita
909 2381 1138 2424 trepidaret,
1185 2380 1338 2413 tandem
1363 2379 1530 2413 liberant

69 2439 259 2483 Campani.
297 2449 327 2473 c,
347 2440 467 2475 7-—9.
522 2437 662 2471 Postea
691 2437 1008 2479 Lacedaemonii,
1039 2448 1197 2482 quorum
1226 2442 1331 2470 terra
1357 2438 1528 2481 marique

67 2497 264 2540 imperium
289 2498 392 2536 erat,
419 2494 731 2538 quemadmodum
753 2505 820 2538 per
839 2494 1058 2536 Graeciam,
1097 2495 1310 2528 constitutis
1331 2494 1530 2527 ordinato-

67 2553 171 2587 ribus
187 2551 428 2598 (ἁρμοσταῖς),
453 2552 686 2594 singularum
706 2552 898 2584 civitatum
918 2556 1056 2584 statum
1079 2556 1117 2585 et
1135 2553 1378 2596 magistratus
1399 2561 1445 2585 ex
1471 2560 1530 2584 ar-

67 2611 181 2645 bitrio
203 2615 276 2644 ‘suo
303 2609 592 2651 ordinaverant,
621 2609 676 2642 ita
699 2608 739 2642 in
758 2607 886 2642 Sicilia
911 2618 1058 2654 quoquc
1087 2609 1203 2642 misso
1225 2609 1350 2643 Aristo
1372 2608 1382 2627 ²
1417 2606 1530 2654 Syra-

160 2783 179 2816 1
211 2779 304 2813 Infra
324 2792 398 2823 cap.
411 2782 455 2816 70
475 2779 533 2812 hic
547 2782 686 2814 Arelas
708 2781 908 2825 appellatur.
