1859 3326
313 163 409 236 334
786 187 1309 228 ANNOTATIONES

313 305 527 346 Gai-uerius
548 301 591 341 in
611 300 717 341 Dies.
734 301 781 340 11.
799 301 846 340 de
869 301 1041 353 Synodis
1059 301 1109 339 ob
1129 301 1333 354 Pelagium
1351 304 1444 341 vivo
1461 301 1684 354 Augustino
1705 316 1769 341 ce-

313 363 474 403 lebratis
502 366 589 411 post
617 359 714 398 Mar.
739 359 967 397 Mercatoris
986 358 1101 408 Oper.
1128 362 1270 410 pagina
1294 361 1413 406 179.
1433 359 1569 407 habet,
1597 363 1768 414 inquam,

313 421 537 461 Romanum
567 417 952 468 Megalopolitanum
994 417 1034 452 in
1068 414 1357 471 Proconsulari
1372 417 1527 454 Africae
1566 418 1770 466 provincia

314 478 573 526 Episcopum,
614 473 875 521 adscribitque
902 473 1076 523 ignotum
1105 472 1179 510 sibi
1208 468 1336 519 0880,-
1351 484 1426 521 qua
1448 479 1558 523 parte
1577 475 1662 510 eius
1679 485 1771 524 pro-

314 536 470 574 vinciae
499 530 765 581 Megalopolis
793 531 868 566 ista
897 528 1026 565 sedem
1054 527 1241 566 habuerit.
1264 528 1491 567 Didicisset
1510 530 1633 579 hinc,
1650 529 1770 567 modo

315 591 435 630 verba
451 590 711 632 meminisset,
739 585 870 635 oppidi
893 587 1030 621 situm:
1071 596 1318 636 quamquam,
1342 595 1388 624 ut
1407 586 1541 623 sedulo
1562 599 1697 637 agam,
1725 586 1772 624 ἅθ’

314 646 659 697 Megalopolitano
677 644 745 679 1110
765 643 946 679 Praesule
966 654 1028 678 res
1048 642 1221 679 nondum
1240 650 1298 680 est
1318 643 1508 693 expedita.
1531 642 1772 693 Adpellatur‚

316 704 417 755 quod
441 702 490 738 H.
510 700 690 738 Norisius
713 705 750 735 et
770 697 845 735 Th.
866 697 1079 735 Ruinartus
1102 699 1150 735 ad
1171 699 1263 738 Not.
1285 699 1404 736 Afric.
1425 713 1461 749 p.
1479 702 1582 741 112.
1604 699 1663 736 ed.
1676 699 1773 737 Ven.

315 761 522 799 admonere
545 756 645 793 haud
667 757 963 803 praeterierunt
989 748 1255 793 fidelioribus·
1245 769 1289 794 ur
1307 754 1517 794 Codieibus
1534 756 1775 808 Meglopoli-

317 824 458 862 tanus‚
496 816 580 851 sive
598 812 728 864 plebis
753 811 1124 863 Meglapolitanae,
1152 813 1501 862 quemadmodum
1491 826 1531 850 in
1551 811 1774 870 Carthagin-

315 873 455 912 Coilat.
483 871 701 918 c.133·p
722 871 843 916 271.,
869 871 979 917 eique
1010 877 1193 917 patronus
1223 870 1373 907 accedit
1397 870 1591 907 Cor-onius
1613 865 1777 920 Meglo-

306 932 532 984 politamcs,
561 939 676 977 quem
696 925 846 963 Notitia
866 925 1015 962 Eccles.
1036 926 1190 962 Africae
1213 939 1261 963 ex
1282 926 1556 964 Proconsulari
1574 928 1777 994 provincia

315 1000 394 1025 una
415 998 501 1022 cum
521 983 642 1021 aliis'
631 996 673 1019 ln
695 984 876 1021 exsilium
896 984 1054 1020 missum
1074 983 1194 1020 fuisse
1214 984 1333 1020 refert
1354 982 1547 1021 Hunerici
1565 986 1670 1034 regis
1693 984 1775 1020 ius-

317 1057 375 1082 su.
407 1041 541 1090 Neque
562 1040 600 1077 id
622 1046 751 1077 tamen
772 1041 994 1089 scriptionis
1016 1039 1224 1076 discrimen
1243 1043 1340 1077 tanti
1359 1040 1527 1088 videtur,
1541 1046 1583 1076 ut
1605 1041 1672 1077 alii
1690 1052 1776 1077 eum

315 1100 407 1138 urbi
430 1096 690 1146 inponendum
710 1096 889 1135 arbitrer.
943 1096 1037 1135 Me
1010 1096 1184 1145 glapolis
1207 1096 1360 1133 dicendi
1383 1096 1600 1162 conpendio
1622 1106 1671 1133 ex
1682 1095 1797 1134 Με-“

316 1157 498 1207 3αἶυ])οίί
525 1156 633 1190 nasci
660 1154 788 1191 facile
802 1154 941 1219 potuit.
983 1153 1042 1190 Ad
1063 1152 1136 1188 hoc
1156 1152 1289 1189 eadem
1314 1158 1398 1189 erat
1415 1155 1457 1189 in
1477 1154 1702 1202 provincia,
1733 1152 1777 1190 in

317 1224 393 1262 qua
416 1213 506 1249 haec
528 1209 715 1254 Diodori;
751 1212 859 1259 quin,
888 1211 920 1246 si
941 1208 1113 1247 Notitiae
1135 1209 1230 1246 ordo
1253 1210 1378 1246 iustus
1398 1215 1470 1256 est,
1499 1222 1616 1260 prope
1632 1208 1778 1258 Clupe-

318 1283 403 1316 am,
438 1282 460 1306 a
485 1280 558 1318 qua
588 1269 686 1304 citra
708 1279 820 1304 omne
851 1265 1009 1304 dubium
1037 1265 1132 1303 haec
1153 1261 1334 1319 Ζηεῃάλη
1364 1261 1484 1313 πόλις
1513 1267 1624 1305 brevi
1653 1268 1778 1317 spatio

317 1328 395 1366 fuit
415 1326 598 1373 dissepta.
627 1315 764 1360 1171388.

395 1383 540 1421 411
555 1381 629 1421 61.
646 1372 913 1430 Ἒπὶθάτερα
934 1375 980 1418 δὲ
996 1375 1102 1432 μέρη
1119 1374 1166 1418 τὸ
1189 1374 1361 1418 πεδίὀν
1342 1375 1675 1430 ενεμοντοβοῶν]
1687 1376 1781 1416 Dis-

319 1438 452 1477 cordia
472 1439 765 1474 amanuensium
785 1448 918 1473 ansam
939 1436 1127 1484 praebuit,
1149 1434 1222 1472 hoc
1241 1442 1284 1472 ut
1300 1437 1496 1486 eligerem
1527 1435 1572 1473 Si
1588 1438 1654 1485 qui
1673 1434 1779 1473 aliud

318 1497 523 1540 maluerit,
569 1499 700 1531 utatur
729 1505 798 1530 suo
828 1492 984 1530 iudicio.
1040 1493 1127 1543 Ego
1158 1505 1251 1530 vero
1279 1491 1378 1529 hanc
1408 1494 1581 1543 regionis
1610 1492 1784 1530 Punicaev

317 1553 610 1597 amoenitatem,
644 1551 760 1588 villas
788 1551 1107 1586 sumtuosissimis
1136 1550 1338 1597 praetoriis
1371 1549 1602 1597 distinctas,
1639 1562 1780 1600 pascua

319 1611 505 1648 armentis
527 1614 565 1643 et
585 1606 771 1654 pecudum
790 1607 974 1657 gregibus
997 1607 1230 1653 laetissima,
1267 1605 1551 1654 iucundamque
1584 1608 1698 1643 istam
1724 1607 1782 1643 ri-

319 1678 459 1704 vorum
491 1677 514 1701 a
542 1664 715 1701 fontibus
744 1663 1011 1700 deductionem
1043 1664 1229 1700 attentius
1256 1662 1530 1710 considerans,
1556 1665 1779 1714 imaginem²

319 1730 475 1760 tenuem
496 1729 638 1767 tamen,
666 1721 751 1770 agri
769 1718 948 1758 Batavici
967 1720 1098 1757 videre
1120 1720 1269 1767 videor,
1296 1725 1335 1756 et
1353 1721 1435 1756 eius
1456 1721 1648 1769 inprimis,
1666 1718 1780 1768 quem¹

318 1780 429 1828 aquis
451 1780 535 1814 lene
556 1777 787 1828 sonantibus
806 1776 952 1814 Vechta
975 1777 1088 1814 radit.
1125 1776 1307 1814 Offerunt
1335 1789 1418 1813 sese
1439 1777 1543 1814 ultro
1569 1777 1681 1825 plura
1703 1777 1780 1814 alia

320 1836 549 1883 meditanti,
582 1846 678 1883 quae
699 1834 817 1870 missa
836 1834 989 1871 faciam.
1034 1833 1075 1870 ld
1096 1837 1355 1883 maximopere
1372 1834 1504 1881 velim,
1533 1839 1578 1870 ut
1600 1831 1640 1870 hi
1659 1833 1781 1870 liber-

317 1895 409 1930 tatis
431 1899 470 1928 et
492 1891 726 1927 honestioris
747 1898 986 1927 mercaturae
1006 1891 1157 1928 fructus
1175 1893 1259 1927 sine
1282 1890 1368 1927 labe
1387 1885 1674 1941 possessoribus
1694 1889 1783 1928 diu«

318 1953 396 1987 tius
418 1955 652 1997 perennent,
682 1960 795 1996 quam
816 1945 1221 1998 Carthaginiensibus!
1250 1947 1385 1984 WESS.

435 2006 543 2045 411.
579 2006 652 2044 78.
690 2002 775 2043 Καὶ
799 2001 904 2053 πρὸς
933 2003 1007 2043 τὸν
1025 2000 1197 2042 Λευκὸν
1220 1999 1413 2056 Ίύνητα]
1441 2001 1552 2041 Hanc
1575 2004 1691 2041 etiam
1713 2014 1784 2040 ur-

320 2062 406 2099 bem
429 2062 495 2110 qui
519 2067 672 2109 praeter
691 2059 905 2097 Diodorum
928 2062 1116 2111 attigerit,
1128 2061 1312 2098 recordor
1328 2062 1534 2099 neminem.
1561 2059 1651 2098 Non
1670 2061 1783 2108 equi·

321 2119 407 2155 dem
428 2121 564 2169 ignoro
586 2117 656 2153 Ab.
680 2116 824 2153 Ortelii
844 2118 1055 2164 iudicium,
1084 2116 1223 2154 Album
1249 2116 1351 2154 huuc
1377 2116 1565 2154 Tanetem
1588 2123 1626 2153 ct
1649 2115 1779 2155 Tune,-

323 2179 398 2212 tem
421 2188 489 2224 pro
512 2174 645 2211 eadem
664 2173 759 2210 urbe
781 2175 963 2221 putantis.
1005 2174 1057 2210 At
1079 2175 1199 2210 multa
1218 2174 1385 2212 obstant.
1427 2172 1621 2222 Oppidum
1647 2172 1780 2211 Tunes

320 2230 555 2281 Carthagine
575 2230 746 2267 distabat
765 2232 891 2277 spatio
918 2240 977 2267 xv
1004 2229 1057 2268 M.
1080 2231 1140 2276 P..
1171 2237 1213 2266 ut
1235 2229 1370 2267 Livius
1390 2229 1433 2269 L.
1457 2229 1597 2266 XXX.
1621 2231 1664 2270 9.
1693 2232 1786 2267 sive·

322 2284 380 2334 ὡς
399 2284 547 2326 ἑκατὸν
567 2284 693 2325 εἴκοσι
715 2285 924 2333 σταδίους,
955 2287 1069 2324 sicuti
1090 2286 1276 2337 Polybius
1297 2288 1351 2322 ait
1373 2285 1415 2322 L.
1437 2283 1544 2324 XlV.
1563 2287 1633 2327 10.
1657 2286 1785 2325 Albus'

321 2345 369 2382 ab
400 2343 530 2381 eadem
559 2344 653 2379 urbe
677 2342 807 2381 Tunes
825 2344 981 2394 longius
1003 2343 1148 2380 aberat.
1179 2343 1302 2391 Adde,
1325 2342 1424 2380 hanc
1446 2343 1580 2382 urbem
1601 2343 1647 2381 ab
1669 2343 1779 2395 Aga-

321 2401 448 2439 thocle
478 2401 568 2436 8010Ι
589 2400 710 2436 fuisse
730 2406 952 2447 aequatam:
998 2399 1186 2437 Tanctem
1212 2399 1392 2447 deinceps
1418 2401 1522 2437 illius
1540 2401 1581 2437 in
1604 2407 1785 2449 potestat.

321 2464 399 2495 tem
423 2458 576 2494 venisse
597 2462 634 2492 et
653 2456 889 2505 praesidium
910 2457 1002 2494 satis
1021 2459 1214 2505 accepisse
1237 2456 1418 2494 validum.
1441 2455 1509 2494 Sic
1523 2463 1658 2495 auctor
1677 2458 1780 2508 ipsc-

320 2522 399 2553 met
421 2527 452 2550 c.
480 2515 547 2553 17.
577 2511 694 2549 Errat
715 2525 808 2563 ergo
830 2514 893 2550 vir
920 2514 1225 2552 sollertissimus,
1256 2512 1395 2550 VVEss.

334 2594 337 2597 Δ
436 2571 545 2610 412-
573 2569 649 2608 90.
679 2565 763 2609 Ἀπ’
788 2566 957 2618 αὐτῶν]
978 2565 1069 2609 ‘Yn'
1093 2567 1234 2609 αὐτῶν
1257 2568 1354 2621 1103.
1377 2572 1420 2610 2.
1454 2568 1544 2609 vid.
1568 2576 1648 2607 not.
1670 2571 1711 2607 in
1734 2569 1775 2607 L.

323 2627 388 2665 lv.
409 2627 485 2667 46.
515 2625 652 2664 WEss

336 2700 339 2701 ⁷
436 2685 529 2723 41..
503 2685 545 2722 2.
587 2683 662 2722 92.
714 2679 790 2728 Εἷς
824 2678 908 2749 τὴν
936 2677 1082 2736 χώραν
1119 2677 1442 2736 προσάγουσαν]
1480 2675 1784 2735 Προάγουσαν.

322 2737 458 2778 Rnon.
488 2738 562 2785 Εἷς
585 2735 660 2790 τὴν
675 2733 780 2791 χώρ.
800 2734 1086 2793 προάγουσαν]
1114 2739 1272 2778 Extrivi
1291 2741 1455 2786 literam,
1478 2751 1574 2788 quae
1592 2740 1669 2776 loci
1686 2751 1785 2776 sen-

321 2800 482 2834 tentiam
514 2794 809 2833 interturbabat.
857 2794 1017 2835 Factum
1052 2798 1168 2836 etiam
1195 2798 1319 2846 alias,
1359 2796 1428 2834 sed
1454 2793 1574 2833 codd.
1599 2797 1774 2873 imperio.

324 2853 410 2893 ud,
436 2854 477 2891 1.
499 2851 643 2891 XVlll.
669 2851 742 2892 59.
768 2851 912 2890 WWEss
955 2875 985 2879 .,
