1891 3310
337 229 399 268 1N
431 204 780 266 Excmnpm
810 225 1190 265 DEV1RTAET
1223 227 1342 267 νιΤ.
1481 235 1574 277 433

91 330 370 391 Ῐλξσθέμῑ-ωγ,
396 355 451 378 ex⁴
465 341 629 391 Polybio
648 354 727 390 cap.
756 336 858 393 101.
885 339 1162 392 Legationum,
1200 355 1249 380 ex
1266 354 1340 392 quo
1359 343 1440 381 fere
1462 359 1574 395 supe-

112 403 219 436 riora
243 401 372 436 omnia
392 399 439 435 ad
461 400 620 437 verbum
649 400 894 446 transcripsit
917 396 1127 435 Diodorus.
1185 397 1290 436 Hine
1322 400 1443 450 igitur
1469 412 1576 451 patet

114 462 232 503 eaput
255 456 351 492 illud
375 457 477 496 101.
509 455 766 506 Legationum
788 455 945 504 Polybii
976 455 1024 492 ad
1056 455 1195 492 librum
1219 457 1292 496 31.
1323 455 1571 498 historiarum

113 513 197 548 eius
225 515 443 561 pertinere,
485 513 525 549 in
554 523 629 560 quo
659 511 758 548 libro
779 512 968 548 retulerat
982 510 1167 562 Polybius
1191 525 1255 548 eos
1275 525 1443 563 agones,
1476 528 1572 564 quos

110 567 329 605 Antiochus
358 567 576 618 Epiphanes
603 566 790 615 Daphnae
820 568 1050 615 celebravit,
1093 574 1136 604 ut
1152 575 1257 617 patet
1276 582 1323 606 ex
1342 571 1571 621 fragmentis

101 627 194 661 -eius
212 626 299 662 libri
320 625 421 674 apud
439 622 702 670 Athenaeum,
742 626 837 674 quae
860 637 1058 675 perperam
1078 623 1326 663 Casaubonus
1349 628 1452 666 inter
1477 632 1571 667 reli-

112 684 221 730 quias
243 682 396 722 lib.26.
417 683 566 718 retulit.
623 681 772 718 Varus.

226 738 332 778 583.
366 739 441 777 31.
483 734 561 776 Ἐκ
591 739 667 789 τῆς
694 758 742 765 --
769 733 990 789 γενομένης
1017 736 1290 791 προσκοπῆς]
1328 737 1397 776 Sic
1420 744 1569 791 scripsi.

108 792 349 844 Intelligitur
373 794 530 843 Popillii
545 795 689 845 legatio
710 799 749 830 et
764 801 898 831 natum
921 794 1034 841 inde,
1064 808 1112 831 ne
1138 794 1338 845 Aegyptus
1362 809 1570 846 occupare—

109 855 200 897 tur,
248 851 583 900 inpedimentum,
623 850 669 886 ob
703 862 799 898 quae
832 849 1017 886 Romanis
1060 852 1279 888 clanculum
1317 856 1569 893 succensebat

105 905 335 944 Antiochus.
376 907 426 943 Ei
446 913 572 944 autem
592 909 650 944 rei
671 913 801 956 aptum
818 919 901 943 esse
922 909 1164 959 προσκοπῆς
1186 909 1435 956 vocabulum,
1463 918 1506 948 ut
1525 915 1568 950 in

107 962 265 1012 Polybii
288 962 332 1003 L.
350 963 413 1000 VI.
433 964 475 1003 4.
502 964 541 1002 5.
557 991 569 1010 ,
597 976 676 999 non
698 965 926 1014 προκοπῆς,
953 976 1064 999 nemo
1089 966 1256 1014 ignorat.
1315 964 1453 1003 wass.

225 1021 331 1059 583.
368 1019 442 1059 35.
484 1019 755 1070 Πτολεμαίου
787 1021 860 1058 τοῦ
892 1017 1098 1069 βασιλέως
1129 1015 1394 1071 ἐκπεσόντος]
1451 1023 1565 1059 Post-

105 1086 220 1124 quam
239 1075 452 1114 Antiochus
472 1076 692 1124 Epiphanes
713 1078 890 1122 tentatis,
923 1082 966 1112 ut
986 1089 1099 1124 supra
1121 1076 1224 1123 dixi,
1253 1080 1453 1115 moenibus
1476 1078 1567 1115 Alc-

104 1132 306 1180 xandriae‚
337 1134 549 1170 frustratus
570 1146 634 1182 spe
656 1146 745 1179 sua,
771 1133 812 1168 in
836 1131 991 1181 Syriam
1011 1136 1187 1180 recessit,
1211 1132 1452 1171 Ptolemaeus
1475 1135 1566 1172 Phi-

104 1190 290 1236 lometor,
334 1201 446 1238 quem
474 1189 642 1239 Memphi
667 1191 895 1237 reliquerat,
928 1191 1140 1239 perspectis
1171 1191 1345 1226 consiliis
1366 1190 1564 1237 Antiochi,

104 1247 170 1294 qui
201 1247 413 1283 amic-itiam
442 1259 569 1283 secum
603 1247 830 1292 simulabat,
868 1246 934 1282 sed
952 1259 1088 1283 revera
1110 1246 1186 1282 sibi
1208 1248 1283 1293 ipsi
1301 1259 1463 1297 regnum
1491 1249 1566 1284 Ae-

102 1302 219 1351 gypti
247 1310 468 1352 comparare
487 1305 528 1340 in
549 1305 679 1340 animo
702 1301 887 1350 habebat,
921 1303 1050 1339 missis
1067 1302 1115 1339 ad
1135 1305 1326 1340 iuniorem
1344 1305 1501 1340 fratrem
1523 1312 1561 1340 ce,

101 1357 341 1407 Cleopatram
371 1372 542 1396 sororem
566 1360 824 1409 legationibus
854 1359 895 1394 id
925 1360 1089 1408 perfecit
1116 1366 1160 1395 ut
1189 1362 1231 1397 in
1263 1372 1425 1410 regnum
1447 1364 1564 1398 resti—

101 1421 299 1462 tueretur,
327 1417 524 1465 fraterque
544 1419 671 1465 minor
691 1428 819 1453 secum
838 1417 953 1452 simul
972 1423 1174 1466 regnaret,
1206 1415 1250 1454 L,
1277 1417 1442 1453 Aemilio
1462 1418 1564 1454 Pau-

103 1472 144 1508 lo
165 1473 209 1510 2.
240 1470 326 1509 Cos.
347 1485 449 1509 anno
471 1474 515 1512 4.
550 1472 705 1522 Olymp.
721 1482 836 1519 emh,
864 1479 907 1508 ut
928 1472 1040 1509 docet
1060 1471 1107 1508 T.
1129 1472 1266 1509 Livius
1287 1474 1353 1509 lib.
1368 1476 1444 1513 45.
1485 1474 1562 1511 lta-

102 1539 175 1577 que
196 1529 237 1565 in
260 1529 423 1577 publicis
446 1530 595 1567 actibus
620 1529 741 1566 scribi
763 1530 890 1578 eoepit
912 1541 1016 1566 anno
1043 1531 1116 1569 12.
1147 1528 1442 1578 Philometoris‚
1481 1530 1563 1567 Eu·-

100 1586 245 1634 ergetis
265 1591 393 1623 autem
412 1589 555 1635 primo,
585 1587 802 1634 mansitque
821 1584 914 1622 haec
934 1586 1100 1622 fratrum
1122 1586 1329 1623 eoncordia
1348 1587 1396 1623 ad
1416 1600 1561 1625 annum

100 1639 374 1678 Philometoris
395 1645 598 1691 septimum
617 1642 828 1688 decimum,
869 1654 944 1690 quo
969 1643 1109 1679 fratres
1130 1642 1316 1679 dissidere
1337 1652 1561 1693 coeperunt,

98 1704 144 1734 ut
162 1698 297 1735 scribit
315 1697 555 1749 Porphyrius
575 1701 616 1736 in
634 1700 850 1749 fragmento
871 1700 1200 1745 luculentissimo,
1236 1699 1337 1746 quod
1368 1699 1442 1735 los.
1464 1700 1559 1737 Sea—

99 1755 200 1805 liger
217 1755 553 1793 interEusebiana
573 1761 757 1803 excerpta
774 1755 894 1791 edidit
916 1767 950 1803 p.
964 1757 1040 1795 22.
1081 1754 1207 1805 Igitur
1219 1755 1459 1792 Philometor
1480 1758 1561 1793 bel-

99 1811 139 1846 lo
168 1812 319 1859 victus,
358 1824 555 1862 regnoque
577 1814 784 1859 expulsus,
814 1810 975 1848 Romam
997 1811 1110 1860 pedes
1130 1811 1287 1860 petendi
1310 1814 1445 1848 auxilii
1469 1827 1559 1863 gra-

100 1868 158 1902 tia
178 1868 369 1913 proficisci
390 1869 558 1906 intendit
582 1868 733 1905 modico
765 1870 971 1914 comitatu,
1012 1868 1214 1916 demtoque
1236 1871 1374 1916 eapitis
1398 1870 1558 1920 insigni,

99 1935 145 1959 ae
165 1925 356 1972 squallore
375 1924 538 1961 obsitus.
579 1924 649 1961 Cui
671 1937 755 1961 eum
776 1923 996 1961 Demetrius
1016 1925 1169 1962 obviam
1186 1927 1370 1971 venisset,
1402 1938 1559 1973 equum—

99 1991 173 2028 que
185 1981 379 2030 regalibus
395 1988 586 2018 *ornatum
604 1980 771 2030 phaleris
792 1988 831 2017 et
853 1981 1029 2017 diadema
1050 1981 1275 2027 obtulisset,
1305 1989 1446 2018 cuncta
1465 1983 1557 2019 Pm-

99 2036 268 2073 lemaeus
288 2043 347 2073 est
366 2045 591 2086 aspernatus
615 2045 652 2074 et
675 2036 835 2074 Romam
859 2051 944 2073 cum
962 2039 1157 2084 venisset,
1183 2040 1223 2074 in
1247 2037 1453 2086 hospitium
1472 2041 1559 2075 Me-

99 2093 286 2129 xandrini
315 2094 476 2141 pictoris
505 2108 545 2130 se
573 2095 755 2132 eontulit.
816 2094 926 2138 Quod
957 2094 1023 2131 ubi
1048 2092 1210 2130 Senatui
1241 2097 1464 2131 nunciatum
1486 2104 1557 2141 cst,

97 2146 266 2186 Senatus
295 2152 482 2187 accersito
513 2153 652 2188 iuvene
685 2150 893 2200 diligenter
918 2151 1065 2187 factum
1096 2153 1317 2196 excusavit,
1355 2152 1457 2199 quod
1486 2166 1558 2188 nce

99 2206 350 2248 Quaestorem
370 2221 475 2244 more
494 2209 681 2245 maiorum
700 2208 737 2244 ei
757 2207 910 2245 obviam
931 2210 1120 2254 misisset,
1158 2220 1227 2243 nee
1250 2208 1405 2257 publico
1428 2208 1559 2258 hospi-

96 2264 153 2298 tio
186 2265 421 2311 excepisset,
461 2264 680 2313 idque-non
710 2277 778 2300 sua
797 2265 1057 2314 negligentia,
1101 2263 1166 2299 sed
1187 2265 1290 2300 illius
1311 2264 1554 2301 clandestino

86 2317 266 2356 adventu
288 2332 369 2356 esse
389 2321 555 2369 factum,⁴
588 2320 838 2368 hortatusque
859 2328 916 2356 est
948 2328 990 2358 ut
1010 2321 1146 2370 positis
1175 2320 1353 2357 sordibus
1388 2321 1555 2358 adcundi

81 2404 84 2406 .
100 2374 227 2422 ipsius
241 2375 340 2412 diem
355 2384 512 2424 peteret,
533 2384 575 2413 ut
593 2384 726 2414 narrat
738 2377 915 2413 Valerius
927 2376 1031 2414 Max,
1053 2377 1151 2413 libro
1166 2377 1210 2412 V.
1234 2389 1314 2424 cap.
1332 2379 1368 2417 l.
1409 2378 1557 2413 Varus.

100 2429 146 2466 Si
176 2433 261 2479 quis
291 2432 436 2469 dubitet
465 2433 512 2469 de
542 2433 615 2470 hoe
642 2435 884 2480 Ptolemaeo,
924 2436 1100 2482 quisnam
1132 2433 1273 2479 fuerit,
1314 2434 1439 2470 diseat
1469 2448 1552 2471 eum

96 2487 218 2523 fuisse
237 2487 464 2538 Physcona,
492 2492 558 2537 qui
580 2497 617 2526 et
635 2489 864 2539 Caecrgetes
885 2492 1117 2535 vocabatur,
1147 2490 1247 2537 quod
1281 2491 1464 2539 Polybius
1487 2491 1555 2527 ‹lo-

97 2550 184 2581 eet.'
222 2543 354 2581 PALM.
422 2546 548 2582 Valer.
580 2545 773 2583 Maximus
804 2553 951 2595 pugnat
981 2554 1017 2582 ct
1038 2547 1189 2583 obviam
1212 2550 1319 2583 venit
1339 2550 1555 2583 sentcntiae

97 2599 266 2650 Valesii,
306 2604 430 2651 prima
458 2604 587 2638 fronte
611 2604 748 2639 favens
777 2603 980 2639 l'almerio.
1043 2602 1110 2638 Sic
1141 2604 1262 2639 enim:
1305 2603 1396 2640 Rex
1423 2604 1556 2640 Piale—

97 2668 236 2694 maeus
259 2671 284 2695 (ι
305 2659 619 2707 mm'orejbnlre
639 2672 762 2708 regno
782 2660 978 2709 spoliatus
1004 2680 1050 2686 ——
1076 2660 1243 2696 Romam
1261 2667 1441 2697 venet-(ct.
1497 2660 1556 2696 Ea.

97 2711 361 2752 Ptolemaeum
392 2715 645 2766 Euergetem,
682 2729 761 2752 non
794 2715 1075 2761 Philometora,
1113 2715 1340 2766 designant:
1382 2718 1446 2763 qui
1470 2719 1555 2763 qui-

101 2767 192 2805 dem
207 2765 419 2822 Euergetes
437 2771 598 2809 Romam
622 2774 751 2820 venit,
791 2771 953 2809 necdum
976 2774 1017 2808 in
1037 2770 1195 2820 Syriam
1220 2772 1390 2820 profecto
1414 2771 1556 2808 Deme-

99 2827 198 2862 trio:
237 2828 303 2864 sed
324 2841 444 2876 neque
476 2842 520 2866 eo
552 2829 744 2877 squallore
767 2829 936 2872 obsitus,
981 2841 1050 2864 nec
1071 2829 1208 2864 auxilii
1231 2829 1382 2877 petendi
1406 2842 1553 2871 caussa,

99 2894 233 2919 verum
256 2896 300 2921 eo
323 2883 428 2931 atine,
456 2893 501 2921 ut
529 2887 744 2922 institutam
765 2897 851 2921 cum
869 2884 987 2922 fratre
1017 2887 1128 2934 regni
1155 2885 1385 2920 divisionem
1409 2886 1553 2922 faceret.

1166 2941 1221 2979 31
1254 2944 1273 2958 '⁹
