1859 3326
321 167 379 207 16
709 177 714 182 ’
780 164 1312 205 ANNOTATIONES

307 279 392 318 ,bus
412 291 492 317 non
521 280 726 317 auctiores.
725 277 1084 348 Τετρακυσιους
1102 277 1250 326 ἱππέας
1279 277 1492 331 ἐκέκτηντο
1524 274 1679 330 μόνον,
1710 276 1781 318 καὶ

322 350 559 402 ο-υμπαντες
577 327 743 375 οὐὸἒνῖ
717 350 828 388 ἠσαν
847 338 901 375 717
905 336 1012 383 είους
1029 339 1114 376 τῶν
1134 335 1472 386 πεντακισχὺίων
1501 333 1574 376 τὸν
1595 332 1781 389 ἀριθμὸν

322 394 366 430 in
390 391 640 429 Demosthen.
665 391 735 431 Or.
755 407 848 460 περι
871 394 1075 458 Παραπρ.
1107 405 1144 441 p.
1168 394 1276 432 257.
1303 393 1442 430 Wssss.

441 450 511 488 19.
543 451 616 489 60
645 443 791 495 Αὐτός
817 463 860 488 τε
890 444 911 488 ὃ
939 449 1160 516 Τελευτίας
1188 447 1333 501 ἔπεσε]
1367 448 1647 486 Demosthenes
1676 447 1781 485 dicto

309 508 408 544 -loco
428 504 638 555 Olynthios
656 508 765 557 τρεῖς
784 507 868 544 τῶν
891 506 968 544 7107
960 501 1219 571 εμάρχων,
1209 518 1231 542 a
1252 505 1456 554 Spartanis
1472 507 1690 552 missorum,
1719 506 1782 542 in-

323 563 521 600 terfecisse
541 563 616 598 ait:
642 561 757 598 credo
778 564 944 598 oratorie
965 564 1085 612 magis
1107 576 1219 612 quam
1242 575 1344 600 vere.
1377 561 1577 599 Teleutias
1603 573 1782 612 pugnan-

325 620 375 656 do
398 619 531 668 periit,
561 619 695 654 morbo
724 617 963 668 Agesipolis:
989 621 1126 656 tertius
1146 619 1378 668 Polybiades
1403 619 1546 656 bellum
1565 619 1783 666 conposuit,

325 688 449 725 neque
469 675 564 712 adeo
593 677 635 711 in
658 687 791 712 eorum
811 688 1033 723 numerum,
1062 678 1136 712 etsi
1153 674 1343 724 Ulpianus
1373 676 1429 711 ita
1450 676 1568 721 velit,
1598 674 1691 712 addi
1713 687 1781 723 po-

324 739 413 770 test.
454 730 484 767 F
489 730 867 768 orte-Tle'monidam
900 731 1063 780 Orator,
1093 738 1327 769 cetratorum
1361 731 1516 777 ducem,
1555 733 1623 779 qui
1649 731 1784 768 eodem

325 800 400 837 quo
423 788 621 825 Teleutias
650 789 796 836 praelio
819 788 982 837 cecidit,
1011 790 1218 826 intellexit.
1234 788 1345 825 vide
1365 786 1667 837 Xenophontem
1686 786 1784 824 Hel-

323 847 399 884 len.
422 844 465 881 L.
491 844 535 880 V.
557 856 593 891 p.
615 844 722 884 438.
753 844 889 882 VVEss.

444 902 515 941 19.
539 904 612 941 68.
649 898 736 939 Τὸν
757 896 938 951 πόλεμον
963 897 1134 940 ἔσεσθαι
1154 897 1286 940 πολὺν
1301 895 1485 954 χρόνον]
1525 899 1615 938 Etsi
1633 898 1707 937 hoc
1724 898 1785 936 di-

327 960 461 996 stricte
481 957 684 1006 inprobare
715 959 855 1003 nolim,
887 954 1159 1009 πολυχρόνιον
1186 965 1316 994 tamen
1339 965 1378 994 et
1400 959 1496 994 alias
1517 957 1683 1006 praefert
1704 958 1785 1006 ipse

326 1015 441 1064 idque
461 1016 573 1064 parili
597 1013 710 1051 modo
733 1016 776 1051 in
797 1014 871 1051 duo
892 1015 1082 1052 vocabula
1101 1014 1310 1052 dissectum
1328 1014 1449 1052 fuisse
1468 1014 1638 1052 vidimus
1656 1026 1783 1063 supra.

322 1071 459 1111 VVEss.

446 1127 516 1167 19.
543 1127 615 1167 74
652 1122 840 1167 Λευκιον
860 1123 1109 1193 Παπυριον]
1147 1125 1234 1165 Hoc
1255 1129 1412 1165 nomine
1433 1127 1580 1176 deleto,
1605 1133 1649 1166 ut
1669 1133 1709 1164 et
1727 1128 1784 1164 al·-

327 1192 411 1222 tero
444 1183 496 1221 M.
525 1182 656 1230 Furii,
684 1184 782 1221 adde
813 1186 984 1234 proxime
1015 1198 1179 1234 sequens
1207 1187 1356 1236 gentile
1391 1182 1630 1250 Οὐαλέριον.
1681 1183 1786 1221 Tum

325 1234 474 1283 Λῦ7ον
506 1236 702 1279 ,71.[αν7ιον
711 1268 739 1288 ,
750 1236 947 1279 Λεύκιον
975 1237 1248 1292 Ποστούμιον
1277 1257 1346 1280 και
1374 1236 1559 1280 Λεύκιον
1586 1240 1786 1292 Λιμί7ιον

329 1310 379 1335 ex
399 1297 526 1334 Livio.
563 1295 670 1334 Fasti
701 1305 827 1334 autem
858 1298 1100 1346 quorundam
1126 1301 1352 1335 recensione
1371 1298 1615 1347 discrepant.
1646 1297 1785 1334 RHOD.

327 1354 390 1394 A
425 1352 638 1405 Παπίριον
667 1352 766 1405 etc.]
820 1354 866 1391 Si
894 1356 1088 1405 legeretur
1118 1350 1304 1394 Λεύκιον
1347 1352 1598 1406 Οὐαλέριον,
1635 1354 1784 1393 Αὖλον

328 1406 526 1452 71*Ια’.77.ιον
555 1412 637 1447 sive
660 1406 876 1458 Memmi
905 1405 1090 1450 Λευκιον
1115 1407 1386 1461 Ποστούμιον
1406 1410 1474 1449 καὶ
1487 1388 1682 1450 Λεύκιον
1703 1409 1785 1449 Αἷ-

326 1467 486 1519 ¹ushan,
527 1478 621 1514 quos
643 1469 823 1504 versione
854 1481 922 1504 sua
955 1466 1141 1505 Rhodom.
1174 1470 1385 1517 expressit,
1417 1469 1657 1505 consentiret
1688 1465 1785 1504 Dio-

329 1525 447 1560 dorus
469 1526 609 1572 optime
630 1522 742 1560 Livio
765 1523 806 1561 L.
832 1524 896 1562 Vl.
926 1526 963 1564 1.
993 1524 1043 1560 At
1065 1527 1096 1561 is
1121 1537 1185 1561 eos
1216 1525 1393 1561 tribunos
1412 1523 1557 1561 Romae
1584 1537 1675 1561 mox
1697 1530 1786 1573 post

330 1581 466 1617 Gallos
489 1580 668 1628 depulsos
688 1582 863 1629 inponit,
893 1595 916 1619 a
936 1593 1012 1630 qua
1044 1582 1261 1618 calamitate
1284 1582 1437 1632 longius
1460 1581 1601 1618 absunt
1622 1579 1787 1618 Diodori

327 1638 513 1675 rationes.
563 1635 708 1674 Eadem
728 1644 855 1674 tamen
869 1666 879 1685 ,
910 1651 1006 1687 quae
1026 1637 1331 1683 Rhodomanno,
1363 1638 1522 1687 probata
1540 1636 1678 1688 Pighio
1697 1650 1786 1674 sen-

331 1695 454 1731 tentia
485 1693 562 1729 fuit
590 1692 638 1728 ad
665 1706 755 1730 ann.
785 1705 953 1732 ccclxv.
984 1701 1022 1731 et
1050 1694 1250 1743 Onuphrio
1282 1695 1486 1732 Panvinio.
1524 1693 1622 1735 Mihi
1645 1694 1785 1731 densae

328 1749 392 1787 hic
415 1750 670 1786 obversantur
688 1751 889 1799 tenebrae3
921 1763 1149 1800 quamquam
1172 1750 1244 1788 hoc
1268 1753 1361 1788 satis
1383 1752 1597 1801 perspicio,
1626 1753 1785 1801 propius

310 1820 351 1845 >a
370 1806 497 1843 Fastis
518 1804 730 1843 Diodorum
754 1815 839 1855 post
858 1808 951 1844 hacc
975 1807 1188 1844 deflectere.
1217 1808 1267 1844 W
1272 1818 1353 1844 Ess.

449 1864 516 1902 19.
550 1863 624 1902 91·
661 1860 847 1909 Aet-mog
864 1861 1060 1916 'soi-7103]
1094 1863 1187 1901 Post
1206 1864 1305 1901 bunc
1327 1864 1450 1901 scribe
1462 1859 1647 1909 Λεύκιος
1663 1858 1786 1902 Ἀκυ-

326 1920 425 1964 7ιος,
455 1915 639 1964 Λεύκιος
658 1917 949 1972 Λοῑκρήτιος,
980 1915 1174 1970 Σερούιος
1195 1920 1455 1966 Σου7πίκιος.
1482 1920 1566 1958 Hos
1590 1923 1693 1958 enim
1712 1920 1787 1958 Fa-

329 1978 380 2012 sti
406 1982 634 2022 proponunt.
650 1974 785 2012 RHOD.
816 1976 1002 2027 Sigonius
1025 1976 1097 2014 hoc
1117 1989 1165 2013 ex
1185 1978 1271 2013 loco
1296 1976 1383 2013 Iulii
1404 1990 1659 2025 praenomen,
1682 1978 1784 2025 quod

328 2035 370 2070 in
392 2031 503 2068 Livio
524 2030 564 2067 L.
586 2031 650 2068 VI.
673 2033 716 2071 4.
744 2035 927 2070 vitiosum
948 2040 1044 2079 erat,
1071 2035 1252 2069 correxit.
1281 2031 1417 2070 Cetera
1438 2033 1486 2070 ad
1511 2046 1596 2070 eum
1615 2034 1783 2080 modum,

329 2101 441 2137 quem
463 2086 651 2124 Rhodom.
668 2096 822 2126 secutus
851 2097 909 2126 est
922 2117 933 2137 ,
958 2089 1197 2126 emendanda
1217 2101 1366 2138 quoque
1391 2092 1542 2127 censuit
1561 2089 1723 2141 Pighius
1743 2093 1784 2128 in

326 2145 454 2183 Fastis
476 2144 523 2180 ad
546 2157 637 2180 ann.
660 2155 845 2183 cc'Cval.
877 2159 988 2195 quem
1018 2146 1119 2183 vide.
1150 2145 1291 2182 W‘ESS.

442 2202 516 2240 20·
549 2202 622 2240 98.
647 2199 934 2250 Ἐβασίλευσεν
955 2201 1024 2254 ἔτη
1046 2200 1187 2252 ἐννέα]
1220 2202 1307 2239 vid.
1328 2202 1490 2239 inferius
1510 2215 1543 2242 c.
1561 2201 1631 2241 55.
1647 2201 1784 2240 VVESS.

440 2259 516 2296 20.
547 2258 620 2296 99-
651 2255 928 2308 Πολυβιάὸαν
949 2256 1182 2312 στρατηγὸν
1202 2255 1550 2310 καταστήσαντες]
1583 2258 1645 2295 Ex
1664 2259 1784 2297 Coisl.

328 2315 508 2364 vestigiis
531 2314 638 2350 ducis
660 2327 823 2362 nomen,
852 2328 1009 2364 prorsus
1040 2318 1097 2352 uti
1119 2315 1220 2364 apud
1240 2314 1543 2363 Xenophontem
1562 2314 1716 2353 Hellen.
1738 2316 1781 2353 L.

328 2370 374 2407 V.
397 2384 430 2419 p.
447 2371 553 2409 442.
575 2378 613 2406 et
626 2369 832 2420 Ulpianum
855 2373 902 2408 ad
923 2372 1029 2408 Orat.
1050 2372 1095 2407 de
1110 2371 1244 2422 Legat.
1263 2374 1359 2409 male
1380 2372 1610 2411 Administr.
1625 2374 1780 2422 p.257.

328 2428 493 2477 legitur,
524 2439 599 2464 una
619 2428 730 2464 litera
750 2430 938 2479 integrius
959 2441 1042 2464 esse
1061 2431 1168 2465 iussi.
1198 2429 1334 2467 Wnss.

440 2484 517 2521 20.
551 2485 592 2522 6.
622 2483 889 2535 Προοέταξεν
909 2480 1164 2536 ὑποταγῆναι
1181 2482 1565 2537 Λακεδαιμονίοις]
1596 2483 1783 2535 Conposi-

327 2545 408 2576 tum
431 2539 471 2575 id
492 2539 634 2576 bellum
653 2541 728 2576 fuit
748 2553 796 2577 ex
819 2540 1095 2591 Olynthiorum
1114 2542 1287 2588 arbitrio,
1316 2544 1349 2578 si
1368 2555 1502 2578 verum
1525 2549 1680 2579 secutus
1701 2541 1780 2580 De-

326 2595 548 2632 mosthenes
567 2602 637 2632 est.
675 2596 761 2634 Καὶ
785 2593 831 2635 τὸ
864 2599 1120 2644 τελευταῖον,
1146 2595 1258 2643 ὅπως
1292 2593 1545 2648 ἧχ’ῗούλοντο,
1573 2595 1683 2637 οὕτω
1704 2596 1778 2638 τὸν

326 2649 506 2702 πόλεμον
527 2650 749 2691 κατέθεντο
773 2652 879 2690 Orat.
902 2653 992 2706 περὶ
1015 2668 1200 2707 παραπρ.
1225 2667 1260 2703 p.
1282 2656 1389 2694 257.
1431 2653 1511 2691 Sed
1527 2654 1618 2693 vide
1637 2653 1779 2692 Xeno-

326 2708 508 2757 phontem
529 2709 649 2746 citato
673 2710 771 2748 loeo.
806 2710 856 2747 W
862 2721 885 2746 1³
891 2721 946 2746 ss.

439 2766 625 2804 2012.
669 2762 793 2804 Κατα
822 2769 898 2818 γῆν
928 2762 1014 2804 ἅμα
1047 2765 1113 2804 καὶ
1141 2764 1246 2805 κατὰ
1270 2762 1356 2806 θά7
1361 2764 1520 2819 ατταν]
1557 2767 1776 2805 Amiserant

327 2819 512 2872 Spartani
540 2829 698 2872 accepta
725 2821 774 2859 ad
805 2821 970 2860 Cnidum
998 2823 1106 2860 clade
1123 2815 1331 2861 Graeciae
1362 2831 1464 2861 terra
1493 2826 1664 2873 marique
1702 2826 1775 2862 im-
