1891 3310
8 1935 15 2053 w>
7 1667 15 1919 *qma-v

1463 204 1556 243 445

307 719 1361 784 ANNOTATIQNES

799 857 869 892 IN

185 972 530 1013 EXCERPTA
568 971 648 1012 DE
686 972 1098 1012 VIRTUTIBUS
1138 972 1218 1013 ET
1258 971 1480 1011 VITIIS.

224 1232 328 1272 545.
364 1235 438 1274 10.
473 1230 721 1287 Ἐπιφανεῒς
747 1230 905 1285 βοηθοὶ
931 1233 1019 1278 τοΐς
1047 1227 1161 1285 παρὰ
1179 1227 1303 1285 λόγον
1322 1231 1420 1284 etc.]
1462 1230 1564 1271 Con-

105 1289 166 1327 fer
186 1302 281 1340 quae
301 1290 407 1327 dicta
429 1298 518 1327 sunt
541 1291 589 1327 ad
613 1290 732 1328 L.1v.
757 1291 832 1330 43.
893 1289 1029 1327 lVEss.

224 1347 326 1385 545.
360 1343 429 1387 14.
458 1344 550 1385 (Ότι
569 1342 992 1396 Ἐπωπεῦςβασιλεύς
1017 1343 1255 1397 Σικυῶνος]
1301 1344 1374 1383 His
1403 1346 1566 1384 multum

106 1405 299 1441 contraria
321 1410 454 1440 narrat
473 1402 685 1440 Pausanias
708 1406 748 1440 in
768 1401 1026 1441 Corinthiacis
1047 1400 1135 1454 (lib.
1149 1401 1196 1438 ll.
1218 1400 1280 1453 6.)
1329 1401 1429 1440 Nam
1458 1402 1565 1451 Epo-

107 1472 178 1508 pea
196 1461 376 1509 templum
399 1460 646 1511 magnificum
666 1459 838 1506 Palladi,
866 1461 975 1495 'item
995 1465 1033 1494 et
1053 1457 1225 1506 Apollini
1254 1466 1291 1495 et
1321 1457 1470 1495 Dianae
1502 1472 1568 1496 ae-

109 1515 259 1552 dificari
289 1528 442 1553 curasse
472 1517 539 1553 ait.
579 1516 657 1553 Sed
676 1516 768 1566 quid
790 1515 1011 1552 mutabilius
1039 1513 1208 1551 hominis
1229 1513 1384 1552 mente?
1435 1515 1566 1552 PALM.

106 1571 296 1622 Agnoscit
320 1587 449 1624 regem
469 1573 624 1621 Epopea
644 1574 841 1623 catalogus
858 1585 994 1622 regum
1018 1570 1293 1621 Sicyoniorum
1311 1571 1568 1619 Euseffianus,

107 1641 178 1665 nec
200 1633 430 1678 praeteritur
450 1643 472 1667 a
489 1628 643 1666 Criticis
669 1630 718 1666 ad
737 1629 914 1679 Apollon.
939 1627 1063 1664 Rhod.
1091 1627 1212 1664 L.1V.
1242 1630 1376 1668 1090.
1417 1630 1568 1666 Forsan

108 1687 223 1722 etiam
252 1685 298 1722 ab
332 1699 376 1723 eo
411 1685 581 1736 Sicyone
610 1683 726 1722 Ceres
758 1683 944 1730 ’[ῐπωπὶς
972 1684 1163 1732 adpellata
1191 1686 1277 1721 fuit.
1334 1685 1568 1735 Hesychius,

105 1737 304 1788 Ἔηωπῖς,
350 1738 559 1794 Δημήτηρ
598 1739 713 1794 παρὰ
743 1740 995 1786 Σικυωνίοις.
1065 1740 1176 1784 Quod
1217 1747 1348 1778 tamen
1389 1742 1566 1779 districte

107 1798 310 1835 adfirmare
332 1801 476 1845 nolim,
516 1810 601 1835 cum
630 1804 669 1834 et
689 1800 765 1835 alia
798 1798 925 1844 tituli,
967 1798 1052 1834 sive
1078 1794 1266 1842 'Enwnig
1297 1811 1364 1835 seu
1385 1793 1567 1844 ζΕπωῑῑὶς

109 1855 249 1901 fuerit,
281 1867 417 1892 caussa
438 1854 521 1892 dari
540 1856 674 1905 possit.
720 1854 824 1905 Lege
845 1853 1019 1891 Tzetzen
1036 1853 1085 1890 ad
1104 1852 1347 1904 Lycophron.
1372 1867 1410 1892 v.
1428 1857 1447 1895 1
1462 1857 1565 1896 176.

109 1910 247 1949 WEss.

226 1966 330 2006 545.
365 1968 435 2007 17.
478 1963 566 2007 Τὸν
587 1965 776 2019 Σίσυφον
794 1964 1025 2021 πανουργίᾳ
1043 1987 1102 1994 —-
1122 1963 1352 2019 διενεγκεῖν]
1392 1965 1566 2016 Principi

110 2027 246 2072 poiitac
273 2022 484 2074 κέρδιστος
514 2021 678 2075 ἀνδρῶν
700 2022 915 2072 Sisyphus,
955 2023 1001 2058 de
1023 2025 1132 2058 cuius
1149 2025 1320 2060 versutia
1340 2030 1378 2059 et
1400 2023 1568 2071 strophis

111 2082 234 2116 serior
253 2088 355 2117 aetas
375 2082 539 2129 plurima
559 2080 744 2128 prodidit,
774 2079 939 2128 petenda
960 2091 1007 2115 ex
1021 2078 1152 2115 Schol.
1172 2079 1219 2116 ad
1240 2078 1444 2128 Sophoclis
1456 2081 1566 2118 Aiac.

109 2149 148 2174 v.
165 2138 268 2176 190.
289 2143 326 2173 et
345 2136 592 2185 Aristophan.
614 2136 780 2173 Acharn.
801 2149 838 2173 v.
856 2137 962 2175 390.
1021 2135 1158 2173 WVEss.

227 2193 332 2233 546.
362 2195 436 2232 24.
471 2188 698 2247 Ἕβρόντα,
727 2191 795 2231 καὶ
815 2189 908 2232 οὔτε
930 2191 1087 2239 θυσίας
1114 2212 1163 2219 -
1186 2189 1336 2242 ἐτέλει]
1385 2191 1498 2230 Vidit
1525 2194 1569 2231 in

111 2249 249 2287 inferis
270 2249 437 2295 Aeneas,

371 2305 570 2343 Crudeles·
592 2306 751 2344 dantem
784 2304 999 2343 Salmonea
1019 2316 1190 2356 poenas,

279 2361 383 2399 Dum
403 2364 593 2412 flammas
623 2362 735 2400 lovis
764 2369 804 2399 et
825 2365 978 2399 sonitus
1004 2364 1190 2399 imitatur
1219 2360 1389 2413 Olympi.

112 2418 351 2458 Aeneid.VI.
377 2420 502 2466 585.;
542 2431 658 2467 quam
686 2426 813 2456 tamen
846 2418 1013 2456 hominis
1042 2421 1253 2457 vanitatem
1284 2418 1410 2455 dicam
1433 2430 1484 2454 an
1508 2418 1571 2455 in-

113 2477 296 2524 pietatem
308 2474 517 2512 Homerum
536 2478 736 2526 ignorasse
757 2487 805 2512 ex
829 2474 950 2525 Odys.
971 2474 1045 2521 A,
1074 2476 1183 2514 235.
1214 2474 1317 2511 haud
1337 2486 1456 2523 prava
1477 2487 1572 2511 con-

113 2533 284 2569 clusione
307 2532 475 2568 confecit
496 2531 675 2568 Eustath.
697 2534 737 2568 in
759 2531 881 2580 Odys.
906 2545 941 2581 p.
962 2533 1097 2572 1681.
1155 2530 1291 2568 Wnss.

231 2589 334 2628 546.
362 2590 436 2627 27.
470 2585 589 2634 ‘'Hng
618 2584 687 2626 διὰ
714 2585 790 2639 τὴν
822 2583 1051 2638 λευκότητα
1082 2585 1176 2639 etc.]
1224 2587 1321 2624 Vide
1352 2586 1396 2623 A.
1417 2585 1573 2624 Behotii

115 2643 308 2693 Apophor.
329 2644 369 2681 L.
385 2644 452 2682 Ill.
476 2645 546 2684 14.
603 2643 727 2681 Notae
760 2650 852 2681 sunt
882 2644 1093 2681 blanditiae
1122 2642 1349 2693 Polyphemi
1380 2643 1429 2680 ad
1454 2643 1572 2680 Gala-

114 2706 238 2747 team,
276 2698 495 2751 λειπκοτὲρα
529 2703 690 2745 πακτᾶς
719 2699 899 2740 ποτιδεῖν
930 2700 1027 2750 Idyl.
1048 2699 1330 2737 Theocrit.XI.
1355 2701 1453 2747 20.‚
1498 2699 1569 2736 hac

115 2764 221 2805 parte
243 2758 406 2794 similem
429 2757 625 2794 Salmonei
647 2757 771 2804 filiae,
814 2769 910 2805 quae
929 2763 967 2793 et
987 2759 1159 2795 candida
1186 2755 1291 2806 Tyro
1318 2759 1358 2792 in
1380 2756 1572 2804 Propertii

116 2811 160 2851 L.
177 2812 224 2851 Π.
248 2815 322 2853 21.
354 2815 427 2853 51.
487 2812 547 2850 De
568 2827 611 2850 ea
631 2821 766 2850 auctor
787 2813 937 2850 abunde
958 2813 1076 2852 LIV.
1111 2816 1185 2853 68.
1246 2813 1383 2849 WVESS.

233 2870 337 2910 546.
370 2871 443 2911 31.
484 2869 759 2922 Τιμηθῧναι]
797 2868 840 2906 F.
863 2868 1066 2922 τιμηθεὶς.
1126 2869 1275 2906 VALES.
