1859 3326
296 190 388 232 308
424 222 433 227 -
757 174 1289 222 ANNOTATI‘ONES

299 302 432 342 lebant
451 310 604 345 omnes,
633 298 701 346 qui
732 308 781 333 ex
812 297 959 345 praelio
984 308 1027 333 re
1053 297 1155 335 male
1177 302 1287 347 gesta
1307 296 1562 347 aufugerant,
1589 290 1757 348 ignomi-

301 361 391 398 niae
413 364 528 402 nota,
559 367 673 404 quam
693 355 798 405 leges
819 353 1066 403 irrogabant,
1100 353 1307 402 liberasse,
1338 354 1463 391 invito
1485 359 1614 390 tamen
1636 352 1758 390 Acro-

300 423 397 454 tato.
427 412 660 449 Prudentius
678 410 825 447 simili
815 423 856 446 in
875 422 917 445 re
936 415 1114 447 versatus
1138 414 1198 445 est
1215 408 1432 460 Agesilaus,
1462 409 1654 446 referente
1676 411 1759 447 eius

303 475 346 510 in
374 472 461 509 vita
489 466 712 517 Plutarcho,
744 472 783 503 et
811 467 983 504 maculae
1015 465 1055 504 id
1085 478 1208 516 genus
1241 465 1482 503 describente
1510 477 1549 515 p.
1580 465 1744 507 612

302 529 445 567 Wssss.

420 582 571 622 373.2
577 580 686 619 ..HJ
676 573 790 631 ηγτῖς
813 592 857 617 τε
880 571 1154 632 ἓνεφόρησαν]
1178 575 1327 617 Veneto
1348 576 1484 616 Codici
1505 579 1590 615 laus
1610 579 1763 616 instau-

306 643 383 679 rati
403 639 564 675 debetur
583 638 671 673 loci.
694 635 947 684 Xiphilinus,
972 642 1016 672 ut
1036 637 1132 672 alios
1153 637 1318 683 mittam,
1344 637 1388 673 in
1417 635 1574 673 Nerone
1596 629 1765 681 Ἰούλιος

308 712 383 737 ουν
412 709 474 740 τις
502 694 630 733 ,7170777
622 706 759 738 τανος
786 711 834 718 -·
857 688 1087 745 ποοσέπεσέ
1108 705 1153 731 τε
1182 689 1295 731 αὐτῶ
1327 690 1396 732 καὶ
1423 687 1584 744 πληγὰς
1608 687 1767 738 πολλὰς

308 748 726 794 ΕΝΕΦΟΙ)ΗΣΕΝ.
760 748 898 786 Wnss.

425 807 531 846 373.
558 806 628 845 15.
672 802 760 844 Καὶ
783 801 831 844 τὸ
853 806 928 856 τῆς
947 801 1080 850 οἶκιάς
1100 804 1242 856 σχῆμα
1262 800 1549 857 προσέπεσθαι
1569 798 1662 856 etc.]
1692 801 1769 841 Mi-

312 878 412 912 rum,
442 864 485 900 ni
507 864 660 899 initium
681 863 809 900 ultimi
829 861 939 898 verbi
959 874 1092 898 ansam
1112 862 1284 899 librariis
1304 860 1456 898 dederit
1473 860 1673 898 omittendi
1693 874 1767 899 τσυ

313 935 442 974 προσε
427 914 582 965 ενόουι,
613 917 715 967 quod
735 920 802 955 alii
820 918 916 954 bene
938 924 1156 968 servarunt,
1182 918 1226 954 in
1247 917 1320 954 hoc
1344 918 1493 964 vitiosi,
1512 919 1601 966 quia
1621 913 1772 969 προσέ-

314 993 363 1017 πε
369 979 472 1016 σθαι
493 977 762 1026 neglexerunt.
798 973 936 1011 Scribe
963 971 1252 1027 προσέπεσθαι
1280 986 1408 1028 προσε
1393 967 1557 1021 ενόουν,
1593 979 1631 1010 et
1659 972 1772 1010 hians

315 1036 443 1072 oratio
464 1033 559 1068 bene
580 1031 862 1083 progredietur.
887 1029 1024 1069 'WEss-

432 1090 539 1129 373
571 1089 644 1127 30.
680 1084 929 1139 Ἀνηὶωσε]
967 1079 1191 1126 ’Audaces
1227 1085 1338 1124 Leid.
1373 1087 1467 1124 satis
1495 1083 1639 1123 Attice.
1683 1083 1773 1122 Vid.

318 1146 457 1185 Thom.
486 1144 746 1195 Magistrum
736 1157 778 1181 in
792 1140 930 1182 ’ωΑιάὶ
934 1157 1037 1183 ωσα
1058 1142 1193 1181 Wssss.

431 1202 536 1240 Ibid.
551 1175 637 1238 ῦΊὰ
656 1199 761 1251 μὲν
751 1201 889 1239 πολειτ
892 1214 1018 1251 zenez
1022 1196 1093 1251 ος]
1128 1199 1343 1248 lutei-pres,
1373 1199 1483 1248 quasi
1502 1199 1640 1246 κακῶς
1658 1198 1775 1237 πολι-

319 1274 362 1299 ‘ce
347 1254 467 1309 ευὸμε
452 1272 539 1303 νος
557 1264 671 1304 esset,
702 1256 841 1293 Latina
860 1257 1083 1294 adornavit.
1113 1255 1199 1306 Ego
1219 1268 1312 1294 vero
1333 1256 1449 1306 longe
1468 1257 1700 1303 praeferrem
1725 1266 1775 1291 ex

320 1317 463 1380 scripto
483 1313 727 1350 Peiresciano
747 1308 1045 1363 ποῖιῖεὶευόμε
1051 1327 1119 1359 νος
1153 1325 1221 1349 seu
1247 1306 1619 1363 ποὶυτελουμενος,
1660 1312 1696 1348 si
1728 1310 1776 1347 de

322 1373 432 1411 vocis
451 1384 523 1408 usu
543 1383 605 1406 res
626 1377 731 1406 certa
752 1370 864 1406 foret.
907 1367 1053 1406 Contra
1074 1370 1177 1406 enim
1195 1381 1237 1406 se
1258 1375 1495 1418 ponerentur
1513 1362 1777 1421 διανοσφιζό-

322 1443 396 1480 μει
401 1442 445 1474 ος
467 1434 504 1464 et
522 1420 800 1476 πολιτελούμε
805 1438 873 1472 ιος
893 1426 1192 1477 elegantissime,
1213 1433 1252 1463 et
1269 1427 1390 1463 altero
1410 1425 1638 1476 magnificus
1659 1436 1776 1474 appa-

323 1492 455 1532 ratus,
481 1484 603 1521 altero
625 1483 848 1531 peculatus,
885 1495 960 1533 quo
994 1489 1155 1533 utroque
1184 1482 1332 1520 reditus
1361 1482 1586 1531 dilapidarit
1614 1481 1776 1518 Acrota-

322 1549 400 1588 tus,
424 1541 676 1578 indicaretur.
712 1539 764 1576 At
781 1540 942 1577 verbum
961 1538 1065 1576 istud
1088 1539 1241 1577 ostendi
1260 1538 1355 1577 mihi
1385 1540 1510 1586 cupio.
1550 1538 1667 1576 Putes
1688 1550 1777 1574 eru-

326 1598 561 1635 ditissimum
588 1596 785 1633 valesium
802 1596 846 1642 *id
869 1595 936 1633 ubi
962 1597 1027 1633 ubi
1049 1599 1263 1645 reperisse:
1301 1608 1391 1633 nam
1413 1594 1594 1644 Excerpt.
1613 1607 1648 1643 p.
1672 1593 1777 1634 124.

325 1651 379 1693 τὰ
399 1652 475 1704 μὲν
497 1648 893 1703 πολυτελευόμενος,
919 1666 996 1691 non
1026 1659 1073 1690 ut
1096 1653 1238 1703 vulgo,
1265 1652 1420 1702 inquit,
1450 1645 1777 1701 πολιτευόμενος,
1798 1691 1800 1694 ,

327 1711 495 1760 egregia
528 1710 762 1747 emendatio.
815 1708 944 1747 Simus
976 1712 1107 1758 itaque
1135 1709 1208 1747 hoc
1237 1707 1382 1747 Catone
1418 1709 1605 1746 contenti.
1634 1705 1778 1745 WESS.

326 1768 494 1807 Πολιτε
498 1763 706 1805 ὶέσασθαι
725 1768 781 1803 sic
812 1766 914 1804 dixit
933 1765 1129 1818 Diogenes
1149 1766 1193 1805 L.
1217 1765 1273 1803 X.
1299 1767 1371 1807 11.
1389 1779 1425 1816 Ρ.
1447 1765 1554 1806 609

441 1823 547 1862 373.
571 1823 646 1862 42.
677 1821 834 1876 Λιῇρεν
856 1820 911 1869 εἷς
929 1819 1005 1874 τὴν
1023 1819 1300 1875 Λακωνικην]
1329 1821 1494 1872 Reliqua
1513 1820 1594 1859 viri
1610 1820 1692 1858 fata
1710 1833 1779 1881 ex-

327 1879 504 1929 sequitur
523 1878 797 1917 PausaniasL.
821 1878 889 1916 111.
907 1881 956 1933 6..
969 1886 1008 1917 et
1028 1877 1130 1916 VIII.
1151 1880 1225 1919 27.
1245 1893 1282 1928 p.
1308 1880 1414 1920 656.
1444 1878 1586 1916 lVEss.

440 1936 546 1976 374
588 1930 923 1988 51-Ka312neo
962 1937 1232 1989 προϋπηρχον
1244 1933 1263 1989 ]
1321 1934 1515 1981 Foedere,
1560 1932 1664 1983 quod
1690 1944 1781 1970 cum

327 1990 572 2030 Timoleonte
599 1992 867 2039 sociaverant,
901 2005 1035 2030 omnes
1061 1992 1201 2029 Graeci
1228 1995 1398 2030 nominis
1427 1995 1469 2029 in
1500 1991 1637 2028 Sicilia
1664 1990 1780 2026 urbes

326 2048 449 2086 Poeni
478 2049 619 2085 liberas
639 2050 889 2097 reliquerant.
940 2049 1029 2088 Vid.
1059 2049 1102 2086 L.
1129 2047 1241 2086 XVI.
1272 2050 1344 2090 83.
1398 2049 1525 2093 Quare
1554 2053 1622 2084 aut
1648 2047 1780 2094 priora

325 2111 499 2152 tempora
527 2107 742 2154 respiciunt
771 2105 888 2152 haec,
930 2111 998 2143 aut
1016 2105 1132 2143 urbes
1150 2118 1215 2143 eas
1237 2111 1376 2143 contra
1394 2111 1506 2156 pacta
1528 2116 1618 2141 suae
1636 2105 1780 2141 iterum

325 2160 465 2198 ditioni
482 2161 717 2200 adiecerunt.
752 2160 803 2198 'W
806 2170 892 2199 ESS

439 2218 546 2257 374.
572 2219 644 2257 70.
671 2214 924 2270 Πλειστικῇν
943 2215 1020 2267 μὲν
1047 2213 1237 2272 φρουρὰν
1259 2212 1434 2268 ἔχουσαν
1462 2221 1531 2254 etc.
1544 2215 1559 2266 ]
1589 2213 1662 2255 Ph.
1686 2212 1778 2253 Clu-

324 2274 456 2311 verius
480 2273 567 2312 Ital.
597 2273 731 2322 Antiq
761 2272 804 2313 L
829 2273 1160 2324 11.15.p.772
1206 2274 1296 2312 Πλε
1300 2269 1457 2325 ιστινὴν
1486 2272 1702 2323 corrigebat
1729 2272 1778 2310 ob

326 2327 503 2367 Livium:
526 2329 593 2367 sed
607 2330 779 2367 nondum
793 2336 897 2367 certo
914 2337 1069 2368 constat
1082 2330 1301 2368 Plestinam
1313 2329 1530 2367 Marsorum
1543 2335 1580 2365 et
1591 2328 1778 2366 Plistiam

327 2383 563 2422 Samnitium
580 2387 739 2423 eandem
755 2387 897 2423 fuisse:
937 2387 1034 2425 adde
1063 2387 1278 2425 Plistiam
1268 2400 1309 2423 m
1327 2399 1444 2423 manu
1477 2386 1649 2427 exaratis
1668 2384 1777 2422 Livii

324 2442 435 2478 libris
457 2441 664 2479 Plisticam
688 2442 818 2491 scribi,
849 2442 949 2491 quod
970 2455 1049 2480 non
1072 2457 1156 2480 esse
1177 2443 1224 2480 de
1241 2442 1365 2481 nihilo
1388 2444 1518 2491 pulcre
1541 2443 1690 2479 monuit
1703 2440 1776 2478 Ce-

325 2497 399 2534 leb.
420 2497 476 2538 Io
497 2497 561 2536 Fr.
582 2498 754 2536 Gronov.
777 2499 825 2535 ad
847 2498 889 2535 L.
898 2498 983 2537 IX.
1002 2502 1080 2539 21.
1109 2500 1250 2538 Wrss.
1290 2501 1381 2539 Πλε
1366 2513 1542 2549 ιστινην
1563 2499 1777 2547 probarunt

324 2566 394 2590 suo
414 2555 531 2591 etiam
552 2554 715 2592 adsensu
738 2553 917 2605 Scaliger
936 2563 975 2593 et
993 2555 1044 2595 Is.
1066 2555 1242 2594 Vossius.
1271 2555 1409 2592 IDEM’
1398 2569 1440 2593 in
1451 2554 1549 2591 Add.

436 2611 543 2650 374
577 2612 649 2650 74.
679 2606 895 2660 Ῥωμαίων
928 2608 1106 2651 Σατικό)
1111 2628 1162 2652 αν
1192 2604 1552 2665 πολιορκοῦντων]
1581 2608 1775 2660 Interpres

319 2666 409 2704 dam
440 2666 687 2704 Satriculam
718 2674 950 2718 oppugnant
976 2669 1174 2706 Romani:
1215 2669 1317 2717 quod
1344 2669 1447 2706 idem
1472 2667 1538 2703 ille
1568 2664 1772 2703 Cluverius

319 2722 406 2761 Ital.
429 2723 520 2762 Ant.
543 2722 585 2760 L.
605 2722 668 2760 IV.
688 2737 723 2774 p.
743 2725 875 2764 1184.
904 2725 1103 2774 inprobat:
1133 2725 1355 2763 Saticolam
1374 2725 1476 2762 enim
1499 2722 1635 2759 urbem
1656 2724 1773 2760 istam

317 2791 405 2815 cum
428 2779 589 2816 Graecis
610 2785 693 2816 tum
713 2779 862 2817 Latinis
884 2780 985 2827 dici3
1016 2780 1117 2830 quod
1140 2795 1286 2819 verum.
1324 2781 1477 2819 Livium
1498 2778 1562 2818 adi
1585 2779 1688 2816 dicto
1708 2780 1768 2816 lo-

313 2848 357 2872 co
382 2842 419 2872 et
440 2835 676 2886 Stephanum
695 2834 960 2887 Byzantinum
980 2850 1064 2876 voc.
1087 2835 1310 2878 Σατίκολα.
1339 2837 1477 2878 wass.
