1859 3326
295 186 418 217 XXVI
810 183 1233 216 RHODOMANNI

293 295 374 318 cem
402 283 562 323 emittit3
597 281 665 318 has
692 283 805 316 etiam
833 282 990 315 Diodori
1015 279 1129 313 Siculi
1156 280 1337 324 reliquias
1360 281 1407 314 ab
1432 282 1587 316 interitu
1610 285 1652 314 ut
1674 283 1751 315 vin-

294 343 460 381 dicaret,
505 342 674 384 impense
708 350 861 384 operam
895 338 1010 372 dedit.
1062 337 1138 370 Sed
1166 342 1310 371 tantum
1337 339 1465 381 abest,
1487 355 1489 358 ·
1515 344 1563 372 ut'
1589 335 1751 373 ἀποσπα-

293 399 424 445 σμιὲτια
454 399 520 431 illa
553 402 805 440 excerptaque
837 395 1069 429 desiderium
1105 404 1228 428 meum
1265 397 1522 439 expleverint,
1561 401 1603 429 ut
1633 396 1750 430 multo

293 459 415 500 magis
442 455 512 488 hoc
540 455 794 488 arrenderint.

384 513 486 546 ldem
515 513 612 545 enim
642 510 727 544 mihi
756 511 895 550 evenit,
937 510 1036 554 quod
1064 510 1150 549 illis,
1185 511 1319 554 quibus
1345 511 1620 543 diuturniorem
1648 510 1750 542 sitim

291 571 530 606 restincturis
555 570 712 611 exiguus
739 568 826 601 boni
852 568 1008 612 liquoris
1031 566 1196 610 scyphus
1222 566 1444 608 exliibetur3
1484 571 1550 600 aut
1580 568 1641 612 qui
1669 578 1752 610 spe-

293 631 388 663 ratis
411 639 457 661 ex
483 627 687 670 longinqua
712 626 953 668 navigatione
981 624 1167 657 mercibus
1192 625 1435 668 amplissimis
1465 626 1628 657 minutas
1663 635 1752 657 nau-

293 687 406 729 fragii
431 685 609 726 reliquias
644 684 803 725 sparsim
838 681 923 714 hinc
952 682 1036 715 inde
1073 682 1268 725 colligunt.
1312 683 1462 715 Utinam
1488 693 1579 715 vero
1606 687 1750 716 tantam

293 743 496 776 Histoi-icis
521 741 641 772 Musis
670 740 890 772 felicitatem
927 750 1094 772 summus
1126 740 1273 772 illarum
1307 750 1462 783 praeses
1494 745 1533 773 et
1564 739 1751 784 choragiis

292 802 500 844 largiatur,
534 804 574 830 ut
600 799 631 830 si
660 809 731 831 non
759 797 931 830 omnibus
957 797 1074 830 XXV.
1099 797 1256 830 Diodori
1282 797 1413 838 libris,
1443 797 1513 830 huc
1540 809 1657 842 usque
1685 797 1749 829 de-

292 857 527 896 ficientibus,
566 861 604 890 at
636 867 725 889 vero
753 856 915 900 quinque
944 854 1078 888 saltem
1106 854 1152 888 de
1176 856 1296 899 prima
1320 854 1474 888 Decade
1499 856 1649 888 amissis
1671 859 1752 887 tan-

294 917 378 949 dein
408 914 518 956 potiri
546 913 651 946 nobis
679 913 804 948 liceat,

383 973 454 1004 Hic
481 971 527 1003 ad
558 975 768 1004 extremum
802 969 974 1002 Auctoris
1011 969 1141 1011 optimi
1174 969 1539 1003 commendationem
1575 969 1750 1012 flagitare

290 1041 312 1063 a
339 1041 396 1062 me
424 1030 583 1071 cuipiam
614 1028 787 1061 rideatur
814 1028 995 1059 officium:
1042 1027 1111 1060 nisi
1139 1027 1211 1060 iam
1239 1027 1284 1059 ab
1311 1027 1385 1059 alio
1414 1027 1449 1059 id
1476 1027 1666 1059 luculente
1702 1027 1752 1058 sit

291 1089 524 1132 praestitum.
576 1086 670 1119 Nam
699 1085 745 1118 de
773 1085 872 1117 illius
898 1084 1019 1127 patria
1047 1088 1084 1117 et
1109 1088 1257 1123 aetate,
1284 1084 1330 1116 de
1361 1085 1486 1126 operis
1513 1083 1644 1122 titulo,
1678 1081 1751 1114 dis-

290 1145 515 1184 tributione,
564 1148 789 1186 argumento
830 1146 868 1175 et
911 1146 1120 1183 temporum
1168 1141 1385 1183 complexu,
1443 1140 1490 1172 de
1534 1141 1752 1182 praeteritis

290 1203 336 1235 ab
364 1213 408 1235 eo
435 1201 696 1241 concionibus,
742 1200 788 1232 de
812 1198 1066 1241 discrepantia
1092 1198 1281 1231 nominum
1307 1199 1342 1229 in
1369 1197 1655 1241 magistratibus
1680 1196 1750 1229 Ro-

289 1269 508 1298 manorum,
537 1258 583 1291 de
609 1258 786 1291 clausulis
812 1258 1068 1288 narrationum
1097 1254 1453 1298 epiphonematicis,
1481 1255 1526 1288 de
1554 1255 1751 1298 providen-

288 1320 366 1351 tiae
393 1317 543 1350 divinae
570 1315 817 1353 testimoniis,
868 1313 913 1345 de
942 1313 1042 1356 stylo
1069 1313 1232 1356 denique
1260 1317 1298 1345 et
1322 1314 1484 1357 eulogiis
1511 1314 1627 1357 ipsius
1652 1313 1751 1356 apud

287 1381 463 1415 veteres,
514 1374 694 1407 disertam
736 1377 848 1416 atque
892 1370 1078 1406 eruditam
1124 1372 1337 1413 posteritati
1377 1372 1749 1411 commentationem,

288 1443 371 1467 cum
398 1432 574 1475 apologia
600 1431 645 1463 de
669 1428 962 1473 Antiquitatibus
990 1429 1025 1462 in
1052 1428 1217 1471 speciem
1245 1427 1448 1466 fabulosis,
1476 1435 1606 1460 contra
1633 1427 1748 1463 Lon.

288 1492 478 1531 VIVEM,
518 1489 565 1524 H.
592 1489 886 1523 S'l·}‹:rli.⁴NUS
913 1485 1079 1529 reliquit.
1128 1484 1182 1518 Ad
1218 1495 1328 1529 quam
1360 1486 1544 1518 lectorem
1582 1486 1667 1519 hinc
1697 1486 1750 1519 di-

287 1550 415 1588 mitto;
450 1557 562 1579 unum
587 1546 770 1582 duntaxat
794 1549 835 1576 ut
859 1544 1065 1576 mantissae
1091 1543 1175 1576 loco
1202 1541 1262 1575 hic
1288 1543 1569 1586 superaddam,
1607 1553 1747 1586 operae

287 1607 449 1650 pretium
474 1603 635 1636 ridetur.

380 1663 461 1695 Etsi
491 1662 724 1704 praeclarum
753 1660 823 1692 fuit
850 1658 1021 1693 eruditae
1047 1658 1250 1690 vetustatis
1277 1658 1322 1691 de
1351 1657 1520 1691 Diodoro
1554 1658 1747 1699 iudicium,

287 1727 418 1765 utpute
445 1730 553 1765 quem
582 1719 743 1751 Graeria
770 1718 921 1753 maximi
949 1716 1038 1748 iecit
1064 1716 1128 1748 illo
1155 1717 1234 1759 ipso
1271 1721 1464 1759 tempore,
1505 1727 1577 1760 quo
1612 1716 1748 1749 doctri—

287 1789 419 1812 narum
456 1782 494 1809 et
532 1777 772 1824 eloquentiae
809 1775 935 1808 studia
973 1784 1038 1816 per
1076 1774 1274 1806 Graeciam
1316 1774 1479 1808 maxime
1520 1774 1748 1808 floruerunt:

287 1836 419 1870 lustini
447 1835 630 1877 Martyris
665 1840 702 1866 et
735 1833 890 1868 Eusebii
925 1830 1107 1874 Pamphili
1149 1833 1368 1865 testimonia
1401 1832 1549 1874 planum
1588 1831 1748 1864 faciunt:

288 1892 358 1928 hoc
394 1897 520 1927 tamen
555 1892 682 1925 sci-ulo
721 1892 894 1923 iuuentus
922 1895 1000 1929 est,
1045 1890 1105 1933 qni
1145 1890 1416 1923 existimationi
1451 1895 1564 1933 atque
1599 1889 1748 1933 gloriae

287 1952 405 1995 ipsius
440 1960 510 1981 non
548 1949 733 1981 modicum
770 1948 995 1991 derogaret,
1043 1948 1092 1980 lo
1107 1956 1260 1979 ANNES
1300 1948 1472 1979 nimirum
1506 1947 1749 1989 RonlNus,

286 2010 345 2041 vir
370 2008 511 2051 aiioqui
542 2016 677 2050 magno
705 2006 881 2048 ingenio,
924 2006 1105 2049 variaque
1135 2011 1173 2037 et
1199 1996 1392 2038 recondita
1429 2005 1662 2046 eruditione,
1703 2014 1749 2039 ac

287 2067 471 2110 singulari
507 2065 742 2107 eloquentia,
787 2073 869 2097 cum
900 2073 1036 2106 magno
1063 2064 1298 2106 politicarum
1326 2073 1450 2095 rerum
1478 2072 1564 2102 usu,
1602 2062 1749 2105 praedi-

289 2129 362 2158 tus.
408 2123 502 2156 Nam
540 2123 599 2154 liic
630 2121 799 2153 Metliodi
832 2130 923 2152 suae
951 2119 1132 2153 historiae
1160 2130 1239 2162 cap.
1268 2120 1309 2154 V.
1338 2124 1646 2162 argumentorum
1675 2129 1749 2151 ma-

288 2180 408 2214 chinis
442 2185 498 2212 >ut
524 2179 671 2225 quidem
697 2180 814 2222 putat)
847 2189 917 2209 non
945 2179 1114 2218 iulii-mis,
1143 2178 1409 2210 auctoritatem
1437 2177 1518 2208 eius
1539 2182 1748 2220 oppugnat:

288 2239 399 2282 dum,
441 2249 536 2283 quae
564 2238 602 2269 in
629 2246 770 2280 genere
798 2234 967 2275 dicendi,
1009 2236 1164 2278 ipsaque
1199 2234 1380 2268 historiae
1418 2237 1645 2267 tractatione
1680 2236 1749 2268 cri-

289 2284 474 2336 minetur,
502 2296 613 2327 anxie
639 2293 837 2336 conquirit.
887 2293 938 2324 Ac
963 2293 1121 2335 primum
1148 2293 1246 2336 quod
1273 2293 1318 2324 ad
1347 2303 1408 2324 res
1436 2293 1584 2333 attinet,
1620 2293 1748 2336 lapsus

289 2355 371 2386 eius
407 2354 441 2384 in
475 2353 621 2384 ratione
656 2351 837 2383 fastorum
877 2354 915 2381 ct
947 2350 1213 2393 olympiadum
1246 2351 1391 2393 arguit,
1430 2354 1467 2382 et
1493 2349 1748 2382 Romanorum

289 2412 579 2454 magistratuum
609 2411 756 2441 nomina
781 2408 894 2439 toties
920 2407 975 2439 iel
1004 2407 1230 2450 depravata,
1269 2409 1325 2440 vel
1353 2408 1462 2451 plane.
1487 2407 1647 2447 omissa,
1684 2418 1748 2439 no-

290 2473 357 2503 tat.
416 2467 490 2499 Res
524 2469 636 2499 etiarn
675 2467 825 2500 italicas
862 2464 933 2496 leri
976 2470 1118 2497 tantum
1162 2465 1314 2499 brachio
1357 2466 1511 2509 attingi,
1557 2465 1748 2508 queritur:

289 2536 372 2559 cum
406 2526 442 2556 in
474 2525 727 2566 explicatione
762 2524 912 2554 interim
942 2522 1174 2556 Graecarum
1202 2535 1242 2556 se
1269 2524 1522 2566 prolixissime
1548 2521 1749 2554 diffundat.

286 2583 343 2616 Ad
380 2581 474 2614 haec
510 2582 545 2613 in
574 2592 663 2613 suas
693 2582 812 2623 ipsum
847 2581 956 2623 leges
993 2590 1170 2623 peccare,
1213 2581 1299 2614 dum
1334 2581 1576 2625 longissimas
1609 2579 1747 2612 alicubi

290 2642 483 2675 orationes
526 2639 723 2681 inferciat,
769 2638 986 2686 praeteritis
1031 2639 1311 2671 narrationibus
1354 2639 1474 2681 magis
1509 2638 1748 2670 necessariis.

289 2699 397 2734 Salso
429 2702 629 2740 praeterea
666 2696 851 2730 lunarium
886 2695 984 2738 apud
1008 2696 1217 2739 Aegyptios
1252 2706 1434 2728 annorum
1467 2696 1747 2738 interpretatio-

293 2766 399 2796 nem,
446 2760 487 2786 ut
519 2753 722 2786 absurdam
752 2758 789 2785 et
816 2754 979 2796 ineptam
1017 2751 1180 2785 deridet.
1225 2753 1276 2784 Ae
1301 2751 1476 2784 dictionis
1504 2752 1654 2784 tandem
1682 2762 1746 2795 ge-

293 2825 382 2849 nere
412 2813 503 2847 nihii
529 2812 720 2855 vulgarius
748 2820 831 2843 esse
857 2815 1065 2844 asseverat.
1121 2809 1194 2841 Hic
1218 2820 1291 2841 non
1317 2809 1443 2841 omnia
1466 2808 1513 2840 ad
1538 2809 1663 2841 vivum
1688 2819 1744 2842 re-
