1859 3326
321 188 461 222 CXXII
923 180 1136 213 HEYNE

320 299 384 331 ea,
409 293 510 332 quae
534 293 556 317 a
581 280 785 327 symbolis,
804 277 1087 322 hierogiyphis½
1120 275 1262 321 mythis
1288 278 1429 321 petita,
1460 282 1526 312 aut
1550 280 1772 324 populorum

318 345 561 382 narratione,
586 341 770 373 maiorum
794 336 869 370 fide
889 346 958 379 per
982 334 1110 378 plures
1137 338 1284 368 aetates
1312 339 1350 368 et
1375 333 1546 369 homines
1565 343 1773 381 propagata

318 406 417 438 sunt.
464 397 674 434 Exuendus
708 397 748 431 in
780 393 838 427 his
878 396 937 426 est
968 390 1118 425 habitus
1151 392 1266 425 animi
1299 394 1418 426 nostri
1451 403 1495 426 ac
1524 404 1678 435 sensus,
1719 395 1772 427 in-

318 458 470 493 duenda
492 455 648 500 ingenia
671 454 878 497 priscorum
904 447 1116 489 hominum,
1140 458 1223 482 cum
1244 458 1418 483 sermone
1443 460 1571 483 eorum
1597 451 1772 495 omnique

318 520 402 550 arte
428 518 467 550 et
492 512 627 552 modo,
653 520 724 554 quo
750 509 960 541 animorum
987 515 1101 538 sensa
1126 506 1235 539 reddi
1260 505 1345 538 aliis
1369 491 1561 541 soleban‘t:
1583 508 1637 540 ita
1662 518 1774 552 appa-

318 574 441 615 rebit,
471 581 548 604 mon
570 573 646 602 tam
674 565 844 600 consulto
867 563 1020 596 mentiri
1054 566 1093 596 et
1117 562 1289 596 fraudem
1316 562 1443 597 facere
1466 565 1632 598 voluisse
1658 565 1774 597 homi-

318 641 408 672 nes,
443 637 557 674 quam
588 625 713 658 redire
744 622 926 665 pleraque
962 620 1011 653 ad
1043 620 1208 653 indolem
1237 624 1277 653 et
1302 624 1473 654 naturam
1503 621 1667 655 rudioris
1695 631 1773 654 ser-

319 689 442 722 monis
468 690 509 723 et
533 683 676 725 antiqui
699 680 837 719 moris,
861 688 933 723 quo
959 687 1085 710 rerum
1114 678 1296 710 memoria
1320 677 1391 711 fuit
1414 667 1579 713 sei-flata.

408 745 452 777 Iu
483 739 706 779 Herodoto,
745 736 873 771 Ctesia
912 737 951 768 et
983 733 1154 769 Diodoro
1183 735 1373 770 interdum
1405 736 1452 769 de
1490 736 1626 770 iisdem
1659 735 1773 770 rebus

319 802 440 836 multa
475 797 637 832 diversis
669 794 791 828 modis
824 793 925 826 tradi
956 792 1140 825 videmus.
1187 791 1360 826 Proclive
1399 796 1458 827 est
1490 793 1637 834 dicere,
1676 791 1775 825 hunc

318 860 380 893 vel
408 857 516 890 illum
544 863 628 888 esse
660 852 882 893 mentitum,
918 859 1058 894 eaque,
1099 859 1196 894 quae
1227 849 1420 888 traderet,
1452 851 1698 891 confinxisse3
1735 851 1776 882 at

317 919 479 962 possmus
512 912 642 956 plures
681 910 783 942 inter
815 918 856 942 se
896 907 1048 941 diversa
1079 906 1252 947 tradere,
1292 917 1362 940 nec
1391 911 1520 941 tamen
1553 907 1653 940 mala
1685 905 1774 941 fide.

317 975 406 1008 Fuit
438 970 542 1004 haud
573 967 684 1001 dubie
718 970 827 999 aetas
854 968 893 999 ot
919 975 1039 1008 genus
1071 965 1319 1007 scriptorum,
1350 965 1413 1008 qui
1443 964 1525 998 solo
1560 963 1776 998 delectandi

320 1030 445 1065 studio
470 1027 576 1061 ducti
606 1035 651 1059 ea
675 1033 771 1068 quae
797 1026 997 1055 narrarent
1023 1021 1230 1066 fingerent:
1257 1024 1297 1053 at
1321 1021 1405 1065 isti,
1435 1031 1530 1065 quos
1554 1021 1774 1061 memoravi,

318 1088 527 1131 scriptores
550 1083 738 1117 diversam
760 1083 955 1113 auctorum
981 1077 1095 1111 fidem
1123 1081 1232 1111 erant
1263 1079 1403 1118 secuti,
1441 1088 1552 1123 quam
1584 1078 1657 1121 ipsi
1689 1087 1772 1110 cum

318 1145 394 1179 fide
419 1142 574 1185 scriptis
599 1141 755 1184 quisque
782 1137 860 1169 suis
887 1136 1048 1170 reddere
1070 1135 1291 1177 voluerunt3
1316 1135 1416 1179 quod
1441 1135 1594 1168 diversa
1610 1133 1775 1176 tradunt,

317 1203 411 1247 ipsis
440 1198 699 1242 temporibus,
733 1195 962 1239 summisque
992 1191 1276 1225 difficultatibus
1308 1191 1539 1225 resciscendi
1573 1192 1776 1236 peregrina

317 1265 359 1295 et
383 1259 542 1301 antiqua
568 1258 626 1287 est
647 1251 918 1294 imputandum.
967 1251 1039 1291 Qui
1063 1258 1108 1281 ea
1132 1249 1268 1289 tradit,
1301 1258 1398 1292 quae
1419 1248 1596 1293 diligenti
1621 1249 1775 1282 investi-

317 1318 474 1363 gatione
510 1315 609 1347 facta
639 1313 861 1352 acceperat,
895 1311 1022 1352 potest
1049 1306 1172 1339 minus
1204 1315 1297 1339 vera
1326 1316 1504 1345 narrare,
1547 1316 1618 1340 nec
1647 1310 1776 1339 tamen

318 1379 384 1407 ant
408 1370 596 1406 mendacii
622 1371 688 1400 aut
717 1366 886 1398 levitatis
911 1365 1039 1408 argui,
1072 1364 1243 1407 inprimis
1267 1365 1300 1396 si
1324 1365 1525 1407 profitetur
1548 1373 1589 1396 se
1616 1363 1775 1406 pei-scri,

317 1433 410 1465 bere
437 1440 504 1470 ea,
538 1436 634 1471 quae
660 1424 872 1467 acceperit,
903 1423 965 1466 qui
991 1425 1118 1454 autem
1143 1422 1361 1464 profitetur,
1399 1430 1440 1454 se
1467 1430 1514 1454 ex
1540 1420 1625 1453 aliis
1649 1424 1774 1453 aucto-

318 1489 422 1523 ribus
447 1484 681 1528 congessisse
702 1490 767 1521 ea,
793 1489 889 1524 quae
913 1479 1107 1522 apposuit,
1131 1489 1205 1511 non
1229 1487 1297 1522 pro
1319 1482 1474 1511 auctore
1499 1487 1651 1519 eorum,
1678 1485 1775 1521 quae

314 1545 492 1584 tradidit,
529 1544 590 1576 est
624 1537 839 1577 habendus,
880 1537 947 1570 sed
981 1535 1215 1570 redeundum
1253 1538 1312 1568 est
1350 1534 1398 1567 ad
1423 1535 1563 1579 primos
1590 1537 1776 1574 auctores,

319 1607 359 1638 et
382 1600 611 1639 videndum,
642 1607 714 1641 qua
739 1595 814 1628 fide
843 1598 881 1628 et
903 1595 1129 1628 auctoritate
1154 1593 1211 1626 illi
1235 1592 1390 1630 fuerint,
1438 1591 1510 1632 Qui
1533 1589 1774 1625 Plutarchum

318 1664 359 1695 in
384 1659 482 1693 libro
517 1657 563 1690 de
593 1655 693 1688 iside
728 1657 766 1687 et
799 1651 950 1685 Osiride
984 1649 1200 1695 mythomm
1232 1651 1374 1685 veteris
1396 1649 1557 1693 Aegypti
1581 1653 1773 1681 auctorem

322 1723 361 1752 et
399 1716 648 1757 interpretem
686 1712 740 1744 ita
776 1709 933 1742 laudare
967 1708 1149 1748 voiuexxit,
1184 1712 1226 1743 ut
1266 1719 1313 1742 cx
1347 1707 1428 1740 eius
1465 1707 1583 1749 ipsius
1621 1705 1696 1739 fide
1735 1710 1775 1738 et

320 1773 549 1808 auctoritate
582 1771 656 1802 ista
686 1766 877 1802 censenda
919 1776 1004 1799 esse
1047 1768 1209 1798 statuat:
1257 1774 1329 1801 nae
1368 1774 1454 1798 eum
1494 1763 1652 1809 egregie
1693 1761 1775 1796 falli

323 1840 483 1866 necesse
515 1832 586 1861 est.

412 1887 535 1922 Simiii
563 1895 646 1918 cum
679 1882 822 1927 pudore
849 1891 893 1915 ac
916 1880 1103 1914 modestia
1127 1877 1353 1911 versandum
1381 1887 1465 1910 esse
1489 1878 1637 1912 aiebam
1661 1879 1700 1911 in
1726 1878 1774 1910 iis

320 1947 511 1986 historiis,
562 1952 717 1986 qum-nm
760 1940 811 1973 nii
848 1944 1111 1983 praeterquam
1157 1935 1371 1985 fragmenta
1412 1933 1614 1976 habemus,
1655 1945 1776 1979 eaque

321 2006 477 2039 servata
501 2002 540 2033 in
562 2001 609 2033 iis
636 1997 901 2040 scriptoribus,
931 1997 992 2040 qui
1020 2005 1066 2028 ex
1093 1992 1339 2036 scriptoribus
1362 1991 1499 2024 dudum
1525 1992 1688 2036 perditis>
1708 2002 1779 2024 sua

322 2062 526 2108 petierant.
580 2056 763 2089 Indicium
802 2054 849 2087 de
880 2053 939 2087 his
972 2054 1102 2097 utique
1137 2051 1221 2084 fieri
1266 2052 1369 2083 recte
1404 2059 1478 2083 non
1519 2053 1664 2092 potest,
1702 2049 1779 2081 nisi

321 2120 487 2153 animum
512 2114 752 2148 intendamus
778 2111 825 2143 ad
850 2121 916 2144 eos
941 2115 1139 2149 auctores,
1158 2108 1220 2152 qui
1245 2107 1357 2150 primi
1380 2116 1442 2138 res
1465 2105 1778 2152 pel-scripserant,
1810 2110 1813 2111 ’

321 2182 366 2210 ut
395 2182 663 2217 assequamur,
703 2179 777 2212 qua
810 2169 884 2202 fide
920 2172 958 2201 ct
998 2167 1223 2199 auctoritate
1257 2164 1320 2195 isti
1355 2163 1421 2195 illa
1452 2161 1697 2203 tradiderint,
1735 2167 1778 2195 ut

322 2243 438 2279 porro
464 2230 678 2273 fragmenta
702 2228 775 2259 ista
802 2235 868 2269 pro
895 2228 1089 2257 auctorum
1118 2221 1340 2254 diversitate
1365 2219 1412 2251 ad
1437 2219 1608 2252 diversas
1634 2219 1776 2252 classes

325 2295 365 2325 et
390 2289 546 2323 ordines
568 2284 801 2327 redigamus,
830 2292 899 2315 nec
922 2282 1076 2324 antiqua
1102 2278 1395 2321 permisceamus
1422 2287 1505 2309 cum
1527 2277 1776 2320 sequioribus,

326 2347 402 2381 fide
434 2344 629 2388 digniores
663 2351 706 2373 ac
739 2349 876 2383 graves
908 2348 991 2371 eum
1026 2335 1255 2375 levioribus,
1289 2335 1460 2377 argutias
1490 2337 1557 2366 aut
1580 2334 1776 2377 opiniones

325 2405 460 2447 suique
494 2399 611 2434 seculi
643 2397 783 2431 iudicia
814 2395 1084 2441 sequentibus,
1126 2393 1251 2426 fontes
1291 2401 1376 2424 cum
1407 2391 1558 2433 rivulis,
1588 2401 1776 2435 nunquam

325 2467 454 2496 autem
488 2457 719 2491 dimittamus
750 2454 904 2495 animis,
938 2462 1007 2485 nos
1043 2462 1117 2484 non
1141 2450 1213 2483 nisi
1237 2448 1478 2492 fragmenta,
1511 2458 1630 2492 eaque
1656 2447 1776 2481 diver-

325 2527 454 2552 sorum
479 2519 690 2557 temporum
715 2515 755 2545 et
778 2510 990 2548 hominum,
1019 2510 1172 2547 tenere,
1207 2516 1329 2550 neque
1355 2505 1452 2539 adeo
1477 2505 1655 2538 iudicium
1683 2503 1777 2537 ferri

324 2584 437 2621 posse
471 2571 542 2606 nisi
574 2568 916 2610 circumscriptum,
948 2564 1200 2599 incedendum
1233 2573 1317 2596 esse
1353 2563 1450 2607 pede
1486 2551 1687 2605 suspenso,
1726 2561 1774 2595 de

325 2631 496 2678 partibus
529 2626 629 2661 forte
654 2624 863 2664 nonnullis,
895 2624 958 2656 vix
983 2622 1030 2655 de
1055 2622 1234 2654 universa
1264 2630 1307 2654 re
1335 2620 1442 2652 nobis
1463 2617 1606 2664 aliquid
1630 2622 1776 2652 consta-

328 2700 398 2732 re,
419 2686 591 2721 modeste
616 2693 661 2716 ac
683 2682 870 2725 pudenter
893 2677 1120 2713 versandum
1146 2686 1230 2710 esse
1256 2678 1295 2709 in
1319 2677 1500 2710 omnibus.

418 2745 477 2778 Ex
509 2753 581 2787 quo
617 2745 787 2784 temporo
820 2738 976 2771 meliore
1008 2735 1078 2768 hae
1109 2736 1242 2769 critica
1273 2735 1328 2765 uti
1357 2733 1568 2776 coepimus,
1597 2733 1774 2776 antiquae

332 2803 526 2838 doetrinae
564 2799 690 2843 copias
724 2801 900 2839 tammam
926 2792 1141 2829 diffluentes
1173 2792 1325 2824 nimium
1355 2795 1393 2825 et
1417 2790 1493 2823 late
1519 2800 1587 2834 per
1609 2791 1775 2823 innume-
