1891 3310
395 150 772 182 TRACTATUS
811 149 884 180 DE
921 147 1222 179 DIODoRo.
1456 149 1545 179 XIII

1372 202 1380 235 l

85 260 176 284 vere
204 257 357 294 sparsas
380 258 450 293 per
472 247 600 280 varios
623 245 742 280 libros
767 245 949 279 historias
993 243 1151 288 (eorum
1177 243 1358 278 videlicet
1384 245 1445 290 qui
1466 255 1559 290 pro-5

86 308 169 351 pria
202 307 327 350 gentis
355 309 421 338 aut
455 305 619 338 civitatis
655 304 766 337 unius
798 306 911 348 gesta
942 311 1114 335 seorsum
1147 303 1409 346 tractaverint)
1442 314 1551 346 prae·

86 368 259 408 tei-quam
298 363 398 408 quod
428 362 658 395 laboriosum
686 363 737 394 sit
766 365 805 395 et
830 360 879 394 ad
902 359 1139 403 perspicuam
1171 369 1299 392 rerum
1334 360 1551 404 intelligen-

88 422 179 453 tiam
209 419 567 464 perhmommodum,
593 429 667 451 non
692 419 856 452 cuiusvis
882 427 981 457 esse,
1006 415 1106 459 quod
1131 417 1306 449 nimirum
1332 427 1406 450 non
1434 418 1551 450 omni-

39 464 41 466 *
86 477 156 511 bus
180 482 237 511 tot
261 478 388 510 datum
413 477 464 509 sit
490 476 682 508 volumina
707 476 885 508 nancisci.
932 474 981 508 Se
1009 484 1100 518 ergo
1127 478 1226 508 totos
1250 475 1408 518 triginta
1428 485 1549 509 annos

87 536 125 567 in
154 534 225 568 'noc
252 545 345 578 opus
369 533 639 577 insumpsisse,
675 537 713 566 et
738 533 877 566 bonam
903 533 1079 575 Europae
1114 535 1227 576 atque
1256 532 1366 565 Asiae
1401 538 1549 576 partem

87 594 235 636 magnis
261 602 343 625 cum
370 591 562 624 aerumnis
588 591 840 634 periculisque
866 599 1092 633 peragrasse
1130 589 1280 629 scribit,
1327 590 1426 633 quod
1450 590 1550 623 loco—

87 659 170 682 rum
198 651 476 694 ignorationem
504 649 620 681 sciret
645 648 846 681 nonnullos
882 657 929 680 ex
959 646 1218 679 celeberrimis
1254 647 1368 679 etiam
1402 646 1553 681 histori-

90 707 143 739 cis
170 707 206 739 in
233 717 384 740 errores
411 707 538 738 varios
564 705 771 748 impulisse.
827 703 970 743 Quibus
1003 703 1097 737 haec
1131 704 1342 747 subiungit,
1387 704 1551 738 Adnu'ni-

90 764 210 796 culum
235 770 351 796 autem
373 763 471 796 nobis
497 763 546 795 ad
566 762 632 796 hoc
657 762 861 804 incoeptum
883 758 984 807 fuit,
1030 765 1111 792 ante
1134 759 1254 792 onmia.
1279 760 1419 803 quidem
1444 760 1551 795 Inui-'ns

90 821 298 866 argumenti
338 819 590 865 pertractandi
637 818 812 863 cupiditas
869 820 955 861 (per
997 827 1104 860 quam
1142 817 1301 850 omnihus
1343 819 1550 852 mortalibus

89 877 197 910 etiam
222 878 318 921 quod
343 877 479 921 alioqui
502 877 604 910 nulla
629 875 771 909 ratione
798 873 894 917 euffici
912 885 1017 918 posse
1040 874 1200 916 videtur,
1237 873 1406 918 effectum
1433 875 1550 909 reddi-

87 939 171 977 tur)
207 934 330 968 deinde
357 946 438 967 vero
465 933 689 978 suppeditata
720 932 857 966 Romae
892 932 1050 966 omnium
1084 944 1204 966 rerum
1240 944 1332 977 quae
1365 934 1414 966 ad
1442 933 1550 967 liuius

91 992 300 1038 argumenti
328 991 575 1025 tractationem
597 990 789 1037 jaciebant
818 990 1039 1023 abundantia
1072 996 1106 1023 et
1137 990 1254 1034 copia.
1306 990 1423 1031 Quum
1455 991 1550 1024 enim

91 1050 175 1084 urbs
208 1049 295 1083 haec
326 1050 413 1082 adeo
446 1059 558 1093 supra
590 1059 708 1081 omnes
740 1047 832 1080 alias
867 1047 1037 1089 emineat,
1076 1054 1117 1081 nt
1147 1048 1221 1081 eius
1250 1048 1410 1092 potentia
1440 1060 1550 1093 usque

92 1109 142 1141 ad
164 1114 339 1141 extremos
365 1106 459 1140 orbis
484 1105 650 1139 terminos
671 1106 880 1151 pertingat,
918 1105 1182 1155 expeditissima
1208 1111 1243 1137 et
1267 1105 1426 1149 plurima
1449 1106 1549 1140 nobis

92 1165 312 1199 adminicula
337 1163 639 1205 subministravit,
666 1169 783 1207 utpote
810 1163 871 1207 qui
896 1163 969 1197 eius
994 1163 1134 1197 incolae
1158 1164 1267 1209 longo
1295 1168 1449 1206 tempore
1463 1165 1550 1210 fue-

90 1221 216 1256 rimus.
263 1221 337 1255 Nos
360 1221 454 1254 enim
478 1233 521 1255 ex
548 1221 709 1266 Argyria
741 1221 826 1254 arbe
852 1221 1001 1255 Siciliae
1026 1220 1115 1263 orti,
1149 1227 1182 1254 et
1200 1227 1350 1265 propter
1383 1233 1551 1256 commer-

93 1280 208 1321 cium,
248 1280 344 1323 quod
366 1278 464 1312 nobis
493 1289 573 1312 cum
598 1278 770 1312 Romanis
795 1278 833 1312 in
860 1278 980 1312 insula
1005 1279 1227 1313 versantibus
1253 1284 1348 1320 erat,
1376 1290 1550 1324 magnam

92 1337 241 1382 linguae
267 1336 450 1369 Romanae
475 1336 718 1381 cognitionem
742 1331 881 1380 adepti,
917 1336 1038 1369 onmia
1065 1335 1171 1369 Imius
1201 1335 1348 1380 imperii
1371 1344 1476 1382 gesta
1507 1349 1551 1372 ex

90 1393 236 1427 vetustis
272 1404 361 1437 quae
391 1394 489 1438 apud
517 1393 597 1427 illos
630 1400 861 1427 asservantur
902 1393 1135 1428 monument-is
1173 1394 1441 1438 desumpsimus.
1499 1397 1551 1431 Et

92 1451 188 1485 haec
219 1452 369 1497 quidem
405 1451 474 1486 hoc
505 1452 587 1485 loco
620 1452 822 1485 Diodorus.
866 1453 957 1485 alibi
986 1456 1113 1486 autem
1137 1451 1280 1496 Ephori
1306 1454 1480 1498 exemplo
1507 1465 1550 1489 se

91 1509 210 1547 κοινὰς
233 1509 367 1555 πράξεις
394 1511 600 1543 memoriae
625 1509 826 1542 mandasse
850 1510 993 1545 scribit.

182 1568 288 1611 Apud
313 1568 520 1601 Diodorum
551 1569 751 1601 conciones
774 1568 932 1601 crebrae
959 1571 1025 1600 aut
1047 1567 1199 1611 longae,
1223 1568 1320 1600 sicut
1335 1569 1434 1612 apud
1454 1570 1553 1603 alios

91 1624 232 1658 multos
259 1626 480 1667 historicoS,
516 1625 758 1668 quaerendae
787 1636 860 1658 non
885 1630 993 1666 suut,
1030 1629 1160 1668 utpote
1185 1635 1277 1669 quas
1302 1626 1382 1669 ipse
1407 1628 1445 1660 in
1472 1628 1551 1662 illis

90 1681 359 1725 reprehendat.
408 1684 470 1716 Ait
502 1685 600 1716 enim
638 1693 703 1716 eas
742 1683 971 1715 narrationi-s
998 1693 1147 1715 cursum
1172 1684 1469 1728 interrumpere,
1512 1691 1553 1720 et

90 1739 272 1772 lectorem
300 1739 409 1772 avide
435 1741 471 1771 in
497 1741 713 1784 cognitione
739 1739 921 1774 historiae
955 1740 1113 1774 ulterius
1148 1741 1458 1785 progredientem
1492 1754 1551 1778 re-

63 1821 65 1823 .
92 1797 247 1829 morari.
293 1795 561 1840 lnvehiturque
596 1799 633 1829 iu
671 1809 736 1831 eos
772 1799 834 1842 qui
867 1786 1134 1841 intempestive
1161 1809 1267 1831 suam
1295 1800 1552 1844 eloquentiam

94 1854 133 1885 in
174 1851 333 1886 historia
367 1854 567 1887 scribenda
600 1859 806 1891 ostentant,
852 1860 963 1900 atque
999 1855 1061 1887 ubi
1096 1860 1153 1888 tot
1182 1857 1382 1890 conciones
1416 1861 1554 1893 oratio-

93 1920 237 1954 nesque
260 1909 460 1945 rhetoricis
487 1913 690 1955 pigmentis
712 1923 891 1957 aspersae
916 1912 1167 1946 infarciuntur
1197 1912 1400 1957 historiae,
1434 1920 1552 1951 totam

92 1966 289 2001 historiam
317 1979 400 2002 esse
425 1972 643 2003 concionum
669 1972 926 2004 accessionem
954 1971 1096 2003 scribit.
1141 1971 1305 2004 Perinde
1333 1978 1393 2005 cst
1412 1979 1552 2016 autem,

93 2036 138 2058 ac
161 2027 192 2058 si
218 2025 385 2066 diceret,
413 2028 528 2070 ipsam
557 2027 777 2069 historiam,
806 2038 902 2071 quae
930 2033 989 2061 est
1011 2027 1051 2061 τὸ
1084 2030 1201 2072 ἔργον,
1237 2029 1321 2062 fieri
1355 2028 1396 2062 τὸ
1424 2029 1554 2077 πάρερ-

92 2096 172 2128 γονι
209 2088 340 2116 contra
367 2094 456 2117 vcro
486 2086 707 2126 conciones,
743 2096 838 2129 quae
873 2096 957 2118 esse
992 2086 1132 2119 debent
1163 2087 1268 2119 velut
1297 2086 1336 2120 τὸ
1371 2087 1553 2134 πάρεργον,

93 2143 249 2174 tractari
285 2145 462 2184 tanquam
499 2143 616 2185 ipsum
652 2143 761 2187 ἔργον.
818 2143 887 2175 Ubi
914 2148 1040 2176 autem
1068 2143 1188 2176 locum
1217 2142 1381 2177 habeant
1407 2147 1553 2179 concio-

93 2210 182 2237 nes,
217 2203 255 2231 et
280 2200 362 2242 quis
389 2209 518 2231 carum
550 2199 687 2232 debeat
721 2211 805 2233 esse
841 2202 985 2240 modus,
1012 2200 1204 2240 fldeclarat.
1245 2203 1301 2233 An
1325 2212 1416 2235 vero
1446 2206 1485 2236 et
1513 2203 1551 2236 in

93 2255 354 2298 Thucydidem
383 2255 610 2290 cadat'haec
636 2257 902 2301 reprehensio,
939 2258 1105 2291 viderint
1127 2259 1204 2291 ulii.

185 2312 259 2344 Res
285 2317 413 2355 gestas
438 2318 513 2344 tam
541 2314 746 2358 diligenter
771 2321 809 2348 et
834 2320 1009 2348 accurate
1037 2321 1150 2360 atque
1177 2316 1274 2350 adeo
1304 2320 1437 2350 exacte
1459 2320 1550 2349 tem-

93 2370 247 2413 poribus
279 2370 490 2413 distinguit,
516 2376 557 2403 ut
582 2371 650 2404 hac
675 2375 711 2404 in
739 2384 778 2406 re
806 2374 968 2416 palmam
995 2375 1094 2406 inter
1119 2374 1320 2406 historicos
1343 2375 1552 2406 obtinuisse

95 2427 285 2459 credatur.
333 2426 450 2460 Porro
477 2429 574 2472 quod
602 2431 713 2463 modo
741 2427 935 2474 ἀρχόντων,
972 2432 1082 2464 modo
1111 2432 1327 2471 consulum,
1363 2431 1551 2463 interdum

93 2489 338 2527 utrorumque
365 2484 476 2516 simul
506 2489 656 2519 nomina
684 2498 793 2521 secus
821 2489 918 2532 apud
946 2500 1030 2522 cum
1057 2500 1166 2533 quam
1201 2489 1298 2532 apud
1333 2489 1427 2520 alios
1463 2490 1552 2521 scri-

93 2545 158 2584 pta
188 2542 447 2584 reperiuntur,
489 2553 534 2574 ca
560 2554 650 2576 vcro
679 2546 888 2587 scriptume
916 2545 1118 2579 diversitas
1149 2547 1336 2579 debeatne
1372 2546 1462 2588 ipsis
1492 2556 1554 2578 au-

93 2598 264 2631 thoribus
301 2599 499 2641 imputari,
536 2602 655 2634 auiis
711 2603 771 2646 qui
808 2603 925 2635 libros
963 2615 1092 2636 eorum
1128 2605 1411 2646 descripserunt
1443 2603 1555 2638 libra,

92 2657 181 2696 riis,
220 2666 333 2699 saepe
372 2656 524 2690 dubium
559 2659 798 2703 relinquitur.
844 2659 939 2692 Sunt
964 2663 1114 2704 quidem
1143 2667 1246 2694 certe
1272 2661 1343 2693 loci
1384 2660 1552 2692 nonnulli

92 2714 132 2745 in
167 2713 300 2757 quibus
334 2717 440 2746 tanta
479 2719 537 2748 est
570 2716 793 2755 diversitas,
835 2722 876 2750 ut
910 2728 993 2751 eam
1030 2719 1121 2762 ipsis
1155 2716 1375 2749 authoribus
1409 2718 1555 2760 liqueat

94 2780 179 2803 esse
213 2771 481 2814 imputandam.
533 2772 672 2806 Verum
699 2774 797 2819 quod
825 2774 873 2807 ad
897 2779 1108 2821 temporum
1138 2776 1370 2808 notationem
1403 2775 1554 2814 attinet,
