1891 3310
573 184 638 226 m
670 182 1085 227 FRAGMENTA.
1336 172 1339 173 ’
1480 183 1568 238 541

110 303 319 356 praecipua
342 308 471 342 tamen
503 299 760 341 Macedonum
788 299 881 340 urbs
910 298 958 338 ob
983 299 1221 343 munitiones
1249 304 1290 337 et
1315 307 1575 352 opportunum

109 363 241 399 situm.
297 359 524 412 Philippus,
546 358 681 397 Persei
703 365 835 409 pater,
867 363 1070 406 propterea
1099 358 1204 396 inter
1231 355 1361 404 πέδας
1385 353 1574 410 Ἕλληνι-

109 413 185 465 κάς
216 417 419 456 Graeciae
452 417 646 469 conpedes
681 425 760 452 non
780 421 1012 464 postremam
1042 412 1225 451 censebat
1252 414 1352 464 apud
1365 413 1575 465 Polybium

108 474 153 512 L.
174 473 298 512 XVII.
334 476 404 516 ll.
466 471 527 511 De
556 470 844 523 Amphilochis,
883 471 1128 523 «Aetolorum
1158 470 1300 520 sociis,
1361 468 1498 510 Livius
1528 470 1572 510 L.

108 530 340 571 XXXVIII.
371 533 412 573 8.
443 531 515 573 10.
572 528 715 568 WEss.

221 621 330 663 643.
364 621 406 662 I.
452 616 543 673 Τὴν
574 617 619 659 δὲ
641 612 786 671 χώραν
817 614 918 670 ὅλην
941 617 1093 659 διεῖλον
1116 613 1214 671 etc.]
1251 615 1365 656 Hanc
1391 616 1574 656 Macedo-

108 681 198 717 niae
216 681 258 716 in
280 685 445 728 quatuor
461 677 643 729 regiones
665 676 899 713 divisionem
919 688 967 712 ex
987 674 1189 726 Dexippo,
1230 682 1273 712 ut
1292 675 1472 725 putabat,
1501 675 1574 713 de-

106 742 313 785 promtam,
341 733 526 773 Notitiae
539 731 814 772 Bibliothecae
831 731 867 771 V
865 734 1084 771 inat-ioasi&
1102 746 1140 782 p.
1154 733 1227 773 70.
1246 734 1352 770 notis
1372 734 1574 770 illumina-

107 799 200 842 tam,
231 793 398 831 inseruit
417 792 663 832 doctissimus
675 788 1060 841 Sclmrzfleisclcias:
1090 801 1185 840 quas
1204 801 1336 828 omnes
1354 788 1430 828 huc
1443 796 1574 828 trans-

106 849 211 888 ferre
230 861 393 899 aequum
410 850 507 889 erit..
557 848 701 888 Wnss.

222 927 329 968 643.
361 928 404 967 2.
444 922 512 965 Τὰ
531 921 690 977 μεταξὺ
708 921 904 976 Νέστου]
949 920 1087 970 Νέσος
1105 921 1327 961 Ptolemaeo
1345 920 1468 964 Lm.
1486 935 1572 973 cap.

111 983 132 1025 1
147 984 206 1032 l..
228 982 390 1030 Νέστος
401 981 627 1034 Thucydidi
648 989 686 1020 et
697 981 906 1031 Stephane,
928 978 1274 1031 Nffizdgscymno
1287 979 1381 1018 Chio
1401 995 1439 1020 v.
1452 982 1572 1030 6731„

107 1039 266 1091 Scylaci
290 1042 410 1091 p.27.
440 1039 642 1091 1129an
674 1040 848 1089 aliisque,
875 1035 1043 1085 Νεσσός
1067 1040 1258 1090 excerptis
1279 1036 1462 1076 Strabon.
1485 1037 1571 1076 Lib.

106 1096 212 1146 VIL,
239 1098 318 1136 nisi
338 1105 468 1135 tamen
487 1096 580 1134 Mss.
599 1097 733 1146 lectio,
766 1098 833 1146 qui
850 1092 1016 1143 Νεοτὸς
1034 1094 1202 1142 habent,
1229 1094 1360 1133 verior
1375 1102 1465 1142 est,
1499 1107 1573 1133 nec

107 1166 189 1192 non
199 1154 405 1192 Aristoteli
421 1153 465 1193 L.
480 1153 546 1192 Vl.
565 1153 669 1194 Hist.
693 1154 767 1192 An.
787 1167 868 1204 cap.
882 1153 979 1201 31„
1008 1159 1048 1191 et
1059 1149 1236 1198 ,Μεστός
1262 1151 1427 1200 denique
1438 1151 1573 1197 Zona-

106 1222 175 1248 rae
202 1218 320 1260 atque
349 1213 501 1259 numis7
528 1211 675 1250 fluvius
712 1211 775 1249 hic
814 1217 991 1250 vocatur.
1050 1208 1188 1258 Neque
1220 1210 1325 1247 enim
1354 1206 1572 1251 Mmmov

85 1291 96 1295 —-
106 1268 241 1306 urbem
259 1268 518 1306 Constantino
538 1268 632 1318 Imp.
647 1266 738 1322 περὶ
763 1262 965 1320 Θεμάτων
986 1279 1029 1318 p.
1043 1266 1116 1308 83.
1136 1267 1396 1314 nominatam,
1427 1267 1470 1304 in
1489 1266 1575 1306 Ne-

88 1322 250 1365 -στικὸν
268 1338 354 1364 cum
381 1324 425 1365 F.
449 1324 613 1364 Morello
639 1332 812 1364 actutum
836 1326 1081 1363 mutaverim.
1098 1357 1101 1361 .
1118 1322 1350 1360 Scaeam.
1390 1321 1575 1361 -Eruslita

89 1389 224 1430 -sunt,
260 1394 358 1432 quae
385 1382 449 1422 vir
470 1382 724 1430 >doctissimus
753 1382 799 1420 de
826 1381 964 1421 Nesto.
1018 1379 1174 1419 Nollem
1203 1387 1335 1418 tamen
1355 1376 1573 1420 Μεστικόν

88 1437 381 1488 Constantini,
408 1441 492 1477 sive
508 1438 705 1478 Hieroclis
722 1438 872 1491 potius,
909 1438 1045 1477 urbem
1065 1438 1236 1476 fecisset.
1296 1435 1394 1475 Vide
1419 1443 1502 1475 not.
1530 1435 1576 1474 in

103 1495 303 1535 Hieroclis
324 1496 557 1548 Synecd'em.
582 1510 617 1550 p.
635 1498 742 1538 640.
798 1495 937 1536 WEss.

87 1633 90 1635 Α
221 1587 329 1629 643.
359 1587 404 1627 4.
445 1586 532 1628 Καὶ
563 1584 811 1641 Στυμῶνος]
857 1586 918 1625 lta
943 1585 1175 1638 Synoellus,
1224 1586 1290 1635 qui
1319 1591 1444 1622 totum
1469 1582 1576 1622 huno

105 1645 235 1682 locum
257 1647 413 1694 p.268.
442 1643 459 1688 ζ
465 1644 522 1682 ed.
543 1642 686 1699 Paris.)
715 1645 925 1698 Χρονογρ.
944 1644 1089 1682 attulit.
1147 1641 1325 1694 Scaliger
1349 1648 1456 1680 recte
1477 1642 1576 1693 legit

108 1697 364 1755 Στρυμόνος.
425 1699 681 1756 Στρυμῶνος
706 1703 840 1740 itidem
870 1699 973 1739 haud
1001 1699 1202 1738 emendate
1228 1700 1372 1751 legitur
1402 1700 1444 1736 in
1469 1697 1576 1749 Scy-

85 1760 190 1797 'lace
217 1761 340 1810 p.27.
360 1765 400 1796 et
420 1759 498 1800 29.
529 1758 747 1813 Περίπλου
770 1758 884 1796 Tom.
903 1757 930 1796 I.
960 1756 1180 1809 Geograph.
1203 1755 1346 1794 Minor.
1366 1754 1575 1793 Hudsonii.

106 1814 154 1853 In
181 1816 376 1866 excerptis
411 1813 618 1853 Strabonis
642 1815 686 1853 L.
707 1815 790 1853 VII.
815 1829 852 1866 p.
875 1816 982 1856 331.
1011 1814 1070 1853 ed.
1098 1812 1262 1852 casaub.
1297 1808 1576 1866 Στρυμμόνος

89 1874 209 1911 'male
236 1872 380 1910 editum
412 1879 482 1909 est.
540 1871 623 1910 Nec
646 1875 742 1911 satis
771 1880 879 1911 recte
905 1874 947 1910 in
970 1870 1166 1908 Chronico
1197 1870 1310 1909 Alex.
1338 1881 1373 1919 p.
1391 1871 1465 1911 80.
1499 1868 1576 1907 flu-

87 1931 196 1968 *vius
237 1929 339 1968 idem
377 1925 585 1983 Στῦρμων
623 1936 798 1969 vocatur.
867 1928 914 1967 In
943 1928 1095 1966 Notitia
1132 1925 1411 1965 Ecclesiastica
1435 1939 1472 1977 p.
1501 1927 1578 1966 21.

109 1984 330 2040 Στρυμνός
350 1993 478 2029 tamen
498 1993 743 2037 nuncupatus
764 1993 845 2035 est,
878 1993 917 2024 et
939 1979 1164 2039 ‘Hpckxiaa
1188 1979 1409 2036 Σῖρύμνου
1432 1996 1577 2020 memo-

105 2051 215 2082 ratur
226 2042 486 2081 Constantino
497 2043 892 2096 Porphyrogennetae
911 2042 953 2081 L.
966 2042 1018 2083 M.
1047 2039 1149 2095 Θεμ.
1171 2053 1209 2091 p.
1225 2042 1298 2083 83.
1338 2038 1574 2080 ScHUnzm..

221 2120 327 2160 Ibid.
365 2118 453 2161 Καὶ
482 2117 535 2161 τὰ
557 2143 614 2150 -
633 2123 709 2162 τοῦ
730 2118 896 2161 Νέστου
916 2115 1118 2173 Ἐρὺμην]
1161 2117 1222 2157 Ita
1243 2119 1373 2156 locum
1396 2118 1580 2156 mutilum

85 2179 90 2182 ’
109 2174 171 2230 (in
193 2180 386 2229 excerptis
407 2176 619 2230 Scaligeri)
638 2192 659 2216 e
678 2178 857 2230 Syncelli
874 2176 1025 2215 schedis
1049 2177 1219 2228 suppleo.
1275 2174 1421 2213 Vocem
1445 2174 1578 2214 EPY—

108 2235 259 2275 MHN
273 2235 491 2273 redundare
510 2238 565 2274 ait
587 2236 762 2274 Goarus:
787 2249 858 2287 ego
876 2235 1005 2285 potius
1027 2241 1247 2284 corruptam
1267 2234 1433 2271 maxime
1454 2244 1578 2284 agno-

109 2304 202 2339 sco,
239 2294 347 2330 cuius
379 2293 466 2331 loco
495 2292 661 2334 e‘Livio
690 2289 889 2347 περατικὰ
911 2289 1040 2346 μέρη,
1068 2292 1133 2330 vel
1152 2291 1277 2328 simile
1296 2290 1409 2339 quid,
1438 2290 1580 2327 rescri-

108 2348 199 2385 bere
217 2350 360 2387 malim.
418 2347 635 2403 Περατικὰ
651 2348 757 2402 μέρη
779 2352 854 2389 τοῦ
873 2347 1040 2388 Νέστου
1062 2355 1154 2386 sunt
1172 2349 1474 2385 transmarinae
1494 2345 1577 2384 Ne>-

109 2406 166 2442 stz'
187 2412 330 2457 partes
338 2434 349 2455 ‚
385 2409 624 2446 territorium
654 2407 837 2446 videlicet
854 2404 1059 2444 Bistonum
1081 2412 1120 2442 et
1140 2403 1329 2442 Ciconum
1349 2403 1398 2442 ad
1415 2402 1577 2441 Rhodo-

109 2475 186 2513 pen
204 2474 325 2511 usque
341 2471 534 2512 montem,
564 2466 606 2502 in
630 2471 816 2514 quantum
833 2463 998 2501 Perseus
1015 2468 1204 2500 tenuerat.
1262 2460 1362 2499 Vide
1393 2460 1440 2498 de
1467 2461 1577 2499 vocis

108 2516 331 2572 περατικὸς
352 2533 423 2557 usu
445 2517 530 2558 Car.
549 2519 734 2559 Dufresn.
757 2520 931 2558 Glossar.
951 2519 1211 2558 Graecobarb.
1235 2529 1273 2568 p.
1290 2517 1426 2560 1148.
1486 2515 1576 2555 Sal-

112 2579 258 2615 masius
287 2579 330 2614 in
363 2579 443 2615 suis
470 2578 547 2615 sibi
578 2578 814 2616 coniecturis
837 2590 918 2615 non
939 2583 1102 2615 constat.
1141 2575 1225 2614 Nee
1249 2583 1378 2613 tamen
1395 2581 1579 2624 expostu-

113 2634 194 2671 lare
216 2647 302 2686 cum
324 2648 368 2671 eo
391 2635 473 2671 iure
494 2637 633 2683 possis,
663 2637 697 2673 si
716 2633 885 2685 Dexippi
908 2641 1074 2672 mentem
1097 2646 1178 2671 non
1200 2633 1433 2683 assequitur,
1460 2643 1580 2680 quum

110 2692 222 2728 loeus
241 2693 281 2728 in
304 2690 496 2743 Scaligeri
516 2691 602 2732 edd.
626 2705 706 2729 non
725 2696 775 2730 sit
795 2694 958 2742 integer.
1020 2690 1090 2728 Ille
1110 2702 1180 2740 pro
1202 2687 1462 2729 EPYMHN
1479 2688 1579 2739 legit

116 2747 418 2796 ΟΙΣὶἿΗΙ-ΙΝ,
449 2761 562 2797 quam
583 2751 625 2786 in
642 2762 711 2786 ora
731 2750 832 2786 inter
850 2747 1100 2799 Strymonem
1120 2755 1158 2785 et
1176 2746 1344 2785 Nessum
1365 2746 1473 2796 ponit
1495 2745 1578 2783 Pli-

110 2808 200 2842 nius
227 2811 264 2842 et
292 2804 546 2844 Ptolemaeus.
604 2805 702 2843 Vide
730 2803 969 2856 Stephanum
1003 2811 1041 2842 ct
1069 2803 1438 2854 Harpocrationem:
1477 2801 1575 2840 adde

110 2860 174 2898 hic
195 2861 449 2911 Maussacun„
478 2864 533 2902 ibi
554 2861 629 2901 Th.
653 2862 698 2901 de
717 2862 878 2902 Pinedo.
916 2861 1060 2901 suidas
1080 2862 1182 2903 ΟΙΣ
1192 2860 1334 2909 YMH,
1364 2854 1483 2907 πόλις
1501 2860 1577 2911 τῆς
