1859 3326
287 141 351 182 22
757 143 1282 189 ANNOTATIONES

291 251 549 307 Wesselingii
586 254 849 296 dubitationes
887 257 1150 303 Schneiderus
1188 263 1238 302 ad
1266 263 1371 304 Xen.
1401 264 1503 305 Hist.
1537 265 1674 307 Graec.
1702 266 1752 306 V.

410 367 485 407 25.
510 368 580 408 54,
609 367 875 422 Θηριππίδαν
895 369 1152 428 ἀπέστειλαν]
1162 375 1496 429 MagnusCasaub.
1508 380 1753 433 adPolyaen.

299 421 470 475 Strateg.
491 424 533 462 L.
552 425 600 462 H.
622 428 697 467 21.
732 427 998 482 Θηριππίδαν
1018 444 1218 482 perperam
1237 434 1299 472 hic
1319 437 1398 487 legi
1417 450 1488 487 pro
1504 434 1754 491 Ἡριππίδαν

298 480 496 518 adfirmat:
535 483 636 530 quod
655 484 771 522 facile
789 499 1051 536 agnoscerem,
1079 490 1193 527 modo
1213 491 1377 541 liqueret
1398 494 1562 532 eundem
1582 508 1679 543 esse,
1706 494 1754 534 de

290 548 374 585 ‚quo
394 537 437 573 L.
459 537 566 578 XIV.
592 540 665 580 38.
706 540 834 579 Habet
856 545 1000 594 alioqui
1024 543 1289 596 Θηριππίδάς
1317 548 1419 586 nihil
1447 551 1643 600 insolens,
1675 557 1756 588 est-

299 604 373 641 que
399 593 471 631 hoc
503 598 658 633 nomine
687 600 786 636 civis
817 598 968 636 Atticus
999 603 1042 638 in
1063 601 1309 652 Aleiphronis
1329 604 1372 642 L.
1394 605 1461 643 ΙΙΙ.
1481 606 1553 656 Ep.
1577 610 1618 648 8.
1658 606 1756 646 Mox

298 647 603 688 Rhodomannus
631 656 672 690 in
704 661 784 692 not.
814 653 1053 694 correction.
1084 660 1204 696 scribi
1229 661 1336 698 iubet
1363 664 1530 716 πρῶτον
1562 662 1757 717 ἐπεχείρει

298 701 436 758 λόγοις
465 707 622 748 πείθειν
654 707 728 749 τὸν
756 707 984 766 τύραννον,
1017 727 1098 752 non
1115 717 1227 755 male.
1256 717 1391 758 WEss.
1428 718 1515 758 Vid.
1546 726 1680 758 annot.
1707 720 1758 758 ad

292 761 397 800 -Exc.
419 763 542 802 vatic.
567 777 602 814 p.
623 766 680 803 ed.
697 765 807 805 Rom.
837 771 941 809 122.

413 821 490 860 25.
519 823 593 861 64.
635 819 874 877 Ἐπόρθησε
908 822 986 878 τὴν
1011 821 1270 870 Ἑστιαιῶτιν
1292 825 1471 885 χώραν]
1519 831 1588 871 Sic
1612 834 1759 884 passim

300 876 389 913 alii:
428 879 470 914 in
500 877 701 917 Plutarchi
728 887 856 919 tamen
883 880 1054 922 Amator.
1081 884 1240 926 Narrat.
1262 900 1298 936 p.
1325 889 1431 928 773.
1453 888 1499 926 E.
1518 885 1760 943 πρεσβύτης

296 929 344 971 τὸ
367 931 483 984 γένος
502 932 544 981 ἐξ
563 932 709 988 Ὠρεοῦ
728 933 890 985 πόλεως
907 935 1308 991 τῆςςΕστιαιατίὸος.
1348 943 1596 994 Metropolim
1612 948 1655 984 in
1677 945 1760 984 Eu-
1773 973 1788 989 s

293 988 391 1027 boea
422 1002 499 1026 non
530 995 730 1039 praeteriit
758 993 980 1046 Stephanus
1007 999 1051 1035 in
1072 996 1374 1054 Μητρόπολις,
1412 1001 1480 1040 sed
1501 1005 1618 1041 situm
1633 1003 1761 1042 obiter

295 1046 470 1097 signans,
496 1047 633 1086 YVESS.

410 1104 488 1143 26.
519 1106 592 1145 85.
636 1104 690 1146 Οἱ
716 1103 958 1161 τὴνἌκτην
979 1110 1240 1166 καλουμένην
1259 1113 1492 1166 οἰκοῦντες]
1522 1114 1578 1154 Ηί
1597 1116 1760 1154 fuerunt

293 1156 512 1207 Epidaurii,
540 1161 776 1212 Methonaei,
805 1164 1029 1208 Troezenii.
1069 1167 1327 1214 Totusenim
1355 1173 1423 1209 ille
1451 1174 1580 1210 litoris
1611 1179 1759 1211 tractus

297 1214 648 1272 Orientalis‘Amv
673 1220 884 1270 dicebatur,
911 1231 954 1261 ut
980 1223 1174 1275 Scymnus
1195 1225 1312 1265 Chius
1336 1241 1376 1269 V.
1402 1229 1507 1269 522.
1540 1235 1579 1267 et
1598 1227 1760 1280 Thucy·-

297 1270 429 1320 dides,
461 1275 494 1310 si
522 1275 615 1312 bene
642 1279 786 1315 citatur
812 1293 836 1317 a
858 1279 1058 1331 Stephano
1086 1285 1128 1320 in
1147 1280 1288 1336 Ἄκτη.
1317 1284 1450 1324 PALM.
1480 1284 1592 1323 Conf.
1614 1292 1696 1326 not.
1716 1288 1761 1324 in

296 1326 342 1368 L.
365 1328 457 1370 XII.
478 1331 554 1371 43.
595 1334 696 1376 Quid
728 1349 823 1373 vero
856 1338 1005 1385 obstat,
1040 1351 1115 1388 quo
1151 1344 1281 1379 minus
1314 1343 1434 1379 alium
1464 1341 1637 1380 eiusdem
1657 1341 1759 1394 Scy-

295 1387 379 1423 mni
407 1387 535 1424 locum
564 1387 624 1426 his
645 1391 889 1431 adstruamus
909 1401 947 1432 et
966 1396 1231 1435 illustremus?
1274 1397 1473 1437 Describit
1502 1405 1649 1438 tractus
1674 1401 1759 1440 eius

296 1440 414 1480 duces
444 1451 483 1481 et
510 1446 729 1485 conditores
748 1463 787 1487 v.
813 1450 918 1492 532.

455 1497 651 1554 ''Apyovg
668 1519 712 1544 τε
733 1506 888 1547 Κεῖσον
909 1505 978 1547 καὶ
1004 1505 1092 1559 μετ’
1117 1506 1248 1550 αὐτοῦ
1275 1506 1481 1564 Τήμενον,

467 1558 567 1597 Τῶν
587 1558 633 1599 δὲ
653 1561 746 1614 περὶ
765 1560 842 1615 τὴν
861 1560 1033 1616 ”Ακτην
1054 1562 1286 1619 Ἀργαΐον,
1315 1565 1372 1615 ὡς
1392 1565 1529 1622 λόγος,

468 1614 552 1653 Καὶ
572 1616 846 1671 Δηϊφόντην,
872 1618 966 1661 υἱὸν
987 1619 1089 1661 ὄντα
1116 1622 1319 1674 Τημένου.

297 1665 364 1704 Sic
390 1669 478 1720 lego
509 1679 547 1708 et
576 1672 787 1727 distinguo.
821 1676 1134 1727 Interpunctioni
1159 1681 1267 1718 favet
1299 1694 1361 1719 res
1388 1684 1485 1733 ipsa.
1519 1681 1761 1734 Deiphontes

297 1721 463 1763 Temeni
481 1728 557 1765 fuit
576 1743 709 1781 gener,
736 1745 817 1769 non
835 1733 954 1781 filius,
981 1734 1179 1784 Epidauro
1201 1741 1455 1788 praepositus.
1495 1738 1590 1777 Filii
1609 1747 1762 1792 praetor

294 1781 393 1819 alios
425 1784 603 1834 Κεῖσος,
642 1788 804 1840 Argivis
832 1797 920 1839 post
950 1789 1115 1830 Temeni
1142 1794 1224 1831 fata
1251 1797 1468 1844 imperans,
1498 1802 1538 1833 et
1557 1793 1763 1850 Ἀργαῖος,

295 1834 542 1888 Deiphontae
570 1855 684 1892 quam
713 1846 832 1884 fratri
860 1847 1065 1886 addictior.
1102 1848 1229 1887 Docet
1248 1851 1462 1890 Pausanias
1481 1852 1524 1889 L.
1550 1851 1600 1889 ΙΙ.
1624 1855 1701 1894 26.
1722 1860 1762 1892 et

296 1895 373 1935 28.
416 1896 523 1935 Viris
556 1899 704 1950 doctis,
738 1915 789 1939 ne
818 1916 955 1942 verum
986 1906 1262 1955 providerent,
1291 1921 1517 1958 perversum
1546 1909 1691 1961 Argaei
1718 1912 1763 1948 in

291 1945 485 2002 'Ayavdv
505 1962 571 1992 aut
586 1953 790 2009 Ἀγαυός,
819 1958 975 2010 Cisique
996 1963 1038 1998 in
1050 1961 1213 2003 Κίσσον
1235 1970 1305 2002 aut
1321 1964 1515 2018 Κρίσσην
1536 1978 1681 2004 nomen
1699 1968 1764 2005 in-

295 2007 517 2056 pedimento
539 2012 661 2050 fuisse
684 2015 850 2052 videtur.
888 2016 1024 2053 Wssss.

411 2067 488 2106 26.
511 2069 582 2107 87.
616 2067 706 2122 Τὴν
728 2069 764 2109 δ’
787 2070 852 2110 ἐπὶ
872 2069 1240 2127 πᾶσινὈλύνθιοι]
1266 2073 1438 2114 Restitui
1458 2090 1567 2116 suam
1586 2076 1763 2118 Diodoro

297 2119 522 2170 dictionem,
549 2125 651 2163 idem
670 2130 949 2176 exprimentem
969 2130 1069 2178 quod
1090 2133 1133 2168 in
1150 2132 1237 2171 edd.
1256 2128 1316 2171 ‘H
1331 2132 1396 2172 ἐπὶ
1414 2137 1517 2174 πᾶσι
1536 2142 1595 2173 est
1613 2143 1764 2187 postre-

296 2188 373 2216 ma.
389 2177 583 2218 Lucianus
593 2181 824 2235 Pseudolog.
840 2198 872 2222 c.
889 2187 959 2226 10.
976 2182 1045 2226 οἶα
1066 2183 1119 2226 τὰ
1140 2186 1182 2226 ἓν
1192 2189 1460 2244 Παλαιστίνῃ
1485 2213 1533 2222 —
1558 2188 1647 2231 εἶτα
1668 2189 1764 2246 ἑξῆς

295 2230 351 2272 τὰ
372 2232 414 2273 ἐν
428 2230 595 2276 Ἑλλάδι
615 2239 684 2278 καὶ
705 2237 857 2297 Ἰταλίᾳ
870 2269 882 2290 ,
910 2241 979 2281 καὶ
999 2241 1064 2281 ἐπὶ
1086 2245 1188 2283 πᾶσι
1209 2241 1262 2284 τὰ
1281 2243 1323 2284 ἓν
1340 2243 1501 2303 Ἐφέσῳ
1522 2249 1761 2291 νῦν.ΨΕ88,

412 2293 486 2332 26.
517 2294 591 2334 92.
629 2293 894 2350 Περιβόητος
926 2296 969 2337 δ’
1003 2292 1056 2351 ἦν
1083 2298 1126 2339 ἒν
1157 2298 1355 2357 ἀνδρείᾳ]
1392 2303 1661 2354 opportunius
1685 2309 1762 2344 erit

297 2342 357 2384 ἐπ’
381 2343 562 2406 ἀνδρείᾳ,
585 2360 766 2390 monente
784 2356 827 2391 in
847 2362 927 2393 not.
941 2355 1117 2396 Addend.
1134 2356 1355 2396 doctissimo
1367 2358 1762 2402 Rhodomanno.'Ent

297 2407 437 2458 τρυφῇ
457 2406 524 2444 καὶ
544 2409 733 2465 μαλακία
755 2407 1005 2465 περιβόητον
1025 2412 1074 2450 ad
1090 2427 1176 2452 eum
1195 2415 1351 2454 modum
1370 2417 1603 2457 Plutarchus
1620 2417 1758 2461 Caton.

297 2457 473 2498 Uticens.
494 2475 530 2511 p.
557 2466 661 2505 761.
682 2465 725 2505 C.
765 2467 900 2505 WEss.

411 2520 486 2558 26·
519 2521 594 2561 96.
633 2521 818 2572 Suspicor
846 2524 978 2563 deesse
1006 2526 1169 2564 verbum
1199 2528 1357 2579 aliquod
1384 2532 1584 2580 praeteriti
1612 2533 1760 2581 imper-

296 2572 391 2610 fecti
420 2576 579 2624 pluralis
608 2580 782 2627 numeri,
821 2589 911 2618 ante
941 2583 1228 2634 πολεμοῦντες.
1268 2587 1413 2636 alioqui
1436 2587 1603 2628 dicerem
1623 2590 1758 2641 legen-

297 2629 390 2668 dum
416 2631 655 2683 ἐπολεζιιουν.
687 2635 842 2673 STEPH.

409 2689 483 2727 26.
517 2692 592 2731 98.
632 2692 817 2742 Κρατῶν
847 2695 931 2733 τῶν
959 2690 1212 2749 ὑπαίθρων]
1248 2697 1316 2736 Sic
1337 2698 1380 2737 L.
1399 2699 1507 2738 XVI.
1528 2701 1604 2742 42.
1635 2700 1754 2740 XIX.

297 2747 404 2789 104.
429 2751 468 2781 et
488 2745 626 2797 Polyb.
647 2747 712 2784 [ll.
731 2750 805 2790 91.
840 2748 900 2787 De
919 2753 998 2789 illis
1018 2765 1112 2790 vero
1128 2753 1220 2802 dici,
1239 2758 1305 2804 qui
1325 2758 1536 2796 exercitum
1555 2759 1754 2797 meliorem

295 2804 460 2846 habent.
499 2816 543 2840 ac
562 2807 789 2854 praesertim
808 2808 876 2855 qui
897 2810 1069 2857 equitatu
1089 2817 1181 2848 sunt
1200 2812 1432 2861 validiores,
1462 2814 1658 2865 libereque
1685 2827 1754 2867 per
