1891 3310
398 121 460 162 ΙΝ
492 119 601 162 LIB.
628 120 718 160 XV.
759 119 891 161 CAP.
924 122 1135 163 57—60.
1429 125 1491 166 45

154 237 230 278 49.
249 237 321 277 82.
347 233 421 281 Εἲς
443 230 518 286 τήν
544 228 810 285 Παλᾶντιον]
844 229 905 272 Τὸ
930 228 1172 273 Παλὰντιον
1194 232 1378 284 Xenoph.
1396 236 1493 274 Hel-

43 295 119 332 len.
142 294 206 331 U
221 288 447 342 [1.472.τὸ
470 286 738 329 Παλλάντιον
761 290 927 327 Pausan.
947 289 1047 327 vul.
1063 291 1161 337 43„
1186 298 1300 339 atque
1316 294 1493 330 itarefin-

46 358 144 402 gunt
166 351 206 386 in
235 347 428 397 Stephano
455 348 532 385 viri
555 347 673 385 docti.
716 345 793 382 Sed
815 344 1090 394 Xenophontis
1114 354 1152 383 et
1172 347 1308 384 Nostri
1330 351 1494 397 scriptu-

44 420 125 444 ram
147 405 286 443 asserit
306 398 433 443 Πα7’
410 417 548 442 αντιον
565 399 787 454 Ἀρκαδικὴ
816 398 965 448 πολις
955 415 996 439 in
1016 403 1201 452 Dionysii
1221 404 1266 439 A.
1295 403 1343 440 R.
1364 405 1446 442 Lib.
1463 406 1491 443 I

47 475 83 511 p.
109 464 183 502 24.
213 460 284 498 Civ
275 473 326 496 es
352 458 532 507 Xenoph.
554 465 592 494 ct
620 458 787 495 Pausan.
814 459 1068 505 Παλαντιεΐς
1097 462 1179 496 sive
1200 459 1300 498 Πα)
1304 461 1438 500 λαντιε
1443 467 1492 508 ἴς,

45 513 272 558 ΙΙαλάντιοι
293 516 466 553 Diodoro
489 522 527 551 ct
544 513 758 565 Stephano.
790 513 969 551 Ceterum
988 516 1034 552 de
1061 516 1183 553 turbis
1209 514 1268 553 his
1290 517 1493 555 Arcadicis

44 572 262 622 Xenophon
289 574 410 621 plura.
444 571 580 610 wass.

155 641 233 680 49.
256 640 299 679 4.
332 640 428 678 Τῶν
453 635 563 679 ὅλων
590 631 772 690 ἥγέμόνα
791 632 984 690 Ἰάσονα]
1016 638 1122 676 Hinc
1157 636 1387 679 Θεσσαλῶν
1413 637 1496 692 μό-

44 710 194 746 ναρχος
214 698 254 733 in
275 696 379 733 Plut.
401 694 640 746 Apophtheg.
664 708 701 743 p.
720 696 824 735 193.
838 695 907 748 B.‚·
937 695 1004 733 sed
1022 696 1109 733 vide
1129 694 1210 733 Cel.
1233 696 1496 736 1a0.Perizon.

46 755 87 790 in
103 754 255 790 Aeliani
275 752 319 789 V.
340 751 391 789 Η.
412 751 497 791 Lib.
523 750 596 789 Xl.
618 752 660 791 9.
688 751 826 789 VVESS.

157 821 234 860 49.
268 821 339 860 ll.
375 814 582 870 Ἀμύντας
609 816 684 870 μὲν
720 815 990 872 Θαρῥαλέου]
1026 818 1146 856 Pater
1181 820 1262 856 eius
1289 820 1498 860 Menelaus

47 877 163 912 estin
188 877 327 914 luscini
350 875 393 913 L.
423 875 506 912 Vll.
537 876 579 914 4.
610 882 650 911 et
679 875 834 912 Aeliani
861 875 966 912 Hist.
999 876 1090 912 Var.
1122 876 1165 913 L.
1192 875 1284 914 Xll.
1303 878 1403 925 43„
1431 879 1498 916 ubi

46 931 213 970 Diodori
245 932 461 969 dissensum
489 944 570 968 non
596 933 772 982 neglexit
798 931 896 968 idem
931 933 996 968 ille
1024 932 1263 970 Perizonius-
1309 934 1499 972 Eumdem

47 988 247 1039 Dexippus
271 989 489 1026 Aridaeum
506 995 644 1026 vocat:
673 1000 747 1036 qua
767 989 872 1025 forte
893 990 1125 1036 scriptorum
1154 989 1348 1027 discordia
1371 998 1498 1028 motus

47 1044 106 1081 111.
127 1046 198 1083 Ez.
220 1044 427 1095 Spanhem.
444 1044 613 1082 Dissert.
635 1044 718 1084 Vll.
740 1044 786 1081 de
807 1044 920 1083 Num.
940 1045 1087 1082 Praest.
1105 1058 1141 1094 p.
1161 1046 1267 1085 379.
1292 1042 1499 1096 Ἀμύνταν

47 1098 120 1140 τὸν
147 1099 390 1155 6)αρραλὲου
411 1104 531 1139 vertit
547 1101 726 1139 Audacis
739 1102 888 1150 filium..
919 1113 1031 1149 quem
1052 1102 1227 1151 equidem
1248 1115 1325 1139 non
1346 1115 1498 1152 sequor.

46 1156 184 1195 lVEss.
242 1158 413 1195 lustinus
435 1158 518 1195 Vll.
534 1158 577 1198 4.
605 1158 798 1208 Amyntae
818 1157 931 1195 huius
960 1171 1007 1194 ex
1031 1159 1191 1208 Gygaea
1216 1158 1337 1195 filium
1356 1173 1501 1197 memo-

49 1222 111 1251 rat
129 1216 246 1264 quiet
264 1216 345 1262 ipse
363 1214 600 1252 Arrhidaeus
624 1215 865 1252 vocabatur:
903 1215 936 1251 is
958 1217 1156 1251 nonnullis
1177 1217 1218 1251 in
1239 1215 1349 1253 libris
1361 1216 1495 1255 Archi-

51 1270 143 1308 deus
159 1271 339 1308 scribitur
357 1272 474 1308 simili
491 1283 623 1308 errore
643 1283 718 1320 quo
739 1270 801 1308 hic
825 1284 921 1308 avus
943 1272 1024 1308 eius
1049 1268 1304 1325 Θαρῥαλέος.

162 1340 239 1379 49.
274 1340 347 1379 13.
380 1336 648 1391 Ἀλέξανδρον
679 1337 746 1378 καὶ
780 1337 1018 1390 Περδίκκαν
1042 1337 1109 1376 καὶ
1143 1337 1383 1391 Φίλιππον]
1425 1339 1505 1378 Sed

52 1395 156 1433 infra
191 1396 326 1432 eodem
357 1396 422 1433 lib.
450 1409 483 1435 c.
522 1398 596 1436 71.
627 1403 807 1446 quartum
838 1395 967 1442 addit,
1004 1394 1287 1442 Ptolemaeum,
1315 1398 1504 1434 Aloritem

53 1452 222 1499 dictum,
253 1452 390 1489 fratris
417 1452 629 1490 Alexandri
659 1453 869 1489 occisorem
902 1458 939 1487 et
969 1453 1083 1502 regni
1109 1459 1389 1502 usurpatorem.
1425 1453 1504 1491 Sed

54 1509 156 1545 forte
175 1509 344 1546 nonfuit
364 1510 576 1560 legitimus.
637 1508 726 1545 Ideo
746 1522 832 1545 eum
848 1508 919 1544 hoc
946 1509 1030 1544 loco
1066 1510 1170 1544 inter
1201 1510 1396 1560 legitimos
1423 1523 1503 1547 non

53 1571 245 1602 numerat.
281 1564 325 1602 Si
345 1565 577 1602 credendum
597 1572 658 1602 est
675 1565 809 1616 Tro'go
837 1565 937 1614 apud
969 1565 1160 1602 lustinum
1181 1564 1225 1601 L.
1249 1565 1333 1606 Vll.
1357 1567 1400 1606 4.
1430 1567 1505 1604 fuit

53 1633 132 1659 non
150 1622 252 1658 filius
273 1621 491 1671 Amyntae,
523 1622 588 1659 sed
612 1635 733 1673 gener
753 1634 802 1658 ex
819 1621 902 1658 filia
923 1620 1119 1672 Euryone.
1149 1621 1281 1659 PALM.

165 1690 244 1729 49.
280 1690 350 1730 14.
386 1687 590 1737 διεδέξατο
621 1687 665 1728 δὲ
694 1685 770 1740 τὴν
799 1687 1015 1738 βασιλείαν
1047 1687 1176 1729 αὐτοῦ
1207 1686 1502 1742 Ἀλέξανδρος]

59 1747 252 1789 Quantum
283 1747 355 1783 sibi
383 1749 620 1794 sumpserint
649 1751 887 1782 correctores
915 1747 955 1781 in
979 1745 1153 1782 Diodoro
1184 1746 1409 1796 refingendo
1429 1759 1507 1784 non

59 1809 291 1869 postremum
315 1801 376 1838 hic
405 1804 512 1839 locus
536 1804 726 1850 specimen
752 1801 828 1837 dat.
885 1800 984 1838 Nam
1015 1814 1129 1850 quum
1150 1815 1242 1840 vera
1271 1804 1482 1856 scriptura
1484 1797 1505 1842 ὃ

59 1855 148 1903 ring
164 1855 264 1896 ’sAy
245 1871 336 1905 1,(11
341 1857 437 1909 ὁρος
456 1860 593 1896 leviter
617 1860 654 1894 in
676 1858 713 1893 id
736 1856 838 1907 quod
864 1859 1042 1895 meliores
1066 1859 1155 1895 libri
1181 1859 1407 1908 praeferunt
1435 1857 1508 1898 οὑ-

60 1928 132 1958 τος
150 1910 245 1952 A).‘
226 1913 419 1966 ε’ςαιὸρος
440 1915 645 1964 depravata
668 1921 792 1962 esset,
820 1921 1022 1964 corruptae
1050 1916 1139 1952 voci
1170 1915 1293 1952 nihilo
1315 1917 1509 1952 saniorem

61 1969 212 2006 suffecit
230 1972 444 2018 quicunque
467 1973 572 2007 illius
594 1967 723 2009 αὐτοῦ
745 1978 880 2007 auctor
908 1971 995 2007 fuit.
1051 1971 1135 2023 Ego
1169 1972 1269 2021 quod
1299 1973 1454 2008 restitui
1487 1987 1507 2010 o

59 2023 149 2071 ιΓὶὁς
176 2033 220 2063 ut
239 2026 402 2064 Diodori
428 2029 626 2064 constanti
650 2027 691 2063 in
716 2025 938 2064 huiusmodi
961 2027 1057 2064 locis
1081 2028 1361 2065 consuetudine
1381 2028 1511 2064 firma-

63 2089 151 2129 tur,
183 2085 236 2119 ita
270 2096 319 2120 ne
357 2090 446 2132 post
474 2085 725 2134 praemissum
759 2083 912 2133 quidem
938 2081 1055 2130 τὶοὐς
1087 2109 1135 2115 -
1163 2082 1434 2153 Ἀλέξανδόον
1464 2084 1510 2121 ab

62 2139 144 2175 cius
171 2152 278 2176 more
307 2141 472 2177 alienum
498 2153 581 2177 esse
610 2140 786 2177 ostendit
811 2140 910 2176 illud
939 2152 976 2188 p.
1012 2142 1082 2181 50.
1111 2141 1187 2181 42.
1218 2136 1299 2180 υπὸ
1324 2138 1392 2179 Ἀ)
1399 2136 1513 2187 ἐξαν-

62 2195 162 2244 ὸοου
199 2197 274 2235 τοῦ
304 2193 488 2249 ἀδελφοῦ
516 2193 703 2262 ἀνῃρέθη
732 2192 941 2250 φαρμάκω
975 2196 1229 2263 προκληθεις
1255 2197 1311 2243 εἷς
1350 2194 1509 2249 με’·θην

62 2249 138 2303 τὴν
158 2250 202 2291 δὲ
221 2251 465 2292 δυναστείαν
485 2248 776 2305 ὁιαὸεξαμενος
794 2251 863 2292 Ἀ)
868 2249 1099 2307 εΗξανὸρος
1083 2269 1102 2293 ο
1126 2249 1306 2307 ἀὸεὶᾳός
1327 2261 1402 2290 etc

174 2320 251 2360 49.
282 2322 353 2361 18.
378 2317 674 2371 Ἐβασίλευσεν
694 2317 763 2373 ἔτη
782 2316 1004 2373 τριάκοντα
1026 2319 1308 2375 καὶτέτταοα]
1339 2320 1515 2358 Cleome-

66 2376 132 2423 ni,
162 2378 224 2413 cui
254 2389 455 2414 successor
480 2378 596 2415 fuerit
621 2377 782 2425 Areum,
813 2380 895 2415 sive
926 2380 1048 2415 Areus
1076 2379 1226 2427 potius,
1255 2377 1299 2417 L.
1321 2377 1414 2414 XX.
1436 2378 1512 2416 29.

66 2434 179 2483 regni
195 2445 316 2471 annos
339 2445 393 2471 Lx
416 2441 454 2472 et
470 2447 622 2471 menses
641 2434 769 2472 decem
791 2435 943 2472 tribuit.
973 2434 1216 2473 Scinduntur
1236 2434 1325 2471 inde
1355 2435 1394 2470 in
1424 2447 1514 2482 par-

69 2495 130 2525 tes
161 2488 443 2541 Chronologiae
479 2493 618 2539 periti,
655 2494 793 2540 partim
820 2492 861 2528 in
896 2491 991 2538 hos,
1027 2494 1167 2540 partim
1197 2493 1286 2528 illos
1318 2491 1360 2526 in
1391 2503 1515 2527 annos

69 2547 282 2595 proniores.
311 2546 371 2583 111.
391 2547 541 2597 quidem
563 2547 738 2599 Scaliger
762 2558 904 2585 xxxw
923 2561 1046 2585 annos
1068 2548 1266 2585 Cleomeni
1280 2546 1518 2584 Cleombrot1

69 2602 150 2638 filio
186 2603 276 2648 dat,
305 2605 543 2653 alterumque
571 2605 680 2642 illum
711 2603 952 2643 Cleomenem
978 2605 1171 2641 diuersum
1202 2617 1306 2648 esse,
1338 2610 1375 2639 et
1405 2618 1516 2652 ομη-

69 2657 195 2714 ἰτμιά
224 2658 439 2698 Diodorum
469 2662 588 2698 luisse
616 2661 816 2710 deceptum
837 2661 983 2700 Canon.
1008 2661 1165 2712 Isagog.
1190 2660 1232 2697 L.
1255 2659 1322 2696 lll.
1347 2672 1384 2707 p.
1408 2661 1515 2698 332

72 2715 286 2763 pertendit,
329 2717 367 2754 id
395 2724 521 2754 tamen
552 2730 630 2754 non
659 2719 889 2767 ostendens,
927 2721 1013 2767 quis
1045 2719 1144 2755 alter
1176 2718 1240 2753 ille
1269 2714 1517 2752 Cleomenes?

74 2772 124 2810 At
151 2772 266 2812 Dion.
297 2773 481 2813 Petavius
509 2774 557 2813 D.
594 2773 729 2826 Temp.
754 2775 798 2815 L.
819 2774 876 2816 X.
900 2776 972 2817 53·
996 2781 1035 2813 et
1064 2774 1234 2815 Shuson·
1259 2770 1400 2812 Chron·
1426 2785 1516 2810 811ss-
