1891 3310
427 170 494 212 m
520 169 636 212 Lm.
666 168 827 211 xvu.
858 169 987 211 cAr.
1015 176 1060 215 2.
1089 192 1138 211 .-
1163 174 1204 215 5.
1456 181 1545 223 145

87 284 208 323 Modo
227 285 382 335 quidem
394 284 514 334 regne·
530 295 673 322 aarum
684 289 878 337 sumptum
899 296 1009 323 suum
1023 287 1255 324 nominavit.
1269 287 1540 337 Atquisonant

88 343 180 379 illa:
208 341 321 379 Nunc
342 346 476 378 autem
495 343 605 389 regis
621 354 764 378 aurum
783 341 1000 392 sumptibus
1017 344 1102 379 eius
1115 341 1300 391 afflue-in
1327 347 1403 393 vel,
1418 348 1538 386 Nunc

86 404 222 434 autem
242 399 351 446 regii
376 398 473 434 auri
503 396 712 445 affluentia
741 397 956 448 sumptibus
983 400 1070 435 eius
1088 399 1290 451 subvenit;
1317 402 1394 448 vel,
1424 402 1538 442 Nunc

87 460 221 491 autem
238 467 312 490 rea:
327 452 542 504 sumptibus
561 454 646 490 eius
662 452 875 501 affluenter
893 467 1035 491 aurum
1052 457 1334 506 suppeditavit,
1358 469 1424 494 seu
1445 460 1537 496 sub-

83 510 339 547 ministravit.
361 507 516 545 STEPH.
557 508 646 545 Non
666 509 870 546 admodum
890 509 1083 547 diversum
1103 510 1176 548 hoc
1199 512 1299 560 apud
1316 512 1474 551 Suidam
1491 518 1534 553 in

79 561 359 604 Ἑπικλύσασα
374 566 512 602 incerti
525 567 723 613 scriptoris
736 577 746 602 ε
760 560 819 604 ‘H
827 558 900 604 οὐν
910 560 1160 618 Κλεοπάτρα
1170 567 1237 606 καὶ
1249 565 1345 613 τούς
1352 566 1536 618 Ἠλείους

83 619 270 674 ἐπειρᾶτο
295 621 433 674 πολλῷ
450 620 610 675 χρυσίῳ
632 617 887 660 ἐπικλύσασα
907 628 979 660 etc.
1009 621 1061 659 Et
1081 634 1184 671 supr.
1208 623 1250 661 L.
1273 624 1339 661 111.
1360 626 1434 665 47.
1465 626 1536 665 καὶ

76 678 239 729 χρυσοῦ
259 690 302 715 τε
319 675 386 714 καὶ
408 673 588 729 ἀργύρου
607 672 1118 728 πλήθουςέπικεκλυκότος
1137 676 1233 731 παρ’
1256 677 1409 726 αὐτοῖς.
1434 680 1536 721 Tum

81 732 241 783 Synesii
258 732 324 770 Or.
346 732 392 768 de
410 731 546 784 Regno
567 746 601 782 p.
628 735 670 773 9.
692 731 734 770 C.
774 729 995 781 ἐπικλύζειν
1011 733 1087 785 μὲν
1109 731 1287 787 ἀγαθοῖς
1306 731 1435 776 ἅπασι
1457 735 1534 785 τὰς

79 785 231 836 πόλεις,
255 793 447 839 καταχεῖν
467 788 512 827 δὲ
531 786 807 839 εὐδαιμονίαν.
834 788 1102 840 Lycophronis
1121 792 1225 829 enim
1240 792 1351 829 Alex.
1369 806 1407 831 v.
1421 796 1531 835 228.

78 844 263 885 τοσῶνδε
283 842 375 895 κῦμ’
407 842 599 884 ἐπέκλυσε
619 846 757 884 κακῶν
777 845 825 882 ad
844 848 1006 893 primam
1034 847 1216 884 dictionis
1236 848 1424 899 originem
1442 864 1533 899 pro·-

79 904 168 952 pius
195 901 356 938 accedit.
397 900 520 939 Porro
552 902 735 952 leguntur
757 899 852 938 haec
871 901 1075 940 Aeschinis
1097 902 1204 941 Orat.
1227 906 1270 942 in
1289 905 1531 954 Ctesiphont.

77 971 116 1008 p.
139 958 225 1004 78„
252 959 331 995 levi
358 963 487 995 tamen
514 957 757 995 discrimine:
801 969 965 1008 namque
996 959 1051 996 ibi
1079 955 1164 998 ἔστι
1196 957 1238 998 δ”
1274 958 1370 1000 οὐδὲ
1397 960 1526 1001 τοῦθ’

79 1009 237 1052 ἱκανόν.
264 1012 394 1062 Itaque
413 1026 491 1050 non
515 1015 658 1052 iniuria
675 1009 825 1069 τούτῳ,
851 1015 915 1051 cui
936 1020 1026 1052 ante
1047 1012 1144 1054 οὐδὲ
1162 1017 1270 1054 locus
1289 1023 1382 1067 erat,
1400 1025 1532 1056 sustu-

77 1070 172 1107 lisse
199 1069 347 1107 videor.
379 1069 514 1110 WVEss.

197 1126 299 1166 163.
322 1128 394 1167 78.
424 1120 604 1179 Βαγώας
633 1120 654 1167 ὃ
682 1123 926 1178 χιλίαρχος]
953 1124 1053 1165 Vide
1075 1124 1121 1164 de
1143 1125 1356 1168 Chiliarchi
1378 1131 1418 1168 in
1438 1132 1528 1170 aula

75 1179 234 1220 Persica
254 1180 443 1233 dignitate
462 1181 505 1220 L.
529 1182 676 1222 XVIII.
695 1184 771 1224 48.
799 1183 936 1223 WESS.

194 1239 296 1279 163.
321 1240 392 1278 79.
417 1236 584 1278 'Anne
604 1235 812 1294 φαρμάκῳ
831 1233 1072 1292 τ·ὸν”Ωχον]
1102 1238 1246 1279 Necem
1267 1240 1381 1289 Ochi,
1407 1248 1452 1280 ut
1467 1243 1526 1282 fe-

75 1291 179 1331 libus
209 1296 262 1331 sit
291 1296 486 1343 obiectus,
525 1301 638 1343 atque
663 1308 712 1332 ex
736 1296 887 1334 ossibus
909 1297 990 1333 eius
1008 1296 1228 1346 gladiorum
1245 1300 1446 1336 manubria
1464 1302 1526 1338 fa·-

77 1350 222 1389 bricari
239 1349 389 1402 Bagoas
411 1353 579 1400 iusserit,
611 1354 773 1399 exponit
790 1351 940 1389 Aelian.
958 1350 1060 1389 Hist.
1081 1352 1171 1389 var.
1192 1352 1234 1391 L.
1247 1354 1310 1391 Vl.
1333 1358 1371 1395 8.
1385 1355 1522 1396 VVssss,

194 1408 296 1447 163.
313 1410 384 1448 86.
402 1405 495 1447 (Ότι
510 1404 787 1460 τιμωρήσεται
804 1405 878 1447 τὸν
892 1404 1101 1460 αὐθέντην
1119 1410 1205 1447 τῶν
1224 1407 1523 1463 ἀνομημάτων]

75 1461 146 1499 Sic
162 1461 206 1500 L-
227 1462 333 1500 XVI.
355 1465 430 1504 62.
451 1461 662 1509 αὐθέντας
678 1466 754 1516 τῆς
778 1461 1009 1518 ἱεροσυλίας
1028 1465 1239 1513 sacrilegii
1255 1474 1442 1506 auctores
1464 1468 1525 1505 di-

74 1520 148 1556 xit.
189 1517 355 1557 Basilius
382 1520 547 1571 Magnus
571 1520 694 1571 Epist.
721 1520 792 1561 51.
826 1533 862 1570 p.
891 1521 993 1561 143.
1012 1519 1061 1557 D.
1091 1518 1219 1567 αὐτός
1247 1518 1464 1575 κατάρχων
1494 1521 1524 1577 ἢ

74 1572 294 1614 αὐθεντῶν
322 1573 602 1628 τολμήματος.
650 1576 782 1616 Veteri
813 1576 997 1614 Graeciae
1036 1573 1246 1623 αὐθέντας
1275 1579 1391 1630 longe
1421 1582 1522 1617 alios

73 1631 217 1678 fuisse,
255 1643 335 1669 non
356 1633 478 1671 addo:
523 1634 563 1670 id
583 1633 729 1680 solum,
762 1635 961 1681 scripsisse
979 1645 1040 1670 me
1058 1634 1273 1681 priscorum
1292 1638 1522 1673 auctoritate

73 1688 260 1725 librorum
280 1685 468 1741 φθάσας.
490 1688 548 1726 De
567 1688 676 1736 Arse,
705 1701 817 1738 quern
836 1691 1066 1736 corruptius,
1094 1695 1137 1726 ut
1156 1689 1299 1727 dudum
1319 1692 1397 1728 viri
1417 1692 1523 1730 docti

73 1751 321 1792 monuerunt,
349 1741 527 1796 Νάρσην
551 1743 694 1782 Strabo
722 1745 764 1782 L.
785 1744 876 1782 XV.
897 1756 934 1793 p.
962 1746 1112 1793 1069»,
1146 1745 1377 1784 Plutarchus
1403 1743 1525 1801 Ὀάρ...

73 1813 153 1850 σην
175 1799 221 1836 de
239 1800 351 1839 Alex.
373 1800 481 1840 Fort.
505 1800 571 1838 Or.
590 1801 639 1837 ΙΙ.
658 1813 694 1848 p.
722 1802 828 1840 336.
851 1799 902 1839 D.
930 1807 1094 1849 vocant,
1118 1799 1244 1839 Illust.
1269 1800 1445 1855 Scaliger
1478 1806 1523 1843 in

73 1855 216 1894 Euseb.
246 1855 386 1893 Chron.
407 1857 456 1893 ad
476 1870 566 1894 ann.
589 1855 954 1895 MDCCLXXVIII.
987 1856 1124 1898 VVESS.

190 1913 292 1952 164.
328 1914 400 1952 90.
434 1912 519 1952 Καὶ
548 1910 728 1965 μηδενὸς
748 1910 866 1959 ὄντος
888 1914 963 1952 τοῦ
983 1910 1090 1952 κατὰ
1107 1910 1222 1966 γένος
1243 1910 1418 1963 διαδεξ]
1445 1913 1522 1953 At-

74 1969 140 2015 qui
172 1969 374 2018 superabat
400 1967 604 2006 Bisthanes
635 1969 734 2006 Ochi
761 1970 876 2006 filius.
913 1969 1102 2006 Arrianus
1127 1968 1225 2018 Exp.
1246 1970 1357 2009 Alex.
1384 1972 1427 2009 L.
1448 1972 1519 2011 111.

77 2024 149 2063 19.
174 2020 361 2064 ἐνταῦθα
382 2021 546 2077 ἀπήντα
567 2023 680 2078 αὐτῷ
699 2022 961 2079 (Alexandro)
981 2021 1200 2077 Βισθάνης
1220 2021 1240 2065 ὃ
1257 2024 1388 2077 >’,Ωχου
1409 2033 1522 2077 παῖς,

72 2081 148 2118 τοῦ
177 2077 257 2132 πρὸ
286 2080 471 2133 Δαρείου
495 2079 822 2131 βασιλεύσαντος
840 2082 1032 2133 Περσῶν.
1063 2083 1184 2126 Quem
1201 2084 1327 2120 locum
1345 2082 1520 2122 Diodoro

45 2160 54 2167 -
72 2148 153 2172 non
173 2138 316 2174 iniuria
335 2138 507 2175 obmovit
525 2137 609 2175 Nic.
631 2136 881 2175 Blancardus.
907 2137 1042 2175 Wrss.

190 2193 291 2233 164.
323 2194 396 2232 93.
443 2191 540 2240 Υἱὸς
573 2192 651 2245 μὲν
677 2191 881 2247 Ἀρσάνου
914 2196 990 2233 τοῦ
1016 2187 1248 2244 Ὀστάνου]
1292 2193 1415 2234 Voces
1444 2197 1519 2234 τοῦ

69 2243 273 2287 Ὀστάνου
294 2250 484 2297 consulto,
506 2257 551 2287 ut
570 2251 731 2287 minime
750 2249 824 2287 huc
843 2253 1095 2301 perfluentes,
1110 2252 1314 2290 transilui:
1345 2265 1388 2288 ac
1408 2263 1520 2300 pror-

73 2317 138 2341 sus
168 2303 348 2342 delendas
379 2306 561 2343 arbitror.
599 2300 819 2359 Ἀρσάνης
839 2312 967 2344 autem
986 2306 1098 2343 Darii
1115 2317 1254 2354 parens
1274 2321 1295 2344 a
1312 2306 1519 2345 Plutarcho

72 2362 114 2397 in
135 2359 347 2398 Artaxerxe
368 2359 423 2413 (p.
450 2358 608 2415 1026.)
626 2364 869 2400 nominatur:
899 2365 965 2412 qui
988 2361 1258 2413 Sisigambrim
1284 2376 1455 2402 sororem
1477 2365 1520 2400 in

73 2418 316 2454 matrimonio
337 2416 495 2465 habuit,
523 2419 626 2456 unde
647 2417 791 2456 Darius
812 2419 972 2456 ultimus
994 2425 1195 2468 susceptus
1219 2426 1297 2466 est,
1325 2426 1367 2456 ut
1387 2420 1518 2457 Arriu-

75 2485 170 2518 nus‚
211 2471 365 2509 Curtius
396 2479 435 2510 et
454 2474 615 2512 Orosius
639 2482 841 2512 testantur.
881 2473 1017 2511 Rnon.
1055 2473 1326 2512 Rhodomanni
1347 2475 1521 2525 opim'oni

73 2528 222 2565 accedit
244 2528 411 2566 Simeon.
441 2528 582 2567 Chron.
603 2531 649 2568 ad
670 2543 759 2568 ann.
784 2532 923 2571 3669.
972 2530 1022 2567 At
1041 2538 1176 2569 contra
1202 2543 1284 2568 eam
1302 2535 1409 2568 venit
1430 2531 1516 2568 liic.

73 2583 309 2621 Blancardus
329 2585 376 2622 ad
396 2585 548 2623 Arrian.
569 2586 611 2623 L.
635 2586 683 2623 ΙΙ.
702 2587 772 2627 14.
803 2589 944 2624 erroris
962 2587 1216 2636 Interpretem
1234 2599 1412 2636 arguens.
1439 2586 1517 2622 Fu-

75 2643 150 2677 isse
171 2643 271 2678 enim
293 2640 477 2679 Ost-mem
497 2641 729 2679 Artaxerxis
745 2644 917 2689 fratrem,
946 2645 1199 2694 genuisseque
1221 2642 1410 2687 Arsanen,
1440 2641 1521 2678 Da·-

73 2699 122 2734 rii
150 2695 359 2734 Codomani
378 2705 538 2747 patrem.
577 2698 656 2736 Par
680 2697 937 2736 Freinshemii
972 2699 1167 2748 Supplem.
1187 2697 1308 2735 Curtii
1336 2698 1379 2735 L.
1401 2698 1448 2735 H.
1479 2700 1516 2737 l.

74 2755 285 2790 sententia:
313 2756 456 2806 quippe
483 2754 655 2792 Ostanes
679 2752 783 2793 Ochi
795 2762 981 2806 patruus,
1007 2757 1144 2803 inquit,
1171 2754 1354 2791 Ars-(men
1372 2766 1519 2803 genue-

74 2814 157 2901 rat<
189 2808 368 2903 Ανεῦηθε
389 2811 691 2849 Codomannum.
721 2812 869 2856 Quibus
889 2811 1045 2861 quidem
1067 2812 1219 2904 egregile
1238 2810 1344 2848 favet
1362 2812 1522 2861 vulgata

152 2865 230 2904 ⁷01..
298 2893 307 2904 .
1214 2868 1244 2903 0
