1859 3326
316 170 410 213 160
791 160 1319 206 ANNOTATIONES

309 275 694 334 ὄνειροπολοῦμενοι
726 272 780 317 τὰ
814 278 892 330 τῆς
924 274 1036 345 ιερᾶς
1063 276 1317 346 φιλοσοφίας
1354 275 1523 330 ἇοίὸιμα
1561 274 1764 331 δόγματα..

309 338 430 392 Aliud
449 344 487 374 et
505 338 620 387 longe
640 334 835 372 diversum
856 339 915 370 est
932 331 1206 382 ὀνειροπολεῖν
1225 331 1302 386 τὴν
1321 333 1551 374 ἕκθέωσιν
1540 347 1582 372 ιη
1599 337 1692 373 eius
1695 335 1768 373 lem

309 395 404 445 Leg.
424 393 474 431 ad
494 391 593 429 Cais
606 405 641 440 Ρ.
667 391 802 432 1039.
822 389 868 427 Α.
903 396 944 426 et
959 385 1144 429 τάλαντα
1174 386 1466 443 καὶμυριάδας
1495 387 1768 444 ὀνειροπολεῖν

311 466 381 491 και
415 445 566 502 ἀγροὺς
587 444 709 493 ὅλους
738 444 808 485 καὶ
831 443 1037 491 συνοικίας
1062 445 1163 495 apud
1181 446 1341 486 Lucian.
1372 446 1490 485 Mero.
1517 445 1704 485 conduct.
1735 460 1768 484 c.

313 508 392 548 20.
420 512 459 543 et
480 508 521 542 in
543 504 643 541 Gall.
665 516 698 540 c.
720 503 794 542 32
829 515 916 539 eum
937 508 1029 540 nota
1050 499 1377 542 Reitzii.W1:s-s.

430 563 534 602 182.
562 561 637 599 42-
685 553 956 626 Ἠναγκάζετο
986 556 1249 608 καταβαίνειν
1275 557 1331 605 εἷς
1361 555 1437 598 τὸν
1466 579 1515 588 —-·
1545 556 1766 625 κίνδυνον]

312 617 384 657 Sic
410 609 818 668 παρασκευάσασθαι
845 611 949 666 πρὸς
968 610 1042 653 τὸν
1061 613 1249 654 κίνδυνον
1269 622 1308 652 et
1327 609 1562 655 &caracam
1593 630 1670 668 την
1694 611 1768 654 015-

310 690 436 726 ναμιν
457 674 512 720 εἷς
531 669 605 711 τὸν
630 669 819 710 κίνδυνον
838 670 881 708 L.
899 668 1015 708 XIX.
1036 671 1111 710 25.
1130 677 1168 707 et
1188 672 1263 712 26.
1311 672 1459 715 Quibus
1478 675 1520 710 in
1542 673 1662 718 locis,
1693 673 1769 708 sic-

311 735 375 770 uti
394 738 432 768 et
449 729 534 777 luc,
571 728 758 779 praelium
786 726 952 764 indicari
986 729 1083 764 citra
1113 725 1271 765 dubium
1291 734 1364 767 est.
1415 727 1606 776 Interpres
1637 729 1767 776 paullo

312 789 515 826 obscurius
535 787 575 822 in
597 785 808 822 discrimen
836 795 878 821 se
907 784 1134 821 dimittere:
1162 786 1225 821 eui
1245 790 1374 821 tamen
1391 790 1436 821 ut
1464 784 1513 823 N.
1531 783 1769 821 Blancardus

312 844 361 882 ad
384 844 547 891 princip.
569 840 610 878 L.
624 839 673 881 ΙΙ.
694 840 852 879 Arriani
864 846 1065 891 propterea
1085 841 1302 891 insultaret,
1325 853 1405 878 non
1425 848 1506 878 erat
1525 853 1659 878 caussa
1677 852 1769 891 gra-

309 901 388 940 vis.
415 899 558 937 WEss.

429 956 533 996 182
571 952 643 994 51
684 949 866 999 Πλειόυς
881 953 966 992 τῶν
983 948 1290 1005 τετταράκοντα
1304 947 1546 1007 μυριάδων]
1574 950 1770 990 Convenit

308 1024 504 1051 numerus.
547 1007 745 1046 Diodorus
767 1008 815 1046 ad
834 1009 975 1046 Arbela
1006 1009 1165 1046 dimidio
1186 1012 1369 1047 maiorem
1394 1011 1514 1046 fuisse
1541 1009 1769 1055 exercitum,

310 1081 425 1119 quam
441 1068 568 1105 fuerat
587 1065 636 1103 ad
656 1065 800 1113 Issum,
831 1066 1033 1114 profitetur
1051 1063 1094 1102 L.
1116 1065 1241 1103 XVII
1267 1066 1342 1105 39.
1373 1066 1471 1103 Erat
1492 1072 1621 1103 autem
1641 1067 1767 1102 octin-

310 1132 516 1179 gentorum
542 1122 712 1172 peditum
740 1128 779 1159 et
810 1122 1063 1159 ducentorum
1092 1122 1257 1159 millium
1274 1124 1456 1171 equitum.
1504 1121 1612 1158 Adde
1634 1134 1667 1157 c.
1692 1121 1766 1160 33·

308 1183 439 1220 Aliter
456 1179 557 1216 Plut.
579 1179 689 1216 Alex.
712 1191 749 1228 p.
765 1179 871 1219 674.
884 1176 926 1215 C.
956 1185 993 1215 et
1013 1178 1202 1216 Arrianus
1222 1178 1323 1216 L.11.
1350 1179 1439 1226 10.,
1463 1177 1512 1215 ad
1532 1189 1644 1227 quem
1663 1176 1767 1214 Gro-

308 1250 402 1277 nov.
423 1235 535 1283 vide,
565 1247 766 1273 numerum
784 1236 932 1274 ineunt.
963 1234 1098 1272 wass.

427 1293 532 1333 183.
564 1292 638 1332 69.
665 1287 940 1343 Παραβόλοις
958 1289 1027 1330 καὶ
1047 1283 1266 1342 συντόμως
1283 1287 1526 1344 θεραπείαις
1539 1284 1767 1343 χρώμενος]

308 1348 409 1388 Vide
438 1349 544 1388 Plut.
573 1346 685 1385 Alex·
716 1359 751 1395 p-
776 1348 882 1388 675.
901 1345 945 1385 Β.
988 1344 1202 1401 Ἰατρειάις
1227 1353 1272 1384 ut
1304 1350 1454 1385 auctori
1482 1347 1765 1394 obtrudantur,

308 1406 410 1445 nihil
432 1413 514 1441 erat
532 1417 700 1442 necesse.
726 1404 867 1442 Wssss.

428 1462 530 1502 183.
563 1461 637 1501 75.
675 1458 763 1500 Καὶ
789 1457 865 1513 τὴν
895 1457 1072 1512 τέχνην]
1121 1457 1209 1497 Etsi
1237 1473 1509 1510 saepenumero
1536 1461 1580 1497 in
1607 1457 1767 1497 medicis

309 1531 446 1558 verum
469 1519 540 1564 sit,
569 1515 672 1566 quod
701 1517 747 1554 de
768 1517 883 1554 rebus
903 1516 1080 1553 humanis
1098 1523 1222 1564 poeta,

484 1569 601 1625 Τύχη
621 1570 672 1612 τὰ
693 1575 866 1625 θνητῶν
886 1569 1109 1625 πράγματ’,
1138 1569 1214 1611 οὐκ
1244 1568 1452 1623 εὐβουλία,

307 1627 491 1669 iniuriam
518 1637 646 1667 tamen
675 1628 854 1680 Philippo
873 1630 1069 1667 Acarnani
1087 1629 1233 1666 scribae
1254 1631 1445 1680 insignem
1464 1628 1650 1676 inferunt,
1679 1641 1767 1666 cum

308 1688 488 1725 fortunae
509 1688 633 1736 magis
655 1687 870 1735 praesidio,
903 1699 1016 1735 quam
1037 1686 1136 1732 arti,
1160 1684 1259 1722 hanc
1288 1685 1502 1722 Alexandri
1526 1687 1767 1723 curationem

308 1744 499 1780 tribuunt.
527 1741 614 1779 Sibi
632 1739 735 1793 v'ergo
761 1742 929 1781 habeant
959 1738 1036 1794 τὴν
1064 1737 1214 1793 τύχην,
1242 1754 1313 1792 ego
1335 1738 1411 1794 τὴν
1440 1739 1585 1793 τέχνην
1612 1741 1764 1780 medico

308 1812 390 1838 non
410 1798 579 1843 detraho.
610 1798 747 1837 WESS.

426 1856 531 1897 183.
560 1857 633 1896 82.
661 1851 909 1907 Λυγκιστὴν
921 1850 1210 1907 Ἀλέξανδρον]
1244 1852 1376 1891 Litera
1394 1855 1541 1891 auctius
1564 1867 1646 1891 esse
1667 1853 1767 1891 iussi

308 1909 476 1951 ἔθνικόν
496 1911 709 1948 Alexandri
730 1911 843 1948 huius
861 1923 1016 1957 nomen.
1056 1909 1123 1948 Sic
1142 1913 1302 1959 ipsemet
1321 1917 1457 1947 auctor
1485 1910 1526 1947 L.
1543 1910 1668 1948 XVII.
1693 1912 1765 1950 57.

311 1974 350 2005 et
369 1981 449 2016 cap.
463 1969 548 2015 80„
570 1970 626 2005 sic
643 1967 785 2005 Strabo
806 1967 942 2005 L.V11.
959 1979 997 2015 p.
1023 1967 1125 2006 503.
1139 1967 1184 2003 A.
1205 1974 1243 2004 et
1262 1966 1503 2014 Stephanus:
1524 1979 1766 2016 quamquam,

309 2024 444 2062 sedulo
456 2029 499 2061 ut
520 2023 658 2072 dicam,
676 2020 934 2075 Λυγκηστὴς
953 2029 1178 2072 praestaret,
1197 2022 1385 2072 quomodo
1399 2022 1660 2074 Thucydides,
1674 2022 1766 2060 Pto-

308 2082 476 2118 lemaeus
489 2087 528 2117 et
538 2079 680 2118 Latini.
700 2078 1088 2117 Vid.Cel.Dukerum
1105 2078 1154 2115 ad
1166 2077 1385 2128 Thucydid.
1408 2077 1437 2114 L
1454 2078 1514 2117 .11.
1533 2080 1606 2118 99.
1627 2078 1764 2116 IVEss.

427 2138 529 2177 183.
556 2138 630 2177 91.
660 2135 746 2177 Καὶ
766 2133 839 2181 τὰς
863 2132 1172 2186 ὀνομαζομένας
1192 2130 1352 2186 πύλας]
1388 2133 1544 2171 cilicias
1565 2135 1683 2186 Pylas
1702 2136 1765 2172 in·—

308 2193 460 2243 telligi,
489 2195 649 2241 quisque
671 2193 790 2230 videt.
819 2190 879 2228 De
898 2192 977 2229 illis
1000 2198 1135 2228 auctor
1157 2191 1198 2228 L
1217 2190 1325 2228 XIV.
1345 2192 1422 2230 20.
1453 2190 1592 2228 Wssss.

430 2251 532 2289 183
568 2252 606 2289 1
656 2241 871 2299 Σύντομον
899 2262 975 2298 την
1008 2243 1250 2300 ὃὸοιποριάν
1279 2242 1548 2298 ποιούμενος]
1594 2246 1639 2284 Si
1670 2259 1766 2284 con-

306 2305 507 2356 pendiaria
525 2307 591 2343 via
610 2306 750 2342 fuisset
768 2317 874 2350 usuS‚
902 2305 997 2341 ferri
1016 2310 1156 2353 posset.
1187 2301 1264 2340 Sed
1280 2302 1423 2340 Darius
1444 2305 1600 2354 plenae
1579 2303 1700 2340 vradu
1720 2305 1764 2340 in
1827 2309 1829 2312 “

307 2361 540 2399 Macedones
559 2363 751 2409 perrexit,
779 2367 823 2397 ut
845 2372 893 2396 ex
913 2358 1047 2396 Curtio
1069 2358 1111 2396 L.
1137 2359 1203 2396 ΙΙΙ.
1225 2362 1264 2399 8.
1296 2366 1462 2399 constat.
1492 2360 1614 2427 Lego
1620 2353 1766 2398 σύντο-

306 2433 379 2456 νον
398 2414 474 2469 τὴν
494 2412 735 2483 ὁδοιπορίαν
754 2411 1011 2466 ποιούμενος,
1029 2421 1071 2452 ut
1091 2414 1133 2451 L.
1147 2414 1265 2454 XIX.
1285 2418 1361 2456 26.
1391 2430 1543 2468 προῆγε
1566 2410 1764 2455 σύντονον

306 2470 384 2526 τὴν
404 2488 574 2522 πορειαν
594 2469 847 2524 ποιούμενος.
875 2478 914 2508 et
934 2472 1104 2509 eiusdem
1125 2473 1216 2509 libri
1240 2485 1320 2520 cap.
1335 2473 1408 2511 32.
1430 2469 1611 2520 ἀνέζευξε
1628 2493 1676 2499 -
1694 2469 1765 2510 καὶ

307 2523 533 2576 συντόνους
552 2525 629 2575 τὰς
649 2528 817 2581 πορείας
833 2524 1087 2579 ποιούμενος.
1118 2528 1263 2565 Vitium
1283 2530 1464 2578 frequens
1483 2535 1521 2564 et
1537 2529 1631 2565 alibi
1650 2541 1673 2564 a
1691 2540 1763 2563 no·-

308 2586 369 2623 bis
394 2586 600 2624 detersum.
631 2583 743 2622 Conf.
765 2586 806 2623 L.
827 2584 983 2621 Kuster.
1002 2584 1050 2621 ad
1080 2583 1278 2633 Aristoph.
1297 2585 1400 2621 Plut.
1422 2598 1460 2622 v.
1480 2586 1587 2624 257.
1621 2583 1761 2621 WESS.

425 2642 529 2682 184.
564 2642 635 2682 19
666 2640 753 2680 Καὶ
779 2638 855 2687 τὰς
882 2643 966 2679 τῶν
987 2637 1141 2678 ἱππέων
1161 2637 1200 2678 ιλ
1205 2641 1280 2689 ας]
1317 2639 1402 2676 Hoc
1421 2642 1562 2688 malui,
1588 2641 1664 2676 etsi
1683 2651 1763 2680 non

306 2699 508 2749 ignorem,
545 2697 647 2748 apud
676 2696 976 2734 Herodotuml
1006 2697 1109 2736 172.
1148 2702 1187 2732 et
1213 2698 1321 2736 202.
1352 2702 1390 2732 et
1421 2695 1569 2744 loseph.
1598 2695 1690 2735 Ant.
1719 2697 1763 2733 L.

305 2754 411 2791 XIV.
438 2755 508 2795 13.
531 2754 572 2794 3.
606 2760 718 2802 atque
739 2755 833 2791 alibi
862 2750 974 2798 εέλας
1001 2759 1040 2788 et
1059 2748 1224 2792 εἰλαδὸν
1252 2752 1448 2801 praeferri.
1493 2752 1689 2789 Variatum
1719 2753 1763 2789 in

304 2812 414 2849 vocis
442 2811 520 2850 fuit
542 2812 755 2861 scriptura,
784 2809 845 2849 his
874 2806 1010 2861 ειλην,
1035 2810 1116 2847 illis
1145 2806 1238 2860 ἴλην
1267 2807 1512 2859 eligentibus.
1549 2808 1761 2846 Audiamus
