1859 3326
314 172 376 214 18
780 163 1314 206 ANNOTATloNES

311 283 428 322 triam
448 282 490 319 ln
511 278 643 318 sedem
661 280 898 330 restituisse,
927 288 972 319 ut
989 279 1033 319 in
1053 280 1170 320 Italia
1194 280 1353 330 amieos,
1380 279 1417 318 si
1435 292 1513 331 qua
1531 278 1782 321 recrudesce-

312 347 374 379 ret
397 352 484 378 cum
501 345 670 389 tyranno
696 337 862 386 bellum,
892 337 1094 378 haberent.
1123 337 1262 376 Wizss.

427 397 503 435 20.
536 395 609 435 38.
655 393 712 434 Οἵ
730 409 772 434 τε
794 392 870 447 τὴν
892 391 1090 449 Σαρδόνα
1119 392 1430 446 κατοικοῦντες]
1459 393 1549 434 Vid.
1571 400 1655 432 not.
1676 395 1720 433 in
1738 393 1783 432 L.

318 452 385 491 lV.
406 454 484 493 29.
508 451 643 489 Wnss.

428 510 504 549 21.
545 509 621 548 48.
679 502 764 554 Οὓς
793 504 837 547 δὲ
869 500 1274 561 κατετραυμάτιζον]
1323 505 1445 545 Salva
1476 519 1561 544 esse
1591 512 1784 558 potuerat,

317 567 395 604 nisi
416 566 552 615 scripti
582 563 674 601 libri
695 571 832 602 contra
857 567 1045 612 ivissent,
1074 572 1228 613 recepta
1249 563 1393 601 dudum
1420 565 1627 613 scriptura.
1667 564 1786 601 Amat

316 629 453 660 auctor
475 622 717 669 conpositum
737 621 777 658 id
797 621 970 659 verbum.
1006 621 1094 659 Vid.
1114 620 1158 659 L.
1179 619 1270 659 XII.
1292 621 1366 662 61.
1398 626 1437 657 et
1462 618 1536 658 hoc
1565 621 1633 658 lib.
1653 634 1686 658 c.
1706 621 1784 661 25.

319 691 508 730 saepeque
529 678 640 716 alias.
667 676 803 715 lVEss.

433 737 510 775 21.
543 734 615 774 54
646 732 883 787 Σ·ερουι’λιον
903 733 1116 786 Κοίντιον]
1150 734 1307 773 Inverte
1334 727 1516 773 Κόϊντον
1532 730 1787 786 Σερουΐλιον.

319 792 368 830 In
387 791 464 829 fine
483 791 609 828 scribe
626 789 834 830 Κοΐντιον.
872 790 983 828 Fasti
1000 792 1148 829 addunt
1172 791 1257 829 Ser.
1281 788 1505 828 Cornelium
1528 797 1569 827 et
1588 789 1634 830 L.
1656 788 1787 828 Hora-

321 851 431 887 tium.
460 846 600 885 RHoD.
637 844 744 884 Citra
764 847 921 886 dubium
944 847 1015 886 hier
1036 845 1241 896 Κόϊντον,
1270 854 1309 885 et
1328 859 1422 884 mox
1440 843 1629 887 Λεύκιον
1654 846 1788 887 Κοΐν-

320 921 409 945 τιον
431 903 686 941 scribendum.
722 902 803 941 Sex
823 906 1000 942 tribunos
1020 904 1157 943 Livius
1178 904 1269 942 huic
1290 917 1394 942 anno
1413 905 1569 954 inponit
1588 902 1632 941 L.
1653 903 1721 944 Vl.
1745 905 1787 945 6.

322 962 438 1001 Serv.
459 961 707 1007 Cornelium,
737 963 799 998 cui
819 961 882 998 hic
901 975 1134 1010 praenomen
1146 962 1306 1009 Marco,
1335 967 1418 998 tum
1445 967 1525 997 tres
1547 961 1660 1008 illos,
1691 972 1790 1010 quos

322 1026 459 1058 auctor
481 1018 584 1064 edit,
615 1024 884 1067 praetereaque
914 1017 958 1055 L.
979 1018 1200 1057 Horatium
1230 1025 1268 1055 et
1288 1018 1335 1057 P.
1365 1018 1594 1055 Valerium.-
1626 1023 1673 1054 ut
1692 1017 1789 1055 adeo

322 1081 523 1127 peccatum
548 1076 656 1111 sitin
680 1081 786 1123 parte
806 1081 981 1112 extrema
1008 1081 1123 1112 notae
1142 1075 1526 1113 Rhodomannianae.
1554 1072 1719 1125 Pighius
1741 1073 1792 1111 ad

323 1141 652 1170 ann.ccc.1xv.111
676 1130 766 1168 hinc
784 1131 911 1168 adfert
930 1131 1020 1169 Ser.
1048 1132 1287 1180 Cornelium,
1311 1132 1357 1178 Q.
1378 1130 1455 1169 S‘er
1447 1131 1608 1178 vilium,
1631 1130 1687 1170 M.
1707 1129 1792 1169 Fu-

323 1192 427 1229 rium
450 1195 488 1225 et
513 1188 557 1226 L.
584 1187 830 1256 Ωιξίηοίὶιιηι,
859 1189 993 1225 forsan
1016 1201 1065 1225 ex
1087 1192 1322 1227 coniectura.
1352 1188 1489 1226 WVESS.

437 1247 511 1285 21.
545 1245 618 1284 63.
638 1241 727 1284 Ἔτι
748 1242 1001 1295 κοιμωιιέιοῑ
986 1260 1030 1291 ως
1048 1240 1381 1296 καταλαβόντες]
1412 1244 1582 1282 Videndi
1598 1250 1690 1282 sunt
1708 1226 1793 1282 Xe-

322 1301 481 1353 nophon
503 1300 657 1339 Hellen.
683 1301 725 1338 L.
745 1301 790 1339 V.
815 1315 850 1351 p.
869 1303 992 1349 443..
1013 1300 1127 1340 Corn.
1147 1302 1279 1351 Nepos
1299 1301 1432 1351 Pelop.
1454 1314 1487 1338 o.
1513 1302 1569 1350 3.
1589 1301 1696 1340 Plut.
1718 1300 1794 1338 Pe-

325 1361 402 1410 lop.
424 1373 459 1409 p.
480 1360 588 1398 281.
622 1364 660 1394 et
686 1358 837 1396 Socrat.
861 1358 1049 1396 Daemon.
1069 1371 1105 1409 p.
1128 1359 1248 1408 596.‚
1268 1361 1335 1409 qui
1354 1359 1452 1410 dilig
1428 1359 1583 1397 “entius
1601 1363 1641 1396 et
1659 1358 1794 1421 copio-

328 1418 410 1454 sius
431 1415 523 1452 haec
543 1422 807 1463 exsequuntur
829 1418 969 1453 onmia.
996 1415 1133 1454 VVESS.

442 1474 517 1514 21.
549 1471 622 1511 64.
645 1469 814 1511 ’Έπειτα
830 1469 929 1519 τοὺς
948 1470 1048 1512 7107'
1031 1487 1120 1520 ιτας
1137 1478 1211 1513 etc.
1223 1472 1242 1524 ]
1278 1470 1374 1510 Post
1395 1473 1562 1526 πρῶτον
1582 1469 1661 1524 μὲν
1677 1479 1792 1510 nemo

328 1541 409 1566 non
429 1535 606 1577 expectet
626 1524 764 1567 ἔπειτα
788 1526 844 1567 δέ.
867 1530 1082 1577 complures
1102 1535 1234 1567 tamen
1250 1536 1342 1567 sunt
1361 1529 1463 1578 apud
1473 1528 1578 1567 hunc
1591 1528 1795 1567 authorem

328 1586 407 1623 loci
432 1587 473 1623 in
495 1581 664 1635 quibus
651 1584 788 1624 ἔπειτα
809 1586 891 1622 sine
913 1585 956 1624 δὲ
979 1588 1145 1634 positum
1163 1593 1232 1623 est.
1271 1585 1428 1623 STEPH.

443 1644 520 1682 21.
556 1643 628 1682 78
670 1638 763 1681 ‘On
796 1641 865 1681 καὶ
893 1639 1013 1682 αὐτοὶ
1043 1637 1354 1696 ovyxamfipayov
1380 1639 1455 1682 τὸν
1483 1640 1523 1682 ὃ.
1551 1655 1639 1683 των
1663 1637 1797 1695 Ἀθη·-

328 1695 487 1749 ναίων]
517 1699 614 1735 Vide
638 1700 814 1746 superius
833 1698 875 1735 L.
897 1698 1005 1736 XIV.
1029 1700 1102 1740 32.
1131 1700 1270 1739 WEss.

443 1757 518 1795 21.
551 1756 624 1796 84.
656 1752 920 1808 Ἐψηφισατο
950 1758 1209 1810 παραχοῆμα
1241 1751 1418 1807 δύναμιν
1444 1775 1494 1784 —-
1519 1751 1793 1806 ἀποστεῖλαι]

329 1811 438 1850 Haec
457 1813 603 1849 frustra
621 1812 714 1848 alibi
735 1824 908 1860 quaeres.
947 1811 1111 1850 Constat
1141 1826 1191 1850 ex
1207 1811 1473 1863 Xenophonte
1514 1813 1612 1850 duos
1642 1820 1796 1863 praeto-

329 1881 439 1916 rum,
469 1870 534 1917 qui
564 1868 745 1918 praesidii
767 1883 902 1906 caussa
919 1870 960 1906 in
981 1870 1125 1907 finibus
1154 1870 1339 1921 agebant,
1373 1871 1567 1920 suppetias
1597 1868 1796 1907 Thebanis

329 1927 508 1972 venisse,
549 1925 616 1961 sed
644 1926 752 1962 nullo
775 1925 1072 1964 Atheniensium
1103 1926 1273 1964 decreto.
1315 1928 1442 1970 Quare
1472 1929 1630 1975 utrique
1662 1934 1797 1975 postea

330 1982 433 2019 diem
452 1981 648 2029 dixerunt,
671 1989 711 2018 et
727 1983 891 2019 alterum
911 1983 1064 2030 quidem
1082 1990 1208 2020 morte
1229 1984 1478 2029 mulctarunt,
1501 1984 1668 2020 alterum
1686 1996 1794 2030 vero,

330 2040 420 2087 quia
444 2038 629 2075 iudicium
657 2039 751 2089 fuga
782 2040 1020 2086 evitaverat,
1060 2040 1101 2076 in
1127 2041 1291 2076 exilium
1320 2045 1497 2089 egerunt.
1539 2037 1638 2076 Uter
1665 2045 1795 2077 autem

327 2093 466 2132 horum
486 2093 715 2143 Demophon
735 2095 876 2142 fuerit,
907 2102 946 2132 et
973 2108 1025 2133 an
1042 2094 1251 2134 Chabriam
1272 2097 1461 2146 collegam
1481 2094 1682 2145 habuerit,
1713 2109 1795 2134 non

329 2152 452 2189 audeo
475 2151 692 2189 decernere.
720 2151 856 2189 VVESS.

443 2210 518 2248 22.
547 2208 622 2247 95.
649 2207 870 2261 Δρομαΐος
888 2204 1095 2261 ηπεῖγετο]
1125 2208 1237 2247 Nihil
1256 2208 1500 2249 mutandum.
1530 2207 1600 2247 Sic
1618 2207 1664 2249 L.
1681 2208 1793 2247 XIV.

332 2265 438 2305 104.
466 2264 660 2315 ὁρομαῖοι
689 2268 926 2331 παρῆσαν
911 2263 973 2303 ἐπι
998 2280 1073 2317 την
1093 2262 1314 2317 βοηθειαν.
1344 2266 1485 2303 ἊΤΕΞΒ.

444 2323 505 2361 2..
481 2324 520 2356 ἴ.)
549 2323 623 2361 27.
663 2317 958 2373 Ποοσιοντες
941 2320 1005 2360 επὶ
1024 2319 1100 2368 τὰς
1125 2319 1298 2374 Θηβας]
1331 2321 1601 2360 Cleombrotus
1623 2324 1794 2361 auxilia-

327 2391 391 2416 res
420 2380 549 2428 copias
578 2378 761 2424 adduxit,
787 2378 998 2426 obviosque
1028 2380 1070 2415 in
1099 2378 1297 2430 Megaride
1328 2393 1395 2417 eos
1425 2379 1582 2428 habuit,
1617 2383 1684 2429 qui
1715 2380 1792 2418 fide

326 2435 482 2483 publica
513 2447 562 2470 ex
589 2447 678 2471 arce
715 2433 881 2472 Cadmea
911 2435 1211 2485 descenderant,
1251 2436 1483 2474 Plutarchus
1512 2439 1555 2475 in
1587 2436 1719 2488 Pelop.
1752 2449 1789 2486 p.

328 2492 438 2532 284.
474 2490 611 2528 WEss.

438 2549 513 2588 22.
547 2548 623 2587 29.
657 2543 769 2594 Τοὺς
792 2545 836 2587 δὲ
860 2542 1067 2600 ἡγεμόνας
1091 2569 1140 2577 -
1162 2554 1272 2603 τρεῖς
1291 2545 1417 2596 ὄντας
1437 2547 1544 2602 etc.]
1571 2550 1792 2601 Lysanorz’-

326 2605 440 2652 dam,
470 2605 536 2653 qui
557 2616 754 2652 perperam
774 2604 1048 2658 Δυσαορίὸας
1076 2607 1119 2643 in
1138 2606 1336 2645 Plutarchi
1355 2608 1530 2656 superius
1549 2608 1669 2645 citato
1690 2608 1790 2653 loco,

326 2660 635 2713 Hermippidam
659 2668 698 2697 et
725 2661 954 2699 Amissum:
987 2661 1056 2700 hos
1086 2667 1221 2713 capitis
1243 2664 1495 2711 damnarunt,
1524 2662 1789 2714 Lysanoridae

322 2731 417 2754 vero
439 2719 597 2755 multam
616 2720 811 2768 ingentem
833 2721 1068 2770 irrogarunt.
1103 2718 1268 2757 Dubites
1302 2728 1430 2758 tamen
1461 2733 1604 2757 sanane
1624 2722 1704 2757 sint
1726 2720 1785 2756 in-

322 2775 572 2811 terfectorum
591 2776 760 2810 nomina.
792 2774 897 2812 Idem
917 2779 1021 2812 enim
1040 2776 1236 2814 Plutarch.
1262 2778 1307 2814 de
1328 2777 1476 2814 Socrat.
1499 2776 1596 2813 Gen.
1617 2790 1653 2826 p.
1680 2777 1784 2816 586.

323 2829 372 2870 Ε.
402 2829 612 2884 Κριπίὸἀν
632 2830 701 2870 καὶ
721 2827 919 2884 Ἄρκεσον
941 2831 1138 2883 adpellare
1159 2834 1325 2873 videtur.
1365 2833 1520 2871 Poteris
1537 2829 1786 2887 Ἡριππίδαν
