1891 3310
395 169 457 210 IN
486 169 597 210 LIB.
624 170 781 210 xvn.
811 169 938 220 CAP.
973 174 1047 214 62.
1070 193 1120 218 ,--
1143 176 1217 215 66.
1446 178 1534 219 185

88 283 218 334 liquit.
255 281 323 321 Sic
352 282 498 332 editui-g
522 284 660 334 ‚scripti
688 295 828 336 magno
855 296 1016 322 nurnero
1049 298 1101 324 ac
1131 285 1322 334 Ciliciae,
1347 287 1449 338 quod
1469 300 1538 337 pro

88 341 248 377 rciiculo
265 353 343 377 non
364 352 446 377 esse
470 341 700 388 putandum,
720 348 812 380 nota
830 339 861 378 Γ
863 339 1085 380 remshemu
1102 341 1323 381 declarabit.
1343 343 1479 381 IVEss.

201 398 308 436 210.
339 396 411 438 65.
449 397 546 435 Ίιῦν
564 411 613 447 με
598 411 639 435 ν
656 393 845 436 ἱππέων
827 392 986 451 ἑκάστῳ
1005 393 1050 445 ’ἐξ
1068 400 1175 449 μνᾶς
1194 394 1432 451 ἕὸωοήσατο
1455 400 1541 466 eth]

88 449 245 490 Curtius
263 454 420 498 iterum,
442 465 493 489 ez:
505 455 679 503 pecunia
698 454 837 491 deinde
858 451 1107 503 Babyloniae
1128 453 1410 493 Macedonibus
1431 459 1541 507 equi-

90 508 191 545 tibus
210 520 369 546 sexcent
364 509 524 545 dena]
509 523 538 545 ιι
558 509 718 555 tributi‚·
734 522 813 561 pe]
816 522 888 559 egr
892 511 978 547 inus
999 523 1116 560 eques
1133 513 1350 561 quingenos
1370 515 1539 564 accepit.

89 563 265 602 Ducenis
274 565 462 616 pedeste'
448 578 525 602 mm
543 567 779 629 stipendium
797 578 968 603 mensum
989 572 1058 604 est.
1086 565 1175 603 Non
1193 569 1259 603 ille
1279 567 1430 617 quidem
1456 582 1541 605 ma—

90 622 147 666 le,
174 631 407 670 quamquam
421 622 588 670 suspicio
622 634 698 658 non
726 622 836 668 defit,
866 633 987 670 pauca
1020 625 1060 658 in
1083 623 1162 659 illis
1196 620 1420 667 desiderari.
1462 622 1540 661 Cur

89 679 191 715 enim
218 678 427 728 negligitur
457 679 746 729 peregrinorum
775 678 943 726 peditum
971 676 1228 726 stipendium?
1259 692 1328 717 cur
1353 682 1542 718 mensium

90 735 173 770 sine
193 740 384 783 postrema
410 745 505 771 ῑοοε
527 734 606 770 in
591 733 742 770 schedis
761 731 1058 771 vetustioribus?
1086 733 1238 782 Posses,
1262 737 1347 777 nisi
1359 737 1542 775 audacius

89 789 307 838 videretur,
345 790 489 827 duceni
503 790 774 841 pedestrium,
806 792 1115 841 peregrinorum
1151 793 1388 843 stipendium
1425 793 1541 831 duum

90 847 289 884 mensium.
318 844 402 895 Ego
423 846 594 895 equidem
616 845 712 883 nihil
735 845 913 894 decerno,
930 848 1151 884 coniectura
1172 855 1387 886 contentus.
1403 848 1544 889 Wssss.

204 901 312 941 210
347 901 420 940 73.
459 902 680 965 Ίρα22.εεΐ’ς
699 899 744 940 δὲ
764 900 1008 955 τρισχίλιοι]
1037 901 1195 940 Rectius
1215 900 1330 956 Τρά).
1334 905 1428 952 hag.
1463 905 1544 942 He-

87 956 244 1007 sychius
279 952 510 1024 Τράλλεις,
535 953 669 1004 ου’τως
701 955 798 996 ἐκα2.
802 959 924 997 οῦιτο
961 954 1224 1012 μισθοφόροι
1262 958 1425 1016 Θρᾷκες
1455 965 1543 1008 τοῖς

87 1014 326 1063 βασιλέὗσιι
337 1043 349 1062 ‚
396 1009 435 1052 οἳ
463 1009 538 1060 τὰς
569 1027 742 1066 ᾳοπικας
763 1012 909 1064 χρείας
938 1015 1201 1066 πληροῦντες.
1253 1014 1325 1054 Cui
1353 1016 1544 1055 Thraciae

88 1070 268 1122 gentibus
295 1067 461 1109 Tralles
468 1071 736 1107 annumeranti
761 1071 955 1107 consentit
984 1069 1086 1110 Piut.
1113 1071 1259 1122 Agesil.
1289 1083 1327 1120 p.
1353 1074 1458 1114 604.
1479 1073 1544 1121 D.,

89 1138 167 1163 non
190 1127 281 1163 item
304 1124 553 1173 Stephanus
541 1138 583 1162 ln
609 1123 810 1178 Τραλλιά.
853 1124 932 1162 Sed
960 1126 1050 1164 vide
1071 1127 1113 1165 L.
1134 1127 1292 1167 Kuster.
1317 1128 1366 1166 ad
1387 1125 1544 1169 [ambliz

89 1181 202 1220 chum
221 1181 299 1220 Vit.
320 1180 435 1231 Pyth.
458 1186 493 1231 p.
518 1183 637 1230 146.,
666 1187 705 1220 et
720 1188 872 1232 praeter
889 1188 1039 1220 ceteros
1057 1182 1106 1222 H.
1122 1183 1318 1223 Valesium
1337 1184 1385 1225 ad
1404 1184 1544 1225 Dionis

87 1238 269 1288 Excerpt.
287 1250 324 1287 p.
348 1239 421 1280 90.
445 1238 584 1277 ἶνΕΞε.

201 1296 308 1336 210.
339 1295 411 1336 80.
441 1293 515 1342 Εἷς
535 1291 610 1346 τὴν
632 1291 920 1348 Σιττακηνην]
960 1292 1046 1333 Hoc
1064 1295 1207 1345 malui,
1235 1302 1320 1337 tum
1340 1295 1388 1336 ob
1421 1299 1543 1350 gemi-

87 1357 217 1389 natam
246 1352 352 1389 illam
383 1352 534 1389 literam
562 1350 605 1388 L.
624 1351 768 1388 XVIII.
792 1353 834 1392 6.
847 1378 859 1398 ‚
893 1358 973 1389 tum
998 1353 1100 1401 quod
1129 1348 1333 1404 Σιττάκη,
1359 1356 1417 1391 uti
1421 1328 1545 1403 t’apud

88 1407 238 1446 Aelian.
262 1407 308 1444 de
326 1406 492 1446 Animal.
525 1407 568 1445 L.
587 1407 694 1445 XVI.
713 1409 788 1448 42.
820 1414 860 1444 et
879 1406 1114 1448 PliniumL.
1138 1408 1221 1446 Vll.
1243 1411 1318 1449 27.
1349 1411 1543 1459 scribitur,

87 1463 284 1501 formetv
245 1478 501 1515 ..ιττακηνην
515 1478 681 1516 χωραν,
709 1475 906 1512 nunquam
926 1459 1183 1516 Σιττακινήν.
1224 1464 1353 1503 Situm
1372 1468 1545 1518 regionis

89 1522 219 1569 signat
247 1519 387 1557 Strabo
417 1519 461 1557 L.
479 1519 606 1557 XVII.
633 1534 669 1570 p.
694 1522 829 1562 1079.
847 1518 890 1557 Β.
923 1526 962 1558 et
992 1519 1146 1559 Curtius
1174 1519 1217 1558 L.
1239 1521 1285 1561 V.
1311 1524 1373 1569 1.,
1405 1523 1472 1560 sed
1501 1526 1543 1563 in

88 1579 197 1614 vocis
219 1577 410 1625 scriptura
432 1579 528 1615 mire
546 1589 710 1627 pravus,
737 1578 851 1614 sicuti
868 1574 1057 1614 cellarius
1077 1578 1222 1614 docuit.
1253 1577 1391 1618 Wnss.

201 1634 309 1672 210.
333 1633 405 1673 85.
435 1631 523 1672 Καὶ
546 1629 621 1679 τὰς
638 1627 858 1685 ἡγεμονίας
877 1628 1150 1686 ἀναβιβάσαι]
1179 1633 1236 1671 Ab
1257 1632 1391 1672 humili
1410 1634 1544 1675 ordine

89 1687 135 1726 ad
157 1690 378 1738 ampliorem
396 1689 558 1756 gradum
581 1701 829 1738 promovere,
857 1694 900 1726 ut
918 1687 1072 1728 Curtius
1093 1691 1200 1738 loqui
1220 1697 1342 1737 amat,
1369 1693 1474 1738 sive,
1502 1699 1545 1729 ut

88 1757 180 1781 mox
201 1744 366 1791 Noster,
394 1741 477 1784 ἀπὸ
508 1747 583 1796 τῆς
612 1740 794 1797 μεγάλης
821 1740 1040 1797 ηγεμονιάς
1062 1743 1127 1784 ἐπι
1152 1741 1281 1797 μεγά2.
1286 1760 1334 1793 ας
1358 1744 1546 1795 ἐξουσίας

91 1796 358 1850 ἀιαβιθάσαι.
401 1812 476 1850 quo
505 1803 547 1838 in
575 1814 717 1868 genere
746 1813 825 1838 non
854 1802 1026 1839 insolens
1060 1801 1100 1839 id
1131 1803 1304 1840 verbum.
1354 1800 1545 1844 Demades

92 1855 198 1894 Orat.
218 1857 355 1906 fragm.
372 1869 408 1906 p.
433 1857 535 1898 179.
566 1872 634 1896 και
655 1852 806 1904 πάντες
833 1855 909 1908 μὲν
932 1872 970 1897 οι
991 1853 1068 1908 τὴν
1091 1852 1279 1897 εΕλλάδα
1308 1862 1546 1899 κατοικοῦν-

90 1926 156 1957 τες
174 1908 260 1952 'Aa
265 1911 459 1964 ἔξανδρον
489 1911 554 1951 ἐπὶ
573 1910 650 1964 τὴν
670 1908 713 1965 τῇ
716 1912 891 1979 εμονιάν
913 1909 1170 1964 ἀνεβίβαζον.
1199 1913 1312 1952 Philo
1331 1913 1547 1964 Belopoeic.

91 1979 126 2017 Ρ.
148 1969 223 2009 97.
251 1983 320 2008 και
352 1966 426 2008 τὸν
451 1966 527 2018 μὲν
551 1968 723 2018 δοῦ2ον,
746 1968 787 2007 ἐ2.
792 1964 964 2021 ευθερον
994 1966 1231 2023 ἀναφῆναι,
1258 1967 1332 2010 τὸν
1353 1969 1398 2010 δὲ
1421 1986 1546 2026 στρα-

91 2020 242 2075 τιώτην
273 2020 547 2075 ἀναβιβάζειν.
585 2024 832 2063 Contrarium
861 2024 933 2062 hoc
956 2024 1116 2075 Synesii
1136 2026 1182 2063 de
1201 2027 1381 2077 Agesilao
1403 2027 1472 2068 Or.
1499 2029 1545 2066 de

91 2079 216 2148 Regu).
236 2093 273 2128 p.
296 2083 371 2121 20.
392 2080 435 2120 C.
466 2096 534 2120 και
560 2079 676 2134 ἐγγυς
706 2074 811 2147 ηλθ·ε
799 2097 837 2121 ν
867 2077 1123 2132 ἀποβιβάσαι
1154 2081 1378 2136 (Persarum
1396 2083 1546 2138 regem)

91 2138 166 2190 τῆς
186 2134 330 2188 ἀοχῆς.
364 2139 439 2176 τοῦ
457 2135 534 2188 μὲν
553 2135 631 2191 γὰρ
654 2133 923 2205 φρονήματος
942 2135 1182 2189 ἀπεβίβασε.
1206 2138 1343 2177 VVEss.

207 2195 315 2233 210.
349 2196 421 2234 88.
460 2193 568 2246 Πεοι
597 2196 680 2233 τῶν
709 2191 920 2247 αρίστων]
963 2191 1214 2246 ΗΑριστειων
1244 2197 1276 2234 si
1307 2195 1548 2245 praetulelis,

95 2256 292 2287 succurret
312 2247 491 2296 Curtius,
519 2227 612 2288 haee
632 2249 795 2289 Diodori
814 2252 986 2288 imitatus
1005 2249 1048 2287 L.
1072 2251 1117 2288 V.
1138 2254 1180 2291 2.
1204 2253 1245 2291 3.
1273 2251 1408 2289 IVEss.

206 2307 314 2346 210.
345 2306 386 2345 3.
419 2302 691 2358 Ἀβουλήτου
715 2302 931 2359 σατράπου
959 2301 1246 2358 παραδόντος]
1287 2305 1548 2360 ’Λβουλίτην

94 2361 247 2400 Arrian.
268 2361 311 2399 L.
332 2360 398 2398 111.
418 2363 486 2402 16.
513 2369 551 2399 et
572 2360 726 2400 Curtius
748 2362 793 2399 V.
807 2365 850 2402 2.
875 2366 929 2412 8.,
959 2361 1145 2401 Nostrum
1164 2363 1300 2401 Latine
1321 2365 1458 2401 iterum
1479 2378 1547 2402 ex-

94 2421 287 2469 primenS‚
310 2424 475 2466 vocant,
507 2425 545 2455 et
562 2421 714 2466 verius,
736 2425 781 2456 ut
801 2431 872 2470 ego
894 2419 1047 2469 quidem
1064 2422 1249 2469 suspicor.
1282 2420 1417 2458 Wiass.

207 2475 317 2514 211.
352 2474 423 2514 13·
461 2473 603 2515 Πλείω
622 2476 704 2514 τῶν
722 2474 1072 2527 τετρακισμυρίων
1097 2472 1338 2525 ταλάντων]
1370 2475 1403 2512 Τ
1408 2475 1549 2514 otidem

95 2529 198 2568 Plut.
218 2529 328 2567 Alex.
360 2542 395 2578 p.
411 2531 518 2570 686.
538 2528 594 2577 C.,
624 2530 690 2567 sed
711 2533 894 2579 pecuniae
912 2533 1099 2583 signatae.
1129 2530 1284 2571 Curtius
1304 2539 1341 2568 ct
1362 2531 1549 2569 Arrianus

95 2587 281 2624 talentum
299 2587 576 2637 quinquaginta
594 2588 727 2624 millia.
752 2585 887 2624 VVESS.

212 2644 319 2682 211.
349 2644 420 2683 17.
457 2643 720 2694 λἀρακτῆρα
738 2639 947 2695 Λαρεικὸν
967 2639 1138 2693 ἕχον-ια’]
1179 2641 1313 2680 Darici
1336 2643 1550 2691 aequabant

98 2696 249 2735 Atticas
269 2705 471 2749 argenteas
501 2697 699 2735 drachmas
722 2708 806 2745 XX,
834 2706 989 2737 auctore
1013 2698 1313 2748 Harpocrationc
1340 2701 1376 2735 in
1398 2700 1549 2750 Δαρει-

99 2750 170 2798 mig
191 2762 228 2790 et
250 2753 379 2791 Schol.
409 2754 458 2791 ad
479 2753 672 2804 Aristoph.
700 2752 912 2793 Ecclesiaz.
942 2768 981 2794 v.
1006 2756 1124 2802 598..
1155 2754 1417 2801 habebant-'gne
1439 2754 1549 2792 Darii

99 2812 284 2859 principis
312 2810 543 2860 insculptam
576 2810 805 2861 imaginem,
839 2810 971 2849 sinon
998 2812 1102 2849 fallit
1128 2809 1172 2847 Β.
1200 2809 1440 2858 Brissonius,
1468 2825 1549 2860 χα-
