1859 3326
267 157 294 196 8
728 151 1254 193 ANNOTATIONES

389 267 462 308 10.
495 267 537 307 7.
577 263 664 306 Καὶ
684 267 883 308 συλλαλεΐ
901 266 991 321 περὶ
1013 264 1332 320 κοινοπραγίας]
1366 265 1468 305 ΝοΙο
1489 278 1645 316 prorsus
1666 266 1734 304 da-

272 335 408 363 mnare
427 322 517 375 περὶ
538 323 846 376 καινοπραγιάς.
876 331 1004 373 potest
1025 327 1256 362 sententiam
1288 324 1376 361 dare
1398 325 1491 361 satis
1512 337 1734 375 congruam.

275 381 459 420 Praefero
490 387 617 417 tamen
643 379 766 432 Regg
794 383 981 419 librorum
1010 384 1262 429 scripturam,
1297 382 1467 418 auctoris
1489 381 1737 418 adsuetudini

275 438 595 486 respondentem,
625 449 699 486 qua
730 435 1143 491 ὁιαποεσβευσασθαι
1172 437 1262 490 περὶ
1293 437 1606 506 κοινοπραγίας,
1636 439 1738 477 συλ-

277 495 419 533 >alth
449 493 537 543 περὶ
569 509 655 532 son
659 509 792 547 0710022
796 510 882 543 ιας,
927 493 1220 547 κοιιοπραγιάν
1253 490 1490 532 συνθέσθαι
1516 495 1740 543 frequenter

280 557 453 601 usurpat.
483 549 569 586 vid.
597 550 798 591 L.X1.1.
829 559 868 588 et
887 551 975 589 XV.
1002 553 1075 591 90.
1106 550 1310 589 XV1.37.
1340 549 1739 591 XV111.14.W1-:ss.

401 608 473 647 10
504 608 574 646 10.
605 602 678 653 Ως
700 607 767 646 καὶ
787 605 982 647 Πυθῶὸέ
998 621 1114 653 τινας
1131 604 1312 658 ineptus&
1325 605 1343 659 ]
1372 606 1505 676 Longe
1523 609 1742 656 praestabat

281 658 341 710 ὥς
357 662 449 710 καὶ,
478 663 577 711 quod
600 677 705 701 suam
734 666 775 701 in
798 665 925 701 sedem
946 666 1112 701 restitui.
1158 663 1349 703 Πιθωὸε
1379 662 1551 716 πέμπειν
1574 665 1740 702 inferius

281 734 316 759 c.
340 721 415 761 49.
447 721 636 768 recurrit,
665 722 971 769 explicatumque
998 723 1093 758 alias
1122 727 1191 758 est.
1222 721 1357 757 Wssss.

398 778 470 816 10.
499 779 573 816 22.
605 776 690 815 Καὶ
709 775 786 829 τὴν
811 777 943 830 κρίσιν
975 774 1346 829 ἀναβαλλομένου]
1384 777 1487 814 Vero
1516 776 1643 813 adfine
1661 789 1741 815 non

279 832 327 870 fit
345 835 443 870 viris
473 833 734 881 doctissimis,
759 835 945 872 iudicium
964 833 1036 872 hoc
1066 840 1152 882 post
1176 835 1317 870 bellum
1338 832 1597 870 Cadusianum
1617 834 1742 871 fuisse

282 889 463 926 dilatum:
500 896 636 939 putant
664 903 712 926 ex
734 897 1025 942 strategemate,
1057 903 1130 939 quo
1163 889 1377 927 Teribazus
1401 904 1532 940 regem
1561 903 1606 927 eo
1637 891 1739 927 bello

281 958 457 983 servasse
477 946 642 983 traditur
663 946 762 996 apud
780 949 882 985 Plut.
903 949 1108 984 Artaxerx.
1130 961 1165 997 p.
1192 948 1344 994 1023.‚
1372 949 1475 984 clare
1495 953 1648 998 patere,
1673 961 1740 984 re·-

280 1002 400 1039 diisse
421 1005 494 1039 iam
517 1010 597 1039 tum
625 1006 666 1040 in
688 1007 792 1055 regis
816 1008 990 1055 gratiam.
1031 1004 1072 1041 ld
1097 1006 1263 1053 speciem
1293 1005 1471 1054 praefert.
1512 1002 1589 1040 Sed
1613 1006 1645 1041 si
1666 1004 1742 1041 Ar-

278 1065 461 1096 taxerxes
485 1058 740 1108 Teribazum,
770 1069 969 1110 postquam
992 1061 1224 1109 proditionis
1241 1061 1624 1098 crimine-absolutus
1645 1067 1742 1109 erat,

281 1118 439 1152 summis
458 1115 668 1153 honoribus
689 1121 964 1164 cumulaverit,
991 1126 1032 1154 ut
1053 1131 1085 1154 c.
1110 1120 1126 1157 *l
1144 1120 1181 1157 l.
1211 1131 1232 1154 a
1253 1117 1427 1155 Diodoro
1446 1117 1625 1166 docetur,
1650 1131 1742 1155 reus

277 1172 355 1209 fuit
375 1173 475 1209 bello
498 1172 737 1211 Cadusiano:
766 1182 846 1212 tum
876 1177 980 1212 enim
999 1174 1213 1212 humillima
1233 1181 1314 1211 erat
1339 1175 1565 1212 conditione
1587 1181 1625 1211 et
1648 1187 1743 1211 con-

277 1235 432 1266 temtuS.
474 1225 581 1268 Τότε
599 1228 770 1269 ταπεινὰ
792 1227 984 1283 πράττων
1005 1231 1072 1269 καὶ
1093 1227 1394 1283 περιορώμξιός
1424 1230 1653 1268 Plutarchus
1673 1236 1739 1271 ait.

278 1285 378 1323 Vide
399 1292 526 1323 tamen
549 1285 605 1322 Cl.
637 1286 935 1337 Barbeyracium
956 1287 1057 1324 Hist.
1088 1287 1205 1324 Foed.
1227 1288 1270 1326 P.
1297 1287 1323 1325 Ι.
1354 1302 1388 1338 p.
1414 1290 1518 1328 191.
1548 1287 1685 1325 WVESS.

398 1344 470 1383 10.
498 1344 571 1382 34-
603 1339 868 1396 Παραδόξοις
898 1344 1126 1391 ἕξοσιοῦται
1150 1342 1225 1396 τὴν
1247 1341 1428 1395 ἅλωσιν]
1459 1344 1537 1381 Pro
1559 1343 1742 1391 ἕξοσιοῢ-

277 1411 347 1438 ται
368 1400 556 1436 substitue
580 1400 774 1438 adiectum
804 1404 845 1438 in
865 1402 1040 1452 margine
1070 1400 1298 1448 ἐξωθεῖται.
1322 1400 1458 1438 RHOD.
1501 1402 1743 1438 Praeferrem

278 1462 317 1492 et
338 1469 410 1506 ego
432 1455 661 1504 ἐξωθεῖται,
687 1459 720 1495 si
740 1459 804 1495 vel
824 1471 924 1495 unus
945 1471 1117 1494 meorum
1139 1457 1257 1494 codd.
1278 1459 1317 1494 id
1340 1459 1540 1507 probaret:
1566 1460 1609 1495 in
1630 1464 1741 1495 tanto

277 1524 373 1549 vero
395 1525 584 1549 consensu
605 1526 685 1550 non
705 1514 842 1553 audeo.
876 1514 958 1552 Nec
979 1517 1103 1564 placet
1124 1521 1252 1551 tamen
1274 1513 1502 1561 ἕξοσιοῦται
1524 1515 1742 1562 admodum,

277 1579 467 1617 nusquam
489 1571 605 1607 simili
629 1577 816 1618 potestate
836 1574 1080 1618 instructum,
1113 1572 1214 1620 quod
1237 1571 1390 1619 quidem
1411 1572 1609 1619 recordor,
1639 1585 1661 1608 a
1681 1585 1742 1608 me

275 1633 484 1673 repertum.
504 1624 773 1679 Ξ-1ᾳοσιοῦται
794 1629 958 1665 fortasse
982 1630 1138 1665 tolerari
1157 1635 1300 1678 posset,
1324 1631 1358 1667 si
1378 1631 1419 1666 in
1439 1631 1604 1666 vetustis
1623 1641 1744 1665 mem-

277 1680 413 1719 branis
436 1690 548 1719 essct.
580 1683 709 1732 ltaque
730 1685 988 1733 ampliandum
1012 1698 1163 1722 censeo.
1190 1685 1326 1724 VVESS.

398 1741 469 1779 10.
501 1740 574 1780 38.
606 1738 819 1791 Δεκαετὴς
847 1739 993 1791 agedon)
1016 1738 1308 1808 γεγιειημείὈς]
1341 1739 1542 1779 Consentit
1561 1740 1632 1778 hac
1656 1742 1742 1792 qui-

280 1794 367 1832 dem
396 1802 503 1845 parte
535 1796 692 1834 Isocrat.
723 1796 845 1848 Evag.
877 1810 912 1846 p.
937 1799 1045 1837 295.
1095 1794 1315 1866 Edwopa.
1324 1796 1367 1837 δὲ
1400 1794 1641 1850 πολεμησας
1673 1797 1742 1851 ἐτη

278 1849 401 1899 δέκα,
432 1854 516 1891 τῶν
538 1850 676 1892 αὐτῶν
697 1849 837 1902 κύριον
870 1853 1105 1901 κατέὶιπεν,
1135 1853 1267 1905 ὧνπερ
1292 1846 1343 1905 ἦν
1368 1853 1436 1894 καὶ
1467 1869 1563 1907 πριν
1595 1854 1650 1901 εἷς
1670 1852 1744 1894 τὸν

275 1904 461 1959 πόλεμον
489 1908 593 1948 εἷσε)
598 1912 705 1949 θεΐι.
746 1909 791 1946 In
813 1913 950 1947 ceteris
977 1924 1056 1947 non
1079 1914 1182 1948 item.
1219 1910 1363 1948 Noster
1396 1914 1474 1958 ait,
1507 1911 1655 1949 duobus
1676 1925 1744 1962 po-

277 1966 469 2001 tissimum
498 1968 633 2012 annis,
665 1967 825 2015 reliquis
858 1968 901 2003 in
932 1974 1116 2016 apparatu
1148 1970 1383 2014 consumtis,
1421 1968 1564 2004 bellum
1587 1971 1743 2016 arsisse,

280 2032 401 2068 eoque
430 2024 611 2071 temporis
642 2023 850 2059 intervallo
880 2025 1012 2060 navali
1043 2025 1186 2073 praelio
1213 2026 1360 2061 victum
1390 2024 1610 2075 Evagoram
1641 2026 1747 2062 intra

281 2076 517 2114 Salaminem
538 2079 657 2115 fuisse
681 2080 918 2118 conclusum.
950 2081 999 2116 At
1021 2079 1209 2117 Isocrates
1230 2081 1422 2131 Panegyr.
1451 2094 1485 2131 p.
1513 2082 1615 2122 101.
1653 2095 1742 2118 sex-

278 2139 363 2170 tum
388 2136 469 2170 eius
490 2135 581 2171 belli
600 2147 766 2181 annum,
797 2148 883 2173 cum
905 2139 1116 2173 orationem
1145 2150 1228 2173 eam
1259 2137 1466 2184 scriberet,
1493 2141 1617 2185 verti,
1648 2140 1745 2176 iam-

281 2201 355 2238 que
372 2189 594 2241 Evagoram
612 2192 810 2228 maritimo
833 2195 1042 2229 certamine
1076 2200 1293 2242 superatum
1315 2195 1430 2230 rebus
1450 2197 1626 2246 angustis
1648 2208 1744 2243 esse,

280 2247 499 2296 significat:
534 2248 599 2284 cui
625 2248 760 2285 eadem
791 2254 1017 2298 tempestate
1046 2251 1199 2288 viventi
1229 2263 1297 2286 cur
1328 2251 1482 2288 tandem
1509 2264 1590 2289 non
1614 2264 1745 2289 acces-

280 2301 396 2339 sero?
433 2304 480 2340 lv
484 2314 568 2343 Ε55.

399 2362 469 2400 10
494 2362 569 2401 46.
596 2356 694 2416 ’'Eyg
698 2375 730 2400 ω
751 2376 869 2413 natam]
891 2357 1146 2414 πραγμάτων
1165 2368 1238 2399 etc.
1247 2361 1260 2413 ]
1290 2362 1376 2400 Hoc
1400 2376 1550 2414 quoque
1569 2366 1656 2403 loco
1678 2365 1742 2404 vi-

281 2413 392 2451 detur
411 2417 621 2454 desiderari
638 2417 710 2456 οἱ]
730 2424 817 2466 post
837 2416 868 2469 ἕ)
872 2433 950 2456 ιω.
976 2431 1070 2466 quae
1092 2422 1249 2456 omissio
1268 2423 1400 2458 nescio
1421 2434 1470 2458 an
1490 2423 1672 2469 librariis,
1695 2436 1745 2459 an

278 2469 445 2509 Diodori
468 2473 638 2510 idiomati
658 2474 864 2510 tribuenda
887 2477 949 2511 sit.
981 2474 1048 2512 Sic
1069 2482 1108 2511 et
1129 2490 1164 2525 p.
1181 2477 1289 2516 475.
1311 2475 1378 2516 ευ)
1384 2473 1529 2544 αβηθη
1550 2494 1609 2530 μη
1632 2493 1744 2526 ποτε,

278 2540 351 2577 pro
373 2544 404 2567 ε
401 2526 591 2581 ἰλαβιῖθη
613 2523 685 2568 οῗψ
705 2545 762 2581 μη
787 2545 898 2569 ποτε.
927 2533 990 2568 vel
1020 2528 1236 2597 ειὶαβηὶὶη
1262 2530 1339 2587 >cio
1358 2530 1416 2585 μή
1442 2550 1556 2575 ποτε.
1588 2534 1745 2573 STEPH.

402 2587 470 2626 10.
508 2587 582 2627 48.
634 2583 748 2624 Ἐπεὶ
780 2584 878 2632 τοὺς
918 2602 1036 2640 τριηο
1042 2583 1193 2639 άοχους
1213 2595 1285 2626 etc.
1297 2591 1312 2639 ]
1359 2591 1435 2628 Pro
1476 2590 1559 2630 ἐπει
1597 2604 1743 2640 repono

283 2635 434 2679 ἔπειτα.
479 2641 577 2679 Nam
604 2656 691 2679 cum
720 2640 803 2682 ἐπεὶ
835 2647 980 2681 servari
1006 2658 1084 2680 non
1120 2647 1244 2693 possit
1275 2646 1558 2697 πεποιημένος.
1585 2647 1742 2684 STfflH.

280 2694 439 2734 Forte'‘
415 2713 552 2738 ἔπειτα
576 2697 619 2737 ὁὲ
640 2694 750 2744 τούς.
771 2698 908 2735 Rflon.
940 2700 1027 2738 Non
1049 2702 1277 2752 refragarer,
1297 2705 1330 2739 si
1351 2704 1441 2740 libri
1461 2717 1576 2741 manu
1595 2706 1747 2742 exarati

283 2753 493 2791 edicerent.
522 2756 621 2792 Puto
645 2756 773 2803 ellipsi
792 2757 902 2793 verbi
922 2758 978 2828 12²!
994 2756 1167 2794 Diodoro
1188 2772 1298 2807 posse
1319 2761 1505 2797 succurri.
1543 2758 1652 2800 Ἐπεὶ
1672 2775 1743 2800 πε-

277 2824 502 2862 unuln-:1103
516 2805 794 2864 ἧνροεῖιμιαιιι
816 2825 881 2850 eos·
901 2814 978 2850 sibi
997 2816 1260 2852 concilim-at.
1284 2829 1380 2865 quae
1399 2816 1551 2864 quidem
1569 2816 1696 2855 haud
1686 2831 1746 2855 m-
