1875 3310
411 226 699 258 OECONOMIA
735 225 1007 257 HISTORIAE
1043 227 1268 258 DIODORI.
1373 227 1561 261 CLXXIII
1605 257 1612 260 .

105 321 362 365 atrocissima,
389 322 544 357 tandem
562 322 707 358 sedata.
745 332 776 359 c.
793 320 850 359 48.
895 321 1028 367 Pydna
1045 323 1084 357 in
1099 322 1294 368 Archelai,
1318 326 1421 369 regis
1437 325 1564 360 Mace-

105 379 241 412 donum
256 403 267 421 ,
307 383 537 423 potestatem
559 379 742 423 wedacta,
783 380 991 415 auxiliante
1019 380 1270 417 Theramene.
1336 383 1434 416 Tum
1470 394 1563 418 vero

104 436 246 468 classes
265 436 311 469 ab
329 441 489 481 utraque
508 440 615 480 parte
634 441 850 471 contractae
866 437 913 471 ad
930 438 1113 482 proelium
1129 448 1170 471 se
1188 441 1334 482 parant,
1367 438 1563 474 Lacedae-

105 493 219 526 monii
246 494 345 526 circa
370 495 547 537 Cyzicum
571 491 708 536 duplici
735 494 880 538 proelio
906 494 953 528 ad
978 496 1276 529 internecionem
1302 497 1426 538 caesi,
1457 499 1563 542 pacis

105 550 341 585 conditiones
370 550 558 592 offerunt3
589 549 658 585 sed
679 550 928 586 Athenienses
952 561 1083 597 pacem
1111 554 1282 598 accipere
1306 559 1496 591 recusant.
1530 565 1564 589 c.

101 607 196 645 49-—
210 609 267 643 53.

194 663 291 701 Ann.
315 663 350 701 4.
394 663 508 699 Redit
523 663 716 699 Diodorus
733 664 781 698 ad
796 663 937 698 bellum
957 664 1270 710 Carthaginiense
1291 667 1330 700 in
1348 666 1477 701 Sicilia
1498 678 1563 712 ge·

105 725 216 755 stum.
260 722 449 756 Miserunt
475 721 808 766 Carthaginienses
828 722 1081 756 Hannibalem
1109 733 1191 756 cum
1219 723 1340 758 classe
1365 727 1405 758 et
1431 726 1561 767 copiis.

103 778 178 813 llic
196 780 429 813 Selinuntem
447 780 579 814 urbem
597 790 742 814 summa
758 779 794 813 vi
817 783 1020 825 oppugnat,
1043 784 1265 824 captamque
1282 782 1432 815 excidit.
1465 781 1563 815 Mul·

102 837 241 880 tiplicis
268 837 513 870 immanitatis
539 837 577 869 in
606 837 749 871 incolas
779 837 994 881 descriptio.
1036 837 1246 874 c-54—58.
1302 837 1451 873 Deinde
1480 839 1565 882 pari

104 894 329 927 crudelitate
345 895 483 927 saeviit
501 894 540 926 in
558 893 775 937 Himeram,
807 894 934 928 furore
960 904 1142 927 accensus
1161 895 1176 914 ²
1204 893 1250 927 ob
1276 903 1386 928 avum
1414 895 1565 928 Hamil-

104 961 249 992 carem,
279 950 330 983 ibi
352 951 466 994 priori
484 950 584 983 bello
603 951 851 992 trucidatum,
885 956 924 985 et
950 956 1096 995 patrem
1123 951 1357 993 Gesconem,
1396 953 1477 985 eins
1502 963 1564 986 ur·

102 1007 161 1040 bis
180 1017 293 1040 causa
311 1007 350 1040 in
369 1007 521 1040 exilium
539 1007 706 1040 missum.
754 1009 849 1041 Tum
870 1009 1011 1051 praeda
1037 1012 1195 1041 onustus
1215 1007 1479 1052 Carthaginem
1505 998 1564 1042 re-

107 1056 182 1105 dit,
211 1065 344 1099 relicto
371 1069 498 1097 tamen
523 1064 560 1097 in
586 1062 715 1098 Sicilia
740 1065 944 1109 praesidio.
976 1075 1005 1099 c.
1023 1067 1185 1102 59-62,
1214 1085 1260 1090 —-
1289 1066 1566 1108 Hermum-atis,

106 1120 358 1165 Syracusani,
383 1121 528 1155 reditus
546 1121 678 1154 incidit
695 1123 731 1154 in
752 1121 821 1155 hoc
838 1126 998 1166 tempus.
1031 1132 1062 1155 c.
1082 1125 1136 1160 63.

197 1179 289 1212 Inde
307 1179 468 1223 scriptor
487 1178 535 1211 ad
554 1178 645 1211 belli
663 1178 975 1222 Peloponnesiaci
995 1179 1191 1214 historiam
1211 1189 1252 1213 se
1267 1179 1466 1212 convertit.
1508 1179 1563 1212 Ab

104 1233 275 1279 Epheso,
312 1246 420 1280 quam
448 1245 666 1279 oppugnare
692 1236 817 1269 conati
842 1241 947 1279 sunt,
977 1237 1250 1278 Atheniensem,
1284 1236 1377 1270 duce
1396 1235 1565 1280 Thrasy-

104 1291 214 1332 bulo,
248 1294 410 1336 repulsi,
443 1293 609 1326 Lesbum
636 1296 783 1336 petunt.
843 1293 1104 1328 Theramenes
1124 1293 1401 1327 Chalcedonem
1430 1297 1468 1326 et
1489 1293 1565 1337 By-

105 1350 272 1382 zantium
302 1350 469 1392 obsidet,
500 1350 714 1384 Alcibiades
732 1350 969 1384 Pharnabazi
986 1352 1214 1395 provinciam
1244 1351 1441 1394 exspoliat.
1492 1349 1566 1383 La-

107 1407 343 1440 cedaemonii
361 1417 452 1441 vero
470 1408 603 1452 Pylum
620 1412 860 1452 recuperant,
887 1419 974 1442 mox
993 1408 1172 1442 Nisaeam
1192 1411 1230 1441 et
1247 1407 1378 1440 Chium
1394 1407 1567 1450 capiunt;

105 1463 154 1495 ad
175 1461 451 1497 chalcedonem
467 1469 593 1498 autem
614 1465 758 1508 proelio
782 1466 1002 1507 vincuntur,
1032 1466 1172 1499 amisso
1192 1465 1424 1509 Hippocrate
1453 1464 1569 1507 impe-

105 1524 245 1555 ratore.
292 1521 506 1555 Alcibiades
534 1523 572 1554 in
597 1522 888 1566 Hellespontum
918 1526 957 1557 et
982 1521 1257 1556 Chersonesum
1286 1521 1568 1566 expeditionem

105 1578 281 1621 suscipit,
307 1578 443 1612 deinde
461 1579 600 1612 iunctis
619 1580 737 1623 copiis
755 1589 837 1613 cum
856 1578 1096 1613 Theramene
1115 1577 1345 1625 Byzantium
1365 1581 1570 1623 oppugnat,

106 1643 265 1681 eamque
283 1635 416 1670 urbem
431 1637 471 1671 in
485 1636 601 1672 fidem
618 1638 765 1682 recipit.
802 1647 834 1670 c.
849 1635 1013 1674 64-67.

669 1726 701 1762 O
711 1727 752 1773 ly
760 1737 838 1772 ηιμ.
860 1726 994 1763 XCIII.

198 1803 295 1838 Αηη.
318 1807 351 1841 1.
396 1803 488 1839 Post
506 1807 563 1840 tot
575 1814 638 1840 res
654 1807 852 1852 praeclare
867 1809 998 1852 gestas
1014 1803 1298 1839 Atheniensium
1317 1803 1569 1848 imperatores

106 1872 190 1896 cum
218 1863 339 1896 classe
367 1863 498 1907 spoliis
523 1868 659 1897 onusta
683 1863 850 1899 Athenas
877 1864 1187 1908 proficiscuntur,
1228 1862 1363 1896 relicto
1389 1861 1571 1905 Byzantii

107 1920 312 1966 praesidio.
362 1909 543 1953 Alcibiadi
563 1921 633 1954 soli
651 1932 835 1954 summum
853 1921 1051 1965 imperium
1068 1919 1259 1954 traditum.
1313 1919 1406 1951 Eius
1432 1918 1471 1950 in
1496 1918 1569 1950 An-

108 1977 236 2019 drum,
270 1979 368 2018 Con,
406 1976 577 2011 Rhodum
604 1979 811 2021 expeditio.
843 1981 943 2014 c.68.
968 1978 1024 2014 60.
1072 1974 1367 2008 Lacedaemonii
1385 1975 1422 2006 in
1443 1974 1570 2007 locum

106 2034 274 2068 Mindari
298 2034 531 2068 substituunt
553 2034 793 2078 Lysandrum
808 2058 818 2076 ‚
848 2034 910 2079 qui
939 2033 1102 2078 undique
1133 2042 1249 2065 novas
1268 2032 1395 2075 copias
1413 2031 1571 2074 colligit,

110 2092 348 2136 classemque
373 2096 500 2136 auget.
547 2091 690 2126 Persae
714 2092 856 2125 auxilia
879 2094 917 2124 et
935 2092 1113 2134 pecunias
1129 2088 1325 2133 praebent.
1361 2098 1391 2121 c.
1409 2090 1466 2124 70.
1511 2088 1571 2120 In-

108 2150 187 2182 scio
207 2152 246 2182 et
263 2149 379 2182 invito
397 2149 591 2182 Alcibiade
606 2147 811 2184 Antiochus
830 2158 992 2191 pugnam
1014 2148 1189 2181 navalem
1207 2145 1304 2189 apud
1318 2144 1471 2179 Notium
1490 2145 1573 2177 init.

109 2205 405 2239 Lacedaemonii
431 2207 607 2240 victores.
652 2206 797 2240 Eodem
822 2209 993 2248 tempore
1020 2205 1130 2249 Agis,
1160 2214 1226 2236 rex
1246 2201 1575 2236 Lacedaemonio-

107 2273 213 2304 rum,
244 2264 405 2296 Atticam
431 2263 588 2302 invadit.
617 2273 647 2299 e.
665 2265 722 2299 71.
744 2264 801 2297 72.
846 2261 1050 2302 Alcibiadi,
1084 2259 1130 2294 ob
1150 2261 1326 2300 Cumani,
1352 2260 1494 2292 sociam
1511 2269 1573 2292 ur-

108 2319 218 2361 bem,
242 2319 482 2362 infestataffi,
506 2321 657 2365 aliaque
681 2319 857 2361 crimina,
883 2318 1081 2362 imperium
1101 2317 1343 2361 abrogatum:
1378 2325 1450 2360 quo
1469 2314 1571 2348 facto

110 2381 244 2421 sponte
270 2378 307 2410 in
325 2376 526 2411 Thraciam
554 2378 594 2411 in
623 2377 799 2412 exsilium
820 2376 910 2409 abit.
955 2375 1159 2419 Imperium
1176 2376 1277 2408 inter
1293 2372 1330 2406 X
1350 2372 1466 2406 duces
1481 2372 1574 2405 divi-

111 2446 205 2468 sum.
246 2445 274 2468 c.
291 2437 347 2471 73·
371 2433 428 2470 74-

201 2496 218 2511 ⁴
241 2491 476 2525 Adiiciuntur
493 2500 618 2524 rerum
639 2489 796 2523 aliarum
817 2490 992 2523 notitiae:
1019 2488 1177 2533 Synoris
1199 2496 1296 2520 nunc
1315 2487 1476 2529 primum
1493 2495 1573 2519 cer-

111 2549 314 2582 taminibus
339 2548 569 2592 Olympiacis
595 2547 756 2582 adiecta.
823 2546 1040 2588 Plistonax,
1075 2556 1143 2580 rex
1169 2543 1573 2584 Lacedaemoniorum,

110 2607 291 2641 moritur:
315 2605 484 2640 succedit
499 2590 718 2639 P‘ausanias.
765 2605 809 2638 In
825 2604 950 2638 insula
967 2603 1099 2639 Rhodo
1117 2606 1197 2638 tres
1214 2600 1386 2635 civitates
1402 2600 1441 2634 in
1459 2608 1572 2633 unam

160 2762 163 2767 '
206 2780 226 2814 1
257 2776 361 2811 conf.
383 2776 536 2820 naxl,
561 2778 668 2814 mee.
701 2774 804 2818 xm,
826 2786 856 2810 c.
869 2772 927 2814 43.
