1891 3310
320 187 394 217 DE
426 185 736 216 FON'I'IBUS
773 184 937 215 ulsT.
974 183 1259 214 DIODORI.
1371 185 1532 217 CXXIII

73 294 136 318 ros
164 287 310 318 meatus
341 285 539 326 serpentes
565 280 613 314 ad
646 285 793 315 certum
821 280 986 326 aliquem
1014 279 1164 313 alveum
1198 288 1381 314 revocare
1405 281 1534 325 licuit3

75 342 249 374 rescissis
285 340 382 372 enim
412 349 457 371 ac.
491 340 645 377 reiectis
674 348 854 373 vanarum
885 338 1101 381 opinionum
1133 336 1327 377 ludibriis,
1369 338 1535 381 disputa-

73 397 239 434 tionibus
272 398 416 441 argutis
447 396 617 440 quidem,
650 397 752 439 ipsas
786 399 911 427 tamen
949 404 1075 428 rerum
1111 397 1266 426 naturas
1296 392 1394 427 haud
1421 395 1534 427 attin-

73 453 269 496 gentibus,
302 455 539 497 maximcque
575 454 731 486 remotis
765 453 831 493 iis,
865 461 962 495 quae
993 450 1039 484 ab
1066 449 1279 489 hominum,
1319 454 1531 494 temporum

74 513 114 543 et
143 511 367 553 scriptorum
404 510 550 550 indole,
585 511 688 550 xixa,
720 519 859 550 sensu,
888 512 975 541 sunt
1007 508 1152 556 aliena,
1192 507 1313 540 omnis
1349 507 1531 540 historiae

73 567 371 612 literaturaeque
398 568 575 611 antiquae
599 576 717 609 penus
743 565 982 609 paucioribus
1006 565 1179 610 quidem,
1203 568 1244 597 at
1268 567 1374 597 tanto
1402 564 1533 597 melio·

72 623 198 664 ribus,
240 625 465 658 certioribus
504 629 543 658 et
585 623 800 657 utilioribus
844 624 968 666 coepit
1008 623 1139 666 opibus
1185 630 1269 655 esse
1307 621 1536 661 instructum

73 680 213 713 redibit
252 682 306 714 ita
345 680 527 724 antiquior
571 678 722 714 eruditio
764 678 812 712 ad
854 689 1049 713 numerum
1088 681 1233 714 certum
1271 687 1414 716 rernm,
1461 687 1536 710 non

74 736 280 780 opinionum
321 749 366 772 ac
401 738 682 783 disputationmn
722 736 863 770 levium
909 740 948 769 et
977 736 1184 777 inutilium,
1227 735 1267 767 et
1310 733 1534 767 habebimus

74 793 274 829 doctrinam
307 796 472 839 aliquam
503 795 577 828 sitis
599 792 739 839 finibus
772 791 1099 838 circumscriptam,
1133 794 1236 827 intra
1269 801 1364 835 quos
1402 790 1535 823 sedem

76 850 196 895 figere
228 857 268 886 et
300 851 472 888 habitare
506 854 649 898 possis,
681 860 765 884 cum
805 850 927 885 adhuc
959 850 1157 896 quaerenti
1187 859 1299 882 nemo
1333 847 1446 881 facile
1479 857 1538 881 re-

76 909 264 952 spondere
299 911 437 954 possit:
478 920 588 955 quam
633 908 711 941 late
754 907 909 942 tandem
943 910 1076 954 pateat
1119 907 1314 942 doctrinae
1357 905 1537 950 antiquae

79 965 204 1006 orbis,
237 970 276 999 et
300 976 394 1011 quae
422 968 472 1000 sit
495 965 730 1011 antiquitatis
756 963 928 999 doctrina
953 964 1136 1010 encyclia.

171 1023 288 1068 Urget
309 1028 435 1057 autem
461 1024 669 1056 nec-essitas
697 1022 779 1055 eius
812 1023 868 1057 rei
892 1025 998 1057 tanto
1023 1022 1199 1066 gravior,
1234 1029 1308 1064 quo
1334 1019 1456 1064 magIs
1479 1019 1541 1052 in·-

79 1086 220 1124 gruunt
261 1090 308 1114 ea
348 1085 542 1124 tempora,
583 1079 719 1123 quibus
760 1079 798 1111 in
831 1080 959 1123 aprico
994 1083 1072 1119 est,
1115 1077 1308 1111 conversis
1347 1075 1540 1110 hominum

82 1139 217 1171 animis
247 1137 294 1170 ad
320 1137 537 1180 disciplinas
564 1135 851 1170 mathematicas
872 1147 917 1171 ac
943 1135 1140 1181 physicaS,
1177 1143 1260 1167 cum
1285 1135 1387 1167 vitae
1411 1134 1541 1167 usibus

81 1199 120 1228 et
145 1193 433 1229 necessitatibus
467 1194 583 1228 multo
611 1195 732 1238 magis
758 1193 996 1234 coniunctas,
1029 1201 1139 1238 quam
1165 1190 1441 1235 disputationes
1465 1200 1541 1223 me-

82 1251 300 1296 taphysicas
333 1261 378 1284 ao
411 1250 602 1284 literni-ias
635 1258 674 1285 et
706 1251 963 1295 antiquariae»,
998 1250 1169 1295 inprimis
1203 1248 1342 1282 finibus
1376 1249 1542 1281 omnium

81 1309 279 1342 literarum
314 1309 350 1341 in
382 1308 604 1340 immensum
641 1309 875 1352 prorogatis,
906 1308 1039 1351 patriis
1071 1316 1218 1352 quoque
1252 1305 1377 1338 literis
1415 1305 1545 1340 excul—

83 1367 154 1406 tis,
187 1367 383 1410 patrioque
418 1374 593 1398 sermone
620 1365 809 1409 expolito,
840 1363 924 1398 fieri
952 1375 1023 1398 non
1054 1374 1185 1407 posse,
1223 1363 1312 1407 quin
1351 1360 1541 1395 literarum

82 1420 314 1466 antiquet-am
345 1420 463 1455 studia
496 1421 624 1455 sensim
642 1421 872 1468 ji·1’gescunt‚
903 1423 1060 1467 ipsoque
1095 1421 1272 1465 neglectu
1297 1429 1341 1453 ac
1364 1420 1439 1453 situ
1464 1423 1544 1452 tan-

85 1480 170 1513 dem
206 1484 452 1520 exarescant,
487 1480 792 1525 quandoquidem
824 1489 900 1513 una.
936 1489 983 1514 ex
1016 1483 1124 1523 parte
1151 1489 1223 1520 ea,
1259 1487 1356 1523 quae
1383 1487 1545 1510 commu·
1572 1504 1578 1511 .

86 1538 186 1571 niter
209 1538 318 1574 utilia
343 1547 387 1570 ac
421 1539 638 1571 necessaria
664 1541 773 1579 sunt,
808 1537 903 1570 satis
927 1540 1016 1570 sunt
1040 1537 1215 1580 exposita
1244 1539 1283 1569 et
1305 1535 1342 1568 in
1368 1534 1546 1577 vulgares

85 1595 218 1628 literas
261 1594 555 1639 popularemque
596 1595 874 1629 institutionem
905 1593 1092 1634 admissa,
1131 1603 1178 1627 ex
1202 1597 1310 1637 parte
1338 1591 1460 1625 altera
1483 1591 1548 1625 hu-

90 1653 283 1686 manitatis
317 1652 356 1685 et
387 1653 624 1696 antiquitatis
662 1651 788 1685 studia
820 1652 919 1686 adeo
951 1652 989 1684 in
1016 1651 1240 1684 immensum
1264 1650 1393 1684 orbem
1420 1659 1548 1684 excre-

87 1711 229 1751 verint,
263 1713 306 1742 ut
337 1709 490 1743 difficile
525 1710 576 1742 sit
608 1709 676 1743 ulli
707 1708 869 1752 homini,
916 1709 1030 1742 etiam
1063 1709 1144 1740 vita
1174 1708 1326 1751 integra
1363 1705 1451 1740 huic
1481 1709 1547 1741 uni

88 1767 213 1801 studio
248 1771 491 1807 consecrata,
529 1771 651 1800 totum
687 1776 857 1812 campum
890 1770 929 1800 et
970 1766 1151 1799 ambitum
1188 1764 1349 1798 emetiri.
1403 1761 1548 1797 Partim

88 1827 236 1870 itaque,
268 1824 470 1868 desperato
503 1834 698 1865 successu,
736 1825 906 1868 inprimis
940 1825 1053 1857 nuliis
1085 1823 1179 1856 satis
1219 1821 1343 1865 dignis
1368 1823 1548 1866 praemiis

90 1886 221 1915 tantae
265 1892 406 1925 operae
450 1882 684 1923 constitutis,
725 1883 949 1916 omittentur
990 1880 1086 1915 haee
1126 1880 1371 1913 humanitatis
1412 1879 1548 1922 studia,

91 1940 228 1983 partim
252 1939 341 1972 inde
368 1938 548 1972 nonnulla
571 1942 716 1971 tantum
746 1938 908 1973 delibari
934 1942 973 1973 et
999 1938 1113 1973 ssores
1139 1938 1239 1972 forte
1268 1936 1421 1980 decerpi
1447 1937 1550 1971 vide-

91 1998 224 2031 bimuS.
273 1996 381 2036 Quod
413 1997 444 2028 si
479 1997 596 2040 igitur
631 1996 868 2040 antiquitatis
910 1996 1057 2037 studio,
1099 2005 1173 2040 quo
1211 2005 1282 2028 nec
1315 2004 1446 2029 sacrae
1481 2005 1552 2029 nec

93 2053 275 2098 profanae
305 2054 462 2094 literae,
498 2054 569 2086 nisi
593 2062 738 2086 summo
763 2063 845 2086 cum
871 2053 1100 2088 detrimento
1120 2062 1210 2094 suo,
1233 2061 1364 2085 carere
1383 2056 1553 2096 possunt,

92 2111 294 2154 providere
326 2111 520 2152 volumus,
553 2114 672 2143 satius
708 2111 781 2144 crit
815 2113 854 2144 et
891 2111 1119 2151 consultius,
1158 2109 1292 2143 eiectis
1327 2110 1553 2154 quisquiliis,

92 2169 199 2201 tricis
227 2177 271 2200 ae
302 2168 440 2212 spinis,
473 2167 666 2201 fructuosa
698 2169 889 2210 retinere,
920 2178 1051 2201 veram
1079 2177 1123 2201 ac
1157 2170 1301 2201 certam
1326 2176 1452 2200 rerum
1478 2167 1555 2198 uti-

94 2225 187 2258 lium
227 2234 364 2268 penum
401 2235 558 2269 parare,
602 2225 736 2258 inanes
777 2226 1036 2266 coniecturas,
1085 2225 1352 2264 ariolationes‚
1397 2223 1552 2256 inutiles

97 2283 374 2326 disputationes
408 2286 447 2315 et
481 2283 679 2326 opiniones
708 2291 907 2323 resecare,
946 2281 1180 2326 hypotheses
1210 2289 1328 2316 vanas
1355 2290 1401 2313 ex
1434 2281 1553 2314 nostri

100 2341 205 2381 aevi,
244 2339 370 2380 vitae,
409 2339 625 2381 literarum,
666 2349 780 2373 sensu
816 2343 855 2373 et
888 2339 1014 2373 indole
1047 2340 1085 2372 in
1115 2340 1377 2385 antiquitatem
1409 2340 1555 2370 temere

99 2397 248 2435 illatas,
274 2396 351 2427 suis
373 2396 590 2429 auctoribus
615 2397 832 2436 remittere,
866 2406 936 2429 nec
962 2397 1032 2429 nisi
1057 2397 1336 2441 simplicissima
1373 2405 1417 2427 ac
1441 2395 1557 2427 veris-

102 2455 198 2488 sima
230 2462 421 2496 quaeque,
462 2453 508 2486 de
547 2453 682 2498 quibus
721 2453 864 2497 liquido
897 2457 1066 2494 constat,
1105 2455 1319 2487 admittere.
1365 2452 1558 2495 Appositis

103 2511 273 2556 proximo
317 2510 420 2549 loco,
459 2511 640 2543 seiunctis
681 2515 807 2543 tamen
848 2511 919 2551 iis,
969 2521 1065 2556 quae
1105 2515 1250 2544 tantum
1292 2508 1557 2554 probabilitate

105 2570 232 2613 aliqua
266 2576 312 2599 ex
346 2567 583 2610 antiquorum
619 2566 808 2600 hominum
841 2576 887 2599 ac
912 2570 1122 2611 toniporum
1153 2577 1267 2601 sensu
1299 2566 1413 2599 (lucta
1438 2566 1559 2598 nitun-

106 2631 188 2666 tur,
221 2624 512 2658 memorabimus
538 2634 605 2665 ea,
641 2634 736 2668 quae
762 2633 852 2657 vere
882 2625 1038 2667 antiqua
1072 2628 1160 2657 sunt
1186 2628 1226 2658 et
1248 2623 1455 2663 habentur,
1484 2633 1559 2656 non

108 2686 235 2716 nutem
271 2693 367 2726 qnae
400 2689 467 2723 pro
503 2690 572 2713 sua
607 2682 763 2724 quisque
788 2680 1015 2714 ariolatione
1046 2683 1202 2724 antiqua
1227 2677 1345 2713 fuisse
1374 2679 1561 2723 opinatur.

109 2739 217 2772 Haec
246 2737 416 2782 equidem
443 2735 761 2782 tanquamfuturi
778 2735 950 2780 providus
977 2747 1133 2782 auspex,
1159 2738 1205 2770 ab
1232 2738 1331 2770 enini
1356 2736 1443 2770 inde
1470 2742 1562 2773 tem,

114 2807 224 2839 pore,
253 2805 299 2829 ex
336 2805 408 2838 quo
443 2795 481 2827 in
517 2794 574 2826 his
607 2794 740 2828 studiis
774 2793 960 2834 habitavi.
999 2799 1087 2828 ante
1122 2795 1252 2828 oculos
1282 2794 1406 2838 posita
1438 2793 1564 2833 habui,
