1891 3310
391 199 683 232 οΕοοΝοΜῐΑ
718 198 996 230 111s'r0R1AE
1032 198 1261 232 Dionom.
1462 184 1557 238 ριν

91 305 129 332 et
148 308 316 334 sororem
330 323 340 340 ‚
361 298 529 332 insulam
541 299 726 341 occupant
742 298 782 331 et
798 295 1070 333 Diamjvocant.
1115 295 1208 332 Post
1227 298 1342 333 Cares
1357 299 1558 346 immigra-

95 362 198 399 runt,
233 365 391 400 quorum
419 364 487 388 rex
515 353 646 387 Naxus
673 364 695 387 a
723 363 765 388 se
792 363 931 387 nomen
953 353 1144 397 imposuit.
1199 353 1360 390 Secutus
1380 361 1558 394 estiiiius

93 413 137 446 l
130 415 330 458 ·ucippus,
358 412 495 445 deinde
519 410 736 452 smerdius,
766 421 840 455 quo
870 415 1056 465 regnante
1079 409 1254 445 Theseus
1283 424 1365 448 cnm
1392 417 1558 452 Ariadne

92 471 259 506 adienit.
295 473 384 513 Cap.
405 471 462 505 51.
506 468 565 509 De
583 467 761 514 Baccho·
747 480 790 501 in
808 468 878 502 hac
894 468 1019 502 insula
1035 462 1177 518 nutrito
1197 473 1236 504 et
1250 470 1434 515 educato,
1456 475 1559 510 unde

93 532 199 580 tanta
217 528 294 560 vini
313 526 426 561 Naxii
446 526 694 571 praestantia.
726 527 813 570 Cap.
833 528 888 562 52.
936 568 939 571 μ

185 584 304 630 Syme.
360 579 479 618 Primi
505 583 654 616 incolae
680 582 775 617 duce
804 581 990 616 Chthonio
1013 581 1218 618 advenere.
1263 582 1413 620 Deinde
1444 588 1561 625 Cares

94 653 176 690 eam
196 632 439 687 occuparunt.
486 640 658 675 'landem
680 640 833 676 Nausus
853 643 892 674 et
911 638 1064 674 Xuthus
1092 651 1210 675 novas
1235 652 1282 678 eo
1305 643 1474 678 colonias
1498 645 1564 680 de.

96 701 297 735 duxerunt.
333 700 423 742 Cap.
443 699 501 733 53.

189 756 352 802 Calydna
378 761 417 790 et
441 753 609 800 Nisyra-<3
661 752 737 788 Eas
757 753 879 799 primo
898 753 1014 787 Cares
1031 753 1295 802 incoluerunt,
1321 757 1462 794 deinde
1480 760 1561 803 Coi,

95 819 180 859 post
198 813 332 846 Rhodii
353 818 424 847 cet
470 813 556 856 Cap
574 809 628 848 54.

187 870 334 904 Rhodus
365 874 405 903 et
433 870 582 903 obiecta
609 867 882 905 Chersonesus,
921 868 1008 912 Cap.
1030 869 1207 905 55--63
1272 869 1444 906 Rhodum
1473 874 1565 909 olim

97 927 300 961 'lelchines
319 928 577 967 incoluerant,
614 925 750 957 artium
776 925 999 966 multarum,
1032 927 1256 969 praesertim
1277 934 1487 965 statuarum
1508 933 1568 965 in-

98 991 297 1027 ventores,
322 988 361 1018 et
380 984 537 1028 magieis
556 982 701 1015 artibus
720 981 907 1014 celebres.
963 981 1164 1025 Neptunus
1181 985 1280 1028 apud
1299 997 1365 1020 eos
1382 988 1567 1024 educatus

99 1053 143 1075 ex
165 1042 279 1074 Halia
297 1041 430 1085 genuit
446 1040 561 1073 liliam
576 1031 761 1080 Rhodum,
780 1038 880 1071 unde
897 1038 1044 1072 insulae
1063 1051 1199 1074 nomen
1219 1043 1450 1087 impositum.
1472 1047 1567 1090 Cap.

97 1102 154 1136 55.
203 1098 425 1140 Telchines,
460 1097 745 1131 inundationem
766 1097 1079 1140 p1·aesagiente3‚
1110 1099 1244 1133 relicta
1266 1101 1412 1144 insula,
1447 1103 1485 1136 in
1514 1103 1569 1136 di-

100 1166 232 1189 versas
251 1159 378 1199 partes
396 1156 584 1190 abierunt.
628 1153 716 1195 Sol,
739 1153 861 1187 Rhodi
879 1163 1010 1187 amore
1031 1159 1182 1200 captus,
1205 1158 1367 1191 insulam
1388 1162 1568 1196 servavit.

99 1213 199 1246 llinc
218 1214 294 1245 nati
315 1213 523 1255 Heliadae3
551 1211 688 1245 Rhodii
704 1212 822 1256 igitur
839 1210 966 1244 Solem
986 1213 1141 1256 generis
1160 1214 1217 1246 sui
1241 1220 1435 1250 auctorem
1454 1228 1570 1252 vene-

100 1275 244 1306 rantur·
280 1272 367 1314 Cap,
386 1273 440 1308 55,
497 1270 687 1303 Heliadae
715 1270 994 1309 astronomiae,
1023 1270 1117 1302 artis
1142 1273 1338 1315 nauticae,
1370 1273 1569 1309 chronolo-

100 1329 187 1372 giae
214 1329 445 1375 inventores.
489 1328 549 1361 De
578 1328 775 1360 literarum
803 1327 1006 1360 et'artium
1032 1336 1100 1369 per
1125 1329 1280 1363 eosdem
1306 1331 1569 1376 divulgatione

102 1384 440 1429 mythologumena
466 1384 711 1419 Graecorum.
754 1384 842 1426 Cap.
868 1385 923 1420 57.
993 1382 1117 1416 Danai
1150 1384 1329 1431 Aegyptii
1369 1394 1407 1422 et
1438 1389 1570 1424 Cadmi

102 1442 302 1476 Phoenicis
323 1443 652 1486 peregrinationes
670 1442 708 1474 in
728 1440 825 1474 hanc
842 1434 1018 1473 insulam.
1065 1440 1293 1486 Serpentes,
1315 1444 1487 1483 Rhodum
1508 1446 1572 1479 de-

101 1504 318 1538 vastantes,
344 1509 366 1532 a
387 1499 601 1532 Phorbante
620 1499 749 1534 deleti.
782 1498 872 1542 Cap.
890 1499 947 1533 53·
994 1497 1278 1543 Althaemenes‚
1300 1503 1440 1544 Cati-ei,
1467 1504 1571 1547 regis

103 1558 339 1592 Cretensium
360 1556 474 1598 filius,
499 1557 622 1600 patria
637 1555 834 1600 profugus,
857 1556 894 1588 in
915 1554 984 1588 hac
1005 1556 1129 1589 insula
1147 1558 1276 1592 sedem
1297 1559 1392 1593 fixit.
1426 1560 1573 1593 Inscius

104 1614 242 1648 ‘occidit
268 1618 427 1658 patrem.
474 1614 591 1648 Paulo
616 1617 705 1647 ante
733 1612 874 1646 bellum
901 1613 1110 1647 Troianum
1137 1614 1382 1661 Tlepolemus
1405 1617 1575 1660 advenit,

106 1677 144 1706 et
162 1673 309 1705 insulae
329 1682 399 1705 rex
419 1674 571 1704 creatus
589 1674 662 1705 est.
706 1671 795 1713 (ζει).
816 1671 873 1708 59.

195 1728 440 1763 Commodum
457 1728 577 1761 visum
591 1751 603 1769 ,
630 1728 742 1761 simul
763 1726 1023 1761 Chersonesum
1046 1725 1200 1770 Cariae,
1234 1737 1254 1763 e
1273 1730 1431 1774 regione
1449 1732 1574 1776 sitam,

106 1786 338 1819 describere.
383 1785 500 1818 Primi
519 1785 667 1819 incolae
684 1786 813 1818 Cares.
858 1785 951 1819 Post
968 1785 1001 1820 V
1020 1787 1179 1819 Curetes
1200 1796 1220 1819 e
1239 1788 1352 1821 Creta
1369 1788 1574 1829 advenere,

107 1845 168 1889 qui
190 1844 350 1876 insulam
370 1844 407 1875 in
424 1844 587 1887 quinque
610 1846 738 1886 partes
756 1842 979 1876 diviserunt.
1024 1842 1116 1876 Mox
1140 1843 1309 1887 Cyrnus,
1345 1844 1474 1879 Inachi
1502 1847 1577 1878 ius-

107 1913 171 1943 su,
204 1900 321 1934 filiam
348 1901 389 1934 Io
411 1905 656 1944 persecutus,
687 1901 725 1933 in
747 1898 818 1933 hac
836 1900 961 1933 insula
979 1909 1138 1943 regnum
1164 1901 1346 1945 obtinuit,
1380 1907 1420 1937 et
1443 1903 1576 1936 urbem

107 1961 271 2003 Cyrnum
301 1959 502 1992 exstruxit.
538 1958 629 2002 Cap.
644 1961 701 1994 60.
750 1958 913 2002 Triopes
932 1955 1004 1989 huc
1021 1958 1201 2002 proiugit.
1235 1960 1322 2004 Cap.
1341 1964 1396 1998 61.
1443 1961 1598 1994 Hemi-

109 2015 242 2057 theae,
275 2016 356 2048 sive
384 2014 695 2061 Molpadiae,1in
723 2015 887 2049 Castabo
912 2014 1039 2048 fanum
1064 2014 1244 2048 inclitum.
1283 2019 1372 2061 Cap.
1388 2021 1445 2054 62.
1491 2019 1602 2062 Ογῐιι-Δ

109 2075 211 2106 nium
228 2073 386 2117 populm
390 2083 449 2105 um
470 2074 678 2107 communis
695 2074 839 2119 pietas,
860 2071 907 2107 ob
924 2071 1096 2106 remedia.
1113 2074 1242 2118 aegris
1259 2074 1298 2107 in
1319 2085 1453 2110 somno
1469 2086 1582 2111 reve-

108 2131 200 2166 lata.
247 2131 337 2173 Cap
355 2131 607 2168 63..
1548 2161 1551 2164 .
1595 2164 1599 2167 ,

204 2186 322 2222 Creta.
370 2189 458 2231 cap.
480 2185 640 2224 64—-80-
673 2157 794 2233 Eteo·
803 2162 937 2221 Cretes
958 2196 988 2223 s,
1005 2185 1264 2233 Aborigenes,
1288 2198 1495 2235 eorumque
1510 2199 1581 2225 rex

111 2246 217 2279 eres.
260 2245 323 2279 Dii
350 2245 522 2290 plerique
549 2245 659 2291 apud
675 2255 742 2279 eos
773 2245 867 2278 nati.
916 2243 1033 2280 Primi
1057 2245 1207 2280 incolae
1228 2246 1333 2281 Idaei
1352 2247 1582 2292 Dactyli,a
1599 2288 1602 2290 ¹

113 2303 248 2348 quibus
287 2300 461 2345 Orpheus
496 2303 682 2346 mysteria
716 2302 861 2336 didicit.
903 2300 1068 2345 Cap-¹64.
1132 2302 1260 2337 Secuti
1293 2310 1382 2338 sunt
1409 2306 1581 2342 Curetes,

113 2362 253 2395 Eorum
280 2360 445 2395 inventa.
490 2360 579 2403 Cap.
594 2360 650 2397 65.
703 2360 783 2394 Iam
801 2360 849 2393 de
867 2359 1028 2403 singulis
1046 2359 1131 2394 Diis
1155 2363 1331 2408 antiquos
1352 2361 1502 2406 mythos
1523 2372 1583 2397 re-

116 2418 205 2455 fert,
253 2417 413 2449 Titanes
433 2422 564 2459 erant,
590 2418 706 2450 Urani
725 2422 765 2451 et
779 2419 925 2465 'l'errae
943 2415 1026 2453 filii,
1073 2416 1272 2452 Saturnus.
1301 2420 1387 2463 Cap.
1405 2421 1459 2457 66.
1501 2420 1602 2464 Hy·-

117 2477 264 2521 perion,
290 2472 451 2509 Latona.
476 2472 739 2508 Prometheus.
761 2474 1029 2518 Mnemosyne.
1051 2473 1220 2512 Themis.
1248 2477 1325 2520 Cap
1356 2479 1411 2514 67.
1451 2475 1585 2518 Vesta,

119 2536 249 2574 Ceres,
270 2541 353 2565 cum
372 2530 656 2574 Proserpina-et
675 2531 923 2576 Triptolemo.
964 2531 1053 2574 Cap.
1071 2533 1128 2569 68.
1178 2533 1283 2573 Quae
1304 2534 1478 2567 diversae
1495 2544 1586 2578 gen-

120 2595 180 2629 tes
198 2591 244 2624 de
266 2591 406 2623 Cerere
426 2588 582 2633 eiusque
604 2587 754 2632 frugum
772 2588 992 2621 inventione
1009 2588 1160 2623 diversa
1176 2590 1343 2627 tradant.
1375 2591 1587 2635 Neptunus.

120 2650 246 2685 Pluto.
277 2649 366 2691 Cap.
385 2647 441 2682 69.
495 2646 683 2691 luppiter-3
715 2645 796 2678 eius
827 2645 975 2678 natales
1003 2647 1042 2678 et
1065 2645 1253 2689 pueritiae
1277 2648 1379 2681 anni.
1425 2649 1586 2692 Cap-70.

123 2709 216 2741 Eius
230 2707 392 2739 virtutes
409 2713 548 2748 resque
566 2704 604 2736 in
622 2703 783 2747 imperio
801 2703 956 2746 egregie
973 2705 1108 2747 gestae
1121 2726 1131 2744 ,
1167 2703 1302 2749 quibus
1327 2705 1476 2739 divinos
1502 2715 1588 2740 con-

124 2768 278 2799 secutus
296 2766 356 2797 est
373 2760 551 2798 honores.
583 2761 671 2806 Cap·
686 2762 744 2798 71.
784 2759 885 2795 lovis
903 2760 1130 2805 cognomina
1147 2765 1187 2795 et
1202 2761 1327 2798 liberi.
1359 2764 1447 2808 Cap.
1460 2765 1516 2801 72.
1540 2780 1587 2789 -·
