1859 3326
291 208 400 241 CCVI
595 203 881 239 QECONOMtA
910 202 1186 235 HISTORIAE
1225 202 1455 235 D10DOR1.

289 307 360 341 der
377 314 471 340 vero
488 313 559 349 per
575 302 818 338 Thessaliam
839 303 877 336 in
894 301 1093 336 Boeotiam
1114 305 1261 342 movet,
1295 301 1358 334 ubi
1377 299 1594 334 Thebarum
1620 299 1764 332 instau-

290 366 478 400 rationem
507 362 682 403 adiuvat3
720 361 856 395 deinde
877 360 1179 402 Peloponnesum
1210 359 1428 402 ingressus,
1464 357 1679 392 Cenchreas
1700 366 1766 390 ex-

291 425 456 467 pugnat,
478 418 757 454 Corinthiorum
778 428 910 462 agrum
932 417 1154 461 populatur,
1179 416 1516 463 Orchomeniorum
1540 415 1671 449 urbem
1697 422 1766 458 per

290 479 544 523 proditionem
565 479 676 521 capit.
719 478 815 510 Tum
837 476 999 509 reditum
1024 479 1131 518 parat
1150 474 1186 506 in
1204 472 1482 507 Macedoniam.
1527 473 1667 506 Postea
1683 472 1767 505 Ale-

292 537 439 570 xander
464 535 518 568 fil.
538 534 872 579 Polysperchontis
891 533 937 565 ab
959 534 1146 575 Antigono
1170 531 1214 564 ad
1235 532 1489 565 Cassandrum
1511 531 1700 564 desciscit.
1721 547 1768 554 --

293 594 525 639 Polyclitus,
552 592 764 626 Ptolemaei
782 590 1009 631 navarchus,
1037 589 1299 631 Theodotum,
1329 591 1505 634 Antigoni
1527 585 1767 629 navarchum‚

294 654 418 697 capit,
448 652 605 694 eiusque
628 651 755 694 copias
773 654 811 682 et
829 649 1028 692 pedestres
1051 652 1089 681 et
1110 647 1265 681 navales
1284 647 1419 682 fundit.
1446 658 1476 684 e.
1501 648 1555 684 63.
1580 645 1636 681 64.

386 720 536 753 Deinde
559 717 749 751 Diodorus
768 717 993 761 perstringit
1012 725 1075 748 res
1103 719 1314 748 memoratu
1341 715 1475 759 dignas
1502 713 1538 745 in
1569 715 1674 756 parte
1694 711 1770 743 Eu—

292 790 410 823 ropae
429 776 654 811 occidentali
674 774 816 812 obvias,
841 774 883 806 ln
903 771 1270 817 SieiliaAgatliocles
1288 776 1421 805 contra
1438 774 1632 816 pactorum
1650 769 1766 802 fidem

293 837 574 871 Messeniorum
602 831 799 865 castellum
830 832 982 876 aliquod
1010 836 1189 874 occupat,
1232 831 1426 874 ipsamque
1461 829 1594 862 urbem
1625 831 1763 872 burgen

293 895 447 930 tandem
464 890 802 936 Carthaginienses
821 889 941 932 ipsum
962 889 1090 922 ablata
1107 890 1312 923 restituere
1336 891 1487 932 cogunt,

386 963 403 980 *
429 960 471 995 ln
490 959 602 993 ltalia
627 956 807 996 Romani,
838 955 941 990 bello
972 957 1009 989 in
1033 955 1223 989 Samnites
1250 955 1443 1000 occupati,
1473 955 1681 990 Ferentum
1712 961 1772 986 ca·

294 1020 415 1065 piunt.
463 1016 644 1053 Nucerini
668 1014 716 1047 ad
734 1013 924 1047 Sanmites
941 1014 1135 1048 deficiunt.
1164 1025 1194 1047 c.
1207 1016 1264 1051 65.

388 1083 484 1118 Αηη.
508 1087 543 1121 3.
588 1080 869 1122 Aristode-mus,
891 1082 1066 1125 Antigoni
1085 1081 1248 1124 legatus,
1267 1078 1422 1113 Aetolos
1441 1077 1488 1111 ad
1510 1076 1772 1112 auxiliandum

294 1144 484 1188 Antigono
512 1141 652 1185 adigit3
685 1139 772 1172 inde
803 1137 995 1182 profectus
1019 1140 1055 1171 in
1075 1139 1377 1182 Peloponnesum
1396 1141 1597 1180 properat,
1631 1140 1669 1169 et
1689 1134 1772 1168 Ale-

294 1202 482 1236 xandrum
512 1200 558 1232 ab
588 1198 785 1232 obsidione
812 1196 989 1240 Cyllenes
1019 1196 1188 1240 depellit.
1248 1194 1396 1227 Relicto
1431 1194 1481 1226 ibi
1510 1193 1702 1238 praesidio
1733 1192 1773 1224 in

296 1259 476 1294 Achaiam
507 1262 644 1292 movet.
685 1249 798 1288 'Tum
827 1256 863 1287 in
894 1254 1080 1287 Aetoliam
1108 1253 1217 1286 redit.
1272 1253 1424 1285 Interea
1453 1251 1668 1286 Alexander
1693 1250 1772 1294 Dy-

299 1328 432 1351 maeos
459 1316 621 1360 subigit3
653 1313 721 1346 sed
746 1314 848 1346 cives
877 1313 1124 1355 superstites,
1157 1311 1322 1354 acceptis
1340 1311 1386 1343 ab
1405 1310 1646 1349 Aristodemo
1661 1308 1774 1340 auxi-

298 1375 383 1416 liis,
409 1374 536 1407 deleto
557 1371 761 1416 praesidio,
786 1370 1004 1403 libertatem
1023 1373 1260 1413 recuperant.
1286 1379 1313 1401 c¹
1334 1372 1390 1406 66.
1435 1368 1527 1402 Mox
1544 1365 1775 1406 Alexander,

300 1431 465 1475 Sicyone
489 1429 702 1471 decedens,
735 1428 781 1461 ab
800 1428 1003 1470 Alexione,
1039 1428 1244 1460 amicitiam
1267 1427 1494 1475 simulante,
1522 1425 1668 1459 occisus
1692 1428 1773 1464 est;

300 1490 406 1522 cuius
424 1493 550 1521 tamen
568 1486 703 1520 coniux
721 1486 991 1530 Cratesipolis,
1024 1485 1150 1518 mariti
1168 1485 1271 1518 vices
1288 1484 1461 1527 subiens,
1494 1493 1557 1517 res
1571 1481 1774 1526 prudentia.

299 1550 338 1580 et
359 1545 581 1579 fortitudine
601 1544 785 1589 singulari
804 1544 937 1589 gessit.
962 1554 994 1578 e.
1010 1545 1065 1580 67.
1083 1552 1138 1589 pr.
1185 1544 1337 1589 „Atque
1357 1543 1395 1576 in
1415 1542 1487 1576 hoe
1504 1545 1606 1575 statu
1627 1550 1689 1574 res
1707 1538 1775 1572 Pe·

294 1604 496 1648 loponnesi
517 1607 673 1637 erant.“

390 1671 432 1704 ln
454 1670 604 1704 Aetolia
630 1669 717 1701 novi
743 1667 926 1701 tumultus
945 1676 1013 1711 per
1038 1665 1225 1700 factiones
1251 1667 1336 1701 orti.
1379 1665 1533 1700 Interea
1560 1663 1778 1699 Cassander

299 1729 427 1772 copias
453 1729 490 1760 in
515 1728 640 1761 Asiam
671 1726 913 1766 transmittit,
948 1730 1025 1758 tum
1058 1725 1104 1758 ad
1133 1725 1313 1758 tutandas
1339 1725 1513 1758 civitates
1537 1723 1776 1764 foederatas,

298 1794 377 1819 tum
399 1786 446 1819 ad
465 1784 714 1818 cohibendum
736 1784 985 1827 Antigonum,
1013 1794 1059 1815 ne
1078 1784 1115 1816 in
1134 1784 1324 1826 Europam
1349 1783 1528 1815 traiiciat.
1560 1792 1589 1814 c.
1608 1784 1652 1818 67
1676 1781 1776 1814 med.

299 1848 355 1881 68.
396 1844 528 1888 ltaque
547 1843 758 1885 Antigonus
774 1851 929 1882 verens,
958 1851 1003 1874 ne
1027 1841 1241 1874 Cassander
1259 1842 1378 1885 ipsum
1401 1842 1438 1873 in
1456 1841 1544 1873 Asia
1565 1839 1775 1880 adoriatur,

301 1912 399 1946 quae
419 1902 467 1934 ad
487 1900 768 1934 defendendam
792 1900 1113 1939 eam-necessaria
1132 1898 1377 1940 videbantur,
1404 1898 1618 1939 constituit3
1651 1896 1772 1929 filium

298 1958 538 1992 Demetrium
559 1969 640 1992 cum
663 1959 781 2002 copiis
801 1957 839 1989 in
860 1955 972 1999 Syria
990 1957 1189 2001 relinquit,
1211 1957 1398 2000 adiunctis
1415 1957 1542 1988 iuveni
1561 1955 1614 1989 lv
1631 1955 1776 1999 gravis-

301 2017 406 2049 simis
436 2022 474 2048 et
499 2016 718 2049 fortissimis
738 2015 851 2055 viris,
885 2015 948 2058 qui
976 2015 1134 2048 consilio
1150 2016 1246 2057 sint,
1281 2016 1363 2058 ipse
1380 2013 1427 2046 ad
1446 2013 1632 2048 Celaenas
1651 2011 1777 2056 Phry·-

300 2074 387 2118 giae
410 2079 617 2117 promovet.
645 2084 676 2107 c.
694 2075 750 2110 69.
789 2072 865 2113 „ln
882 2070 952 2105 hoc
970 2076 1073 2105 statu
1095 2083 1155 2106 res
1174 2072 1361 2105 Graeciae
1382 2075 1420 2104 et
1440 2071 1552 2104 Asiae
1572 2074 1690 2105 erant.
1704 2074 1726 2090 ‘⁶

394 2139 528 2184 Neque
546 2151 607 2173 res
620 2139 769 2173 Siculae
788 2140 953 2172 intactae
970 2143 1276 2182 praetereuntur.
1304 2138 1429 2171 Breve
1440 2137 1776 2181 Agrigentinorum

302 2196 444 2230 bellum
462 2198 497 2229 in
516 2196 760 2241 Agathoclem
785 2198 918 2230 oritur.
960 2196 1059 2229 socii
1081 2200 1190 2229 erant
1210 2196 1319 2228 Geloi
1338 2200 1376 2228 et
1393 2194 1590 2226 Messenii.
1628 2194 1684 2227 Ad
1704 2193 1775 2228 hoc

304 2264 371 2288 eos
396 2255 650 2287 incitaverant
677 2255 829 2288 exsules
850 2253 1102 2297 Syracusani,
1137 2256 1355 2292 monentes,
1385 2252 1539 2296 tyranni
1566 2253 1775 2295 potentiam

304 2312 551 2345 coercendam
581 2322 666 2345 esse
692 2313 815 2355 prius,
846 2321 957 2355 quam
985 2312 1217 2355 opprimeret
1244 2320 1389 2343 omnes.
1435 2307 1510 2342 Sed
1538 2309 1584 2342 ob
1613 2311 1775 2353 impera-

301 2371 398 2403 toris
425 2369 664 2412 superbiam,
696 2379 807 2413 quem
835 2367 1130 2401 Lacedaemonii
1156 2368 1358 2408 miserant,
1390 2376 1475 2399 mox
1500 2366 1591 2400 belli
1609 2368 1776 2411 suscepti

305 2437 371 2460 eos
391 2428 587 2470 poenituit.
634 2428 789 2472 ltaque,
821 2426 1066 2459 conciliatore
1083 2426 1291 2466 Amilcare,
1325 2435 1396 2468 pax
1416 2424 1517 2458 facta
1533 2430 1602 2458 est.
1647 2425 1778 2459 Resti-

304 2488 387 2516 tuta
405 2489 617 2527 temporum
637 2485 864 2524 securitate,
889 2482 1117 2527 Agathocles
1136 2484 1341 2524 ditionem,
1369 2482 1471 2516 nullo
1495 2481 1604 2516 hoste
1621 2483 1775 2527 impedi-

304 2545 386 2582 tus,
422 2543 529 2575 auxit
553 2547 591 2575 et
616 2543 801 2584 firmavit,
833 2544 945 2576 simul
965 2544 1081 2588 copiis
1100 2546 1138 2576 et
1156 2543 1271 2574 armis
1292 2551 1333 2574 se
1357 2542 1410 2573 ita
1433 2541 1632 2581 instruxit,
1664 2548 1705 2574 ut
1727 2541 1774 2575 ad

246 2608 253 2616 ·
304 2597 467 2641 bellum,
496 2600 596 2643 quod
611 2610 634 2633 a
654 2600 792 2634 Poenis
809 2600 1051 2643 imminebat,
1072 2599 1333 2634 sustinendum
1353 2601 1508 2643 paratus
1530 2603 1644 2633 esset.
1669 2609 1699 2635 c.
1720 2603 1774 2636 70.

303 2657 360 2693 71·
387 2660 431 2693 72
449 2667 504 2701 pr.

401 2724 417 2739 ¹¹
435 2714 594 2748 Adiecta
611 2715 746 2750 notitia
763 2726 888 2750 rerum
902 2716 1171 2759 Romanarum,
1198 2719 1237 2750 et
1252 2714 1344 2750 belli
1366 2713 1517 2760 quidem
1536 2724 1616 2747 cum
1630 2713 1774 2748 Samni-

303 2771 405 2806 tibus
424 2773 647 2807 continuati.
680 2783 712 2810 c,
732 2776 787 2811 72.
806 2779 903 2811 extr.
