1891 3310
415 204 478 242 IN
508 203 620 243 LIB.
650 203 780 243 XIX.
808 203 937 245 CAP.
965 205 1040 245 34.
1067 207 1207 247 —37.
1451 208 1549 251 2871

91 323 233 364 ventu,
270 331 357 354 cum
385 331 488 355 nuru
513 318 682 356 Roxane
713 323 754 355 et
776 324 917 369 nepote
939 316 1117 355 Hercule
1146 320 1185 356 z’tz
1207 318 1385 369 Pydnam
1412 321 1548 363 urbem

91 375 284 411 concedit.
318 374 600 422 Proficiscenti
616 385 852 422 DEIDAMIA,
883 374 1087 412 Aeacidae
1108 377 1216 424 regis
1227 377 1338 423 filia,
1359 383 1400 414 et
1425 377 1548 415 Thes-

91 431 265 468 salonice
276 432 494 481 privigna,
524 436 565 467 et
586 432 674 482 ipsa
693 432 809 469 clara
830 431 1008 483 Philippi
1017 433 1157 482 patris
1175 434 1350 480 nomine,
1377 435 1547 472 multae-

91 499 165 537 que
189 487 296 524 aliae
307 489 535 538 principum
554 493 777 535 matronae,
798 489 997 539 speciosus
1015 489 1144 536 magis
1163 501 1280 538 quam
1300 490 1411 526 utilis
1427 504 1546 540 grex,

89 545 251 580 comites
262 542 406 589 fuere.
457 544 583 589 Quae,
613 545 646 580 si
677 551 855 595 nepotem
876 543 1092 581 Herculem
1113 547 1304 594 excipiaS,
1336 559 1420 584 eum
1442 550 1546 586 enim

88 599 350 636 Alexandrum
374 598 564 648 adpellare
585 598 788 645 debuerat,
815 600 914 636 'hinc
945 606 1069 637 sumta
1099 607 1223 648 putes.
1262 600 1320 638 De
1342 600 1544 641 Deidamia

87 654 276 692 Aeacidae
297 655 391 692 bene
420 655 468 691 ad
493 668 578 692 eum
596 656 721 692 locum
742 655 1013 693 Berneccerus.
1043 656 1181 694 WVEss.

201 711 306 750 345.
340 711 412 751 65.
444 709 533 763 Τὴν
552 709 630 763 μὲν
651 707 769 751 πόλιν
791 708 1173 766 περιεχαράκωσεν]
1215 713 1311 751 Vide
1333 721 1414 751 not.
1438 717 1480 753 in
1499 715 1543 754 L.

86 766 195 805 XIII.
228 768 302 807 49.
333 766 467 804 wass.
516 777 518 780 ·

201 824 306 863 345.
329 816 409 863 72.
436 819 679 875 Στρατηγόν
697 821 922 874 ἐξέπεμψεν
937 820 1183 878 Ἀταρρίαν]
1216 824 1342 863 Habet
1361 827 1407 864 de
1428 827 1544 865 Atar-

84 879 170 917 rhia
191 880 372 928 quaedam
391 878 629 918 Freiusliem.
659 880 707 917 ad
732 879 854 918 Curtii
875 880 917 918 L.
941 881 986 918 V.
1008 883 1051 921 2.
1082 882 1144 930 5,,
1175 895 1246 919 nec
1266 890 1392 926 certae
1413 891 1542 924 tamen

84 935 186 974 fidei.
215 935 349 974 Wssss.

198 993 303 1032 345.
339 994 411 1033 88.
431 989 561 1044 ’Όπερ
585 989 781 1032 οὐδέποτε
801 990 994 1045 γενέσθαι
1018 991 1196 1045 συνέβη]
1240 991 1392 1033 Oblitu's
1410 1010 1542 1035 eorum

83 1048 260 1096 videtur,
284 1060 380 1097 quae
403 1048 448 1085 de
469 1049 615 1094 Alceta,
646 1049 835 1086 Aeacidae
857 1049 997 1086 liuius
988 1063 1075 1096 avo,
1109 1051 1278 1098 prodidit
1296 1052 1338 1088 L.
1361 1052 1448 1089 XV.
1464 1055 1537 1093 13.

83 1103 259 1141 Ceterum
281 1105 467 1142 Aeacidae
488 1107 739 1143 calamitatem
759 1107 858 1143 attin
864 1112 961 1156 runt
981 1105 1296 1157 Plut.p1incipio
1317 1110 1419 1146 vitae
1439 1109 1540 1160 Pyr-

81 1159 143 1198 rhi
163 1167 202 1197 et
223 1161 387 1199 Pausan.
418 1161 461 1198 L.
486 1161 513 1198 Ι.
542 1164 612 1201 ll.
634 1175 670 1211 p
693 1164 768 1202 27.
797 1162 933 1199 WVEss.

197 1218 302 1258 346
326 1218 399 1257 94.
424 1215 613 1270 ’.ῙΕπιμεὶτ
610 1216 692 1270 τὴν
714 1234 801 1269 αμα
821 1234 888 1257 και
910 1215 1143 1270 στρατηγὸν
1163 1218 1404 1271 Λυκίσκον]
1436 1219 1539 1259 Con-

79 1273 141 1310 fer
163 1272 276 1310 liuius
298 1274 388 1310 libri
409 1287 490 1324 cap.
515 1277 600 1321 88..,
622 1282 659 1311 et
677 1277 899 1323 pers1)icicS‚
930 1274 1135 1324 Lyciscum
1150 1276 1336 1313 Aeacidae
1359 1279 1397 1313 in
1417 1277 1538 1326 Epiro

80 1342 337 1366 successorem
361 1331 534 1368 Alcetam
563 1331 664 1367 bello
684 1331 900 1368 vehementi
929 1343 1048 1379 paene
1069 1334 1316 1380 oppressisse.
1342 1333 1479 1374 WESS.

194 1387 299 1427 346.
325 1388 366 1427 7.
402 1383 478 1426 Ἐν
510 1383 807 1439 Γαδαμάλοις]
845 1387 922 1425 Adi
941 1387 988 1425 ad
1018 1395 1098 1425 not.
1123 1402 1157 1428 c.
1182 1390 1255 1429 32.
1286 1389 1400 1428 huius
1430 1391 1537 1429 libri.

77 1440 212 1479 Wssss.

191 1498 396 1539 346.10.
426 1494 671 1552 Ἐτυ3χανον
695 1521 743 1527 ——
769 1496 848 1552 τὴν
856 1497 1083 1550 χειμασίαν
1107 1521 1155 1529 -
1179 1497 1275 1541 ὥστ
1299 1499 1430 1549 ἒιίους
1444 1504 1534 1554 etc.]

77 1551 186 1590 Nihil
215 1553 304 1591 hinc
338 1555 503 1592 demuto.
544 1556 645 1593 Plut.
678 1556 789 1593 Eum.
824 1570 857 1606 p
886 1558 989 1596 592.
1011 1556 1052 1594 C.
1083 1556 1243 1595 hiberna
1274 1565 1381 1595 tanto
1411 1561 1536 1609 spatio

76 1610 197 1647 fuisse
218 1611 390 1659 dissepta
412 1613 645 1660 refertuut,
675 1615 747 1662 qui-
770 1614 811 1649 in
833 1615 965 1660 primis
989 1620 1120 1660 erant,
1148 1615 1252 1651 mille
1271 1615 1391 1651 ferme
1411 1617 1536 1654 stadia

77 1679 100 1703 a
117 1669 319 1715 postremis
337 1669 526 1705 abessent.
564 1669 669 1712 Quae
689 1671 795 1706 nulla
813 1676 881 1706 aut
906 1671 980 1706 lev‘
959 1682 1003 1705 is
1023 1677 1082 1706 est
1101 1641 1366 1738 discrepantia.
1399 1672 1534 1710 VVESS.

191 1724 296 1764 346
333 1725 408 1764 23.
462 1722 884 1776 Παρασκεῑάσασθαι
913 1722 991 1775 δίχ’
1024 1720 1190 1779 ιιιερῶν
1222 1723 1302 1765 ἀπὶ
1308 1741 1360 1779 ρα
1392 1727 1533 1781 σιτία]

76 1777 279 1829 Perperam
311 1782 350 1817 in
378 1780 438 1818 bis
460 1781 702 1818 membranae
725 1781 868 1829 aliquid
891 1782 1094 1819 innoxant.
1131 1781 1315 1832 Polyaen.
1338 1783 1380 1819 L.
1402 1783 1465 1820 lV.
1489 1787 1532 1825 6.

82 1837 153 1875 ll.
180 1834 403 1887 προσέταξε
429 1833 479 1888 δὴ
511 1833 752 1902 ῥάψασθαι
759 1836 933 1890 μυρίους
957 1834 1132 1885 ἀσκους,
1162 1837 1230 1876 καὶ
1258 1840 1412 1890 πῖῆσαι
1432 1835 1534 1879 τού-

75 1905 172 1937 τους
188 1889 362 1939 ὐὸατος,
391 1892 460 1932 καὶ
481 1892 590 1932 σιτία
611 1891 709 1932 δέκα
731 1908 896 1945 ημεριιιν
917 1891 1166 1944 πέμψαντας
1194 1893 1308 1946 (imo
1306 1894 1533 1946 πέψαιτας

76 1960 160 1984 cum
191 1946 470 2001 Casaubono)
456 1948 572 1999 ἔχειν.
622 1949 762 1986 Latina
794 1950 956 1998 Nepotis
985 1949 1096 1987 Eum.
1119 1964 1151 1988 c.
1179 1954 1217 1991 8
1248 1952 1367 1989 ferme
1400 1953 1532 1992 eadem

76 2011 186 2041 sunt:
230 2005 296 2043 Ad
323 2005 425 2042 hunc
454 2019 536 2042 rem
567 2007 856 2054 conficiendam
883 2008 1098 2056 imperavit
1123 2005 1383 2059 (Antigonus)
1413 2022 1530 2059 quam

63 2060 261 2111 plurimos
291 2068 402 2099 utres
430 2069 550 2112 atque
574 2065 694 2100 etiam
718 2064 864 2100 culleos
891 2065 1136 2113 conparari:
1159 2072 1257 2115 post
1283 2064 1383 2102 haec
1396 2066 1531 2115 pabu-

71 2117 172 2163 lum3
196 2126 417 2169 praeterea
446 2119 602 2156 cibaria
627 2126 741 2156 cocta
770 2121 901 2157 decem
924 2120 1090 2157 dierum.
1130 2119 1300 2170 Uterque
1322 2122 1462 2169 probe,
1486 2124 1530 2160 iu

73 2175 197 2210 coctis
217 2182 342 2211 tamen
362 2175 548 2222 cibariis,
580 2182 623 2212 ut
645 2182 762 2225 puto,
792 2176 1065 2224 discrepantes.
1096 2175 1193 2212 Erat
1221 2190 1351 2214 eorum
1372 2191 1463 2214 usus
1486 2179 1529 2216 in

72 2230 251 2279 expedito
274 2233 433 2278 itinere,
466 2245 552 2268 cum
570 2233 752 2270 festinato
775 2245 869 2282 opus
895 2239 987 2276 erat,
1017 2244 1095 2269 non
1120 2233 1355 2281 infrequens.
1386 2233 1529 2272 Noster

71 2285 115 2325 L.
149 2285 265 2324 XIX.
298 2288 371 2328 96.
411 2303 478 2326 και
506 2283 669 2334 τούτοις
695 2286 770 2338 μὲν
799 2283 1038 2340 παρν33Ἢ3ει7ε
1074 2303 1124 2344 (pe
1120 2287 1210 2341 ’ρειν
1247 2286 1385 2341 ἄπυρα
1417 2289 1528 2329 σιτία

72 2337 310 2382 πλειονωνε
289 2346 466 2409 ημερῶν.
494 2343 597 2382 Plut.
618 2344 665 2380 ‹le
686 2343 824 2381 Athen.
845 2344 951 2381 Glor.
973 2357 1009 2393 p.
1035 2346 1142 2384 349.
1165 2345 1209 2382 A.
1238 2361 1276 2384 οι
1300 2345 1376 2396 μὲν
1400 2360 1527 2398 στρα-

71 2412 187 2450 τ733οι
209 2395 405 2445 πολλάκις
430 2415 557 2451 παρα
547 2398 811 2453 wyec'iavteg’
795 2398 876 2439 dm
882 2415 934 2452 ρα
967 2400 1075 2439 σιτία
1097 2400 1285 2452 κομίζων.
1325 2402 1376 2438 At
1397 2403 1529 2440 eadem

70 2455 189 2491 fuisse
221 2468 264 2492 ac
295 2462 430 2502 cocta,
466 2469 544 2493 non
574 2458 762 2503 dixerim,
789 2459 941 2493 tametsi
972 2470 1051 2493 non
1079 2460 1151 2495 sim
1178 2459 1336 2508 ignarus
1368 2458 1526 2506 decreti,

72 2511 169 2560 quod
193 2511 353 2561 Nepotis
375 2513 502 2548 verbis
523 2513 700 2561 adposuit
722 2512 1060 2550 Ian.Gebl1arduS.
1097 2513 1129 2549 V
1133 2521 1248 2551 ocant
1268 2514 1405 2551 Graeci
1426 2529 1526 2566 τρο-

71 2581 155 2619 φην
185 2565 366 2618 ἄπυροι,
396 2569 602 2616 quidquid,
630 2576 673 2605 ut
702 2569 858 2615 edatur,
889 2572 992 2619 ignis
1023 2581 1140 2637 opera
1167 2584 1243 2607 non
1270 2570 1383 2606 habet
1416 2584 1522 2619 opus.

71 2622 240 2661 Suidas'
231 2637 271 2661 in
282 2622 444 2677 ’Ἀπυρα
463 2629 558 2663 σῖτα
590 2626 710 2671 bene,
727 2622 907 2675 ’Ἀπυρος
927 2639 1086 2678 τροφη,
1118 2621 1143 2678 ἡ
1176 2624 1233 2664 δι’
1261 2622 1428 2679 ὀπώρας
1455 2642 1524 2665 και

70 2676 272 2729 λαχάνων.
315 2681 399 2724 Quo
429 2683 535 2718 victu
567 2694 649 2718 sese
678 2680 873 2718 Sertorius
903 2681 1140 2728 oblectabat,
1169 2681 1332 2721 δίαιταν
1364 2680 1522 2733 ἄπυρον

70 2736 234 2785 probans
252 2737 351 2785 apud
371 2738 473 2774 Plut.
487 2736 632 2774 sertor.
654 2750 689 2785 p.
714 2738 818 2777 574.
840 2736 895 2783 B„
915 2743 954 2774 et
974 2737 1026 2776 M.
1049 2738 1159 2785 Cato,
1184 2736 1338 2792 ἀρίστω
1362 2734 1521 2793 ἀπύρω,

70 2791 201 2829 eodem
221 2801 399 2841 auctore,
430 2801 649 2831 contentus.
701 2795 805 2837 Quin
829 2800 866 2830 et
886 2793 1018 2842 Scipio
1044 2797 1236 2832 exercitus
1269 2795 1318 2831 ad
1349 2781 1521 2832 Numan-

69 2850 160 2886 tiam
183 2851 459 2898 corruptiorem
490 2851 732 2901 disciplinam
762 2851 982 2901 corrigens,
1014 2851 1200 2888 militibus
1226 2852 1400 2889 iniunxit
1429 2847 1520 2905 ἀρι-
