1891 3310
353 221 424 248 ni«)
477 217 783 248 FONTIBUS
826 216 974 246 iliS'r.
1016 214 1301 245 DioDoRI.
1431 215 1561 247 CXXV

101 315 172 356 sit,
206 314 315 349 sarile
349 320 463 359 patet.
512 314 606 347 Sunt
636 313 787 348 omnino
814 322 880 354 ea,
915 321 1072 359 quorum
1103 312 1288 345 memoria
1312 312 1360 345 ad
1385 323 1454 346 nos
1478 323 1561 358 per-

102 375 226 413 venit,
260 384 331 405 non
357 373 468 406 modo
495 377 643 413 aetate,
674 382 803 405 verum
835 376 874 404 et
904 380 1047 415 genere
1083 380 1209 405 rerum
1244 370 1355 405 valde
1389 372 1560 408 diversa:

107 433 195 462 sunt
218 429 294 462 alia
319 429 494 474 physica,
528 430 603 463 alia
629 429 828 470 historica,
865 429 942 462 alia
973 437 1041 473 pro
1066 428 1232 473 antiquis
1256 429 1397 472 mythis
1422 429 1562 466 haben-

50 483 55 487 ”
102 485 169 524 da,
194 486 270 519 alia
300 497 368 530 pro
392 486 673 533 hffiroglyphis,
704 488 780 521 alia
804 487 851 521 ab
884 485 1220 531 hieroglyphorum
1245 486 1560 532 interpretatione

102 543 239 585 ductas,
280 543 375 578 haec
408 546 491 590 ipsa
524 545 794 589 interpretatio
824 554 934 590 quam
969 544 1110 577 diversi
1143 543 1318 588 generisi
1358 546 1435 580 alia
1465 551 1562 582 anti-

102 602 296 646 quiorum,
331 602 407 636 alia
441 603 649 643 seriorum,
681 602 743 648 qui
770 599 922 646 mythos
948 604 987 636 et
1016 600 1303 646 hieroglyphice.
1329 603 1564 651 ignorarent,

102 659 350 692 coniectando
382 666 509 694 tamen
545 661 696 704 assequi
730 660 894 704 vellent3
942 664 1030 694 sunt
1059 659 1238 704 vulgares
1271 663 1564 704 superstitiones

104 722 143 750 et
174 717 325 751 fabulae
359 719 480 755 aniles
513 727 579 751 seu
612 717 850 751 sacerdotum
885 727 953 751 seu
991 715 1119 761 vulgi,
1155 717 1367 760 permixtae
1401 718 1564 764 philoso-

102 774 341 818 phematibus
359 777 487 809 'acutis
514 773 581 808 sed
607 775 740 820 mytho
766 781 805 809 et
830 773 1081 820 hieroglypho
1110 774 1302 819 implicitis
1327 780 1366 809 et
1389 777 1564 814 obscura-

101 833 171 875 tis3
196 835 272 867 alia
299 834 520 876 superstitio
555 839 614 867 est
638 833 848 879 antiquior,
881 833 957 865 alia
982 833 1123 874 serior,
1163 842 1186 865 a
1221 832 1420 868 Graeculis
1446 840 1564 871 maxi-

103 899 202 923 mam
250 896 414 935 partem,
458 892 518 936 qui
561 893 774 936 Aegyptum
820 889 1075 931 obsederunt,
1123 890 1318 935 profecta3
1355 894 1562 931 tenendum

102 951 325 991 praeterea,
365 947 602 982 diversorum
633 958 828 982 noniorum
864 957 909 981 ac
946 947 1138 981 civitatum
1173 947 1383 992 religiones
1415 956 1455 985 et
1487 964 1563 988 me-

104 1007 245 1038 morias
275 1007 451 1050 antiquas
483 1016 505 1039 a
539 1005 697 1040 Graecis
729 1014 797 1049 pro
829 1015 905 1038 una
948 1005 1157 1051 eademque
1197 1007 1434 1051 Aegyptiaca
1470 1013 1566 1045 anti-

105 1064 250 1106 quitate
290 1062 438 1097 habitas
483 1073 582 1099 esse.
637 1063 771 1098 Facies
812 1072 910 1095 nova
946 1067 985 1096 et
1026 1062 1182 1097 insolita
1221 1062 1323 1098 inest
1359 1066 1566 1114 plerisque,

105 1121 226 1165 quod,
258 1129 340 1154 cuni
376 1121 529 1154 litterae
566 1117 665 1164 apud
698 1121 928 1164 Aegyptios,
960 1124 1003 1154 ut
1037 1124 1076 1154 et
1100 1120 1199 1165 apud
1224 1120 1406 1165 ludaeos,
1436 1126 1562 1167 Indos,

105 1177 264 1222 Persas,
288 1179 542 1224 Babylonios,
565 1177 672 1211 mlius
695 1182 838 1211 tantum
863 1176 996 1219 tribus,
1021 1174 1146 1211 classis
1169 1187 1239 1212 seu
1265 1178 1400 1215 ordinis
1429 1183 1566 1217 studiis

105 1234 358 1278 haberentur,
400 1237 462 1280 qui
501 1236 601 1269 idem
640 1236 744 1269 solus
786 1235 1014 1280 religionum
1056 1240 1096 1270 et
1129 1245 1324 1271 sacrorum
1362 1247 1489 1274 curam
1526 1247 1566 1276 et

108 1294 235 1328 studia
261 1293 442 1335 haberet,
476 1294 624 1333 (itania,
657 1304 753 1338 quae
778 1305 855 1341 nos.
872 1294 919 1327 ad
951 1293 1148 1327 literarum
1181 1294 1308 1328 studia
1332 1300 1372 1329 et
1402 1295 1565 1343 discipli-

108 1361 177 1384 nas
201 1355 304 1385 recte
331 1352 554 1392 referimus,
589 1350 644 1384 illi
682 1351 931 1394 religionibus
965 1348 1288 1395 annumerabant3
1327 1353 1382 1387 ita
1415 1359 1458 1388 ut
1483 1356 1567 1390 lite-

107 1419 196 1451 rae,
230 1410 361 1454 quales
385 1413 463 1442 tum
490 1413 621 1449 erant,
652 1407 824 1452 inprimis
853 1407 1055 1448 historiae,
1086 1409 1168 1452 ipsa
1191 1413 1422 1455 geometria,
1447 1419 1566 1448 astro-

108 1467 256 1508 nomia,
290 1465 547 1511 philosophia,
590 1474 657 1510 pro
700 1466 968 1510 1·eligio11ibuS‚
1010 1465 1145 1500 saltem
1194 1468 1386 1512 religiosis
1429 1471 1567 1505 studiis

108 1522 361 1566 haberentur,
397 1526 436 1558 et
462 1522 680 1568 religiosam
714 1533 862 1568 quoque
887 1523 1054 1557 indolem
1087 1529 1126 1558 et
1156 1523 1324 1559 habitum
1351 1525 1567 1562 induerent.

110 1583 167 1616 Ea
197 1584 324 1627 itaque
358 1583 506 1624 (muiia,
540 1587 615 1616 tam
643 1583 795 1615 diversa
819 1578 920 1615 inter
949 1591 1012 1623 se,
1047 1592 1123 1616 uno
1155 1583 1364 1629 eodemque
1393 1584 1477 1619 loco
1503 1585 1566 1619 ha-

108 1639 223 1681 bere,
257 1641 425 1684 inprimis
457 1641 495 1673 in
521 1638 680 1685 populo,
713 1639 774 1685 qui
810 1648 877 1683 per
913 1637 1056 1683 aliquot
1094 1640 1212 1673 millia
1236 1651 1420 1675 annorum
1446 1642 1569 1676 ‹liver-

110 1701 259 1732 sissima
287 1699 502 1732 conditione
528 1708 619 1732 usus
650 1703 726 1740 est,
753 1696 824 1732 hoc
849 1702 909 1731 est
931 1698 1107 1731 iniuriam
1131 1699 1260 1733 facere
1286 1704 1325 1733 et
1351 1701 1569 1746 antiquitati

109 1759 149 1788 et
171 1755 308 1788 iudicio
335 1753 512 1790 humano.

202 1816 297 1847 Ante
331 1814 457 1846 onmia
489 1814 616 1858 itaque
655 1813 830 1847 diversae
869 1821 995 1847 rerum
1038 1813 1286 1848 auctoritates
1329 1824 1397 1859 pro
1437 1826 1568 1849 earum

110 1873 259 1906 naturis
297 1881 341 1904 ac
376 1877 586 1914 temporum
614 1872 771 1914 jndole,
811 1872 1037 1915 criticesque
1069 1869 1272 1905 historicae
1299 1872 1448 1917 legibus
1480 1877 1569 1907 sunt

112 1931 405 1975 disl)es‹=·(=11<lae;
448 1938 544 1973 quae
591 1929 694 1962 clara
735 1940 779 1962 nc
809 1929 1021 1962 indubitata
1058 1938 1164 1971 sunt,
1199 1940 1366 1962 normam
1403 1931 1568 1976 aliquam

111 1989 240 2021 iudicii
274 1989 310 2020 in
347 1989 503 2022 incertis
539 1991 578 2020 et
602 1987 726 2020 dubiis
756 1988 1006 2029 constituent3
1039 1987 1289 2031 intelligenda
1306 1991 1354 2020 .et
1386 1988 1571 2034 interpre-

111 2047 227 2080 tanda
268 2056 440 2091 quaeque
484 2055 558 2078 non
600 2044 710 2077 modo
753 2053 820 2088 pro
855 2054 970 2078 sensu
1004 2044 1220 2088 scriptoris,
1254 2042 1316 2088 qui
1357 2047 1573 2091 antiquiora

114 2106 302 2146 enotavit,
336 2115 465 2138 verum
499 2113 566 2148 pro
599 2113 714 2135 sensu
748 2106 786 2135 et
819 2102 957 2136 iudicio
991 2102 1072 2135 eius
1107 2103 1293 2143 auctoris,
1335 2111 1354 2135 e
1384 2114 1456 2148 quo
1497 2106 1572 2137 ista

113 2167 233 2210 petita
263 2168 370 2205 sunt3
402 2162 617 2206 antiquiora
646 2165 895 2195 secernantur
927 2169 949 2193 a
984 2159 1213 2200 sei-mribus,
1245 2170 1291 2192 ex
1325 2160 1399 2195 fide
1431 2162 1572 2207 aliqua,

113 2234 181 2257 seu
208 2224 471 2261 monumento,
504 2228 572 2253 seu
599 2219 783 2253 memoria
813 2227 1056 2263 quacunque,
1088 2227 1179 2250 vere
1214 2217 1356 2251 tradita
1378 2229 1400 2252 a
1423 2219 1572 2253 iudiciis

115 2285 154 2314 et
178 2279 530 2323 interpretamentis
552 2279 801 2321 scriptorum,
825 2286 871 2309 ea
895 2286 1052 2321 quorum
1077 2273 1260 2308 habemus
1286 2277 1449 2320 vestigia
1474 2279 1574 2309 notis

114 2348 297 2383 expressa
322 2337 583 2381 praeferamus
619 2345 747 2368 merae
772 2333 1001 2377 {ariolationi
1035 2334 1138 2375 eius,
1170 2331 1290 2378 quod,
1328 2334 1375 2366 ad
1403 2340 1570 2367 nostrum

115 2406 257 2429 morem
285 2405 328 2427 ac.
349 2404 520 2434 sensum,
548 2393 646 2426 forte
676 2403 760 2426 esse
789 2392 975 2435 potuerit,
1011 2392 1082 2425 etsi
1110 2401 1201 2424 vere
1229 2391 1266 2423 id
1296 2391 1436 2431 fuisse,
1463 2402 1572 2435 argu,

116 2458 243 2486 mento
269 2452 454 2485 declarari
478 2455 603 2495 potest
625 2449 745 2482 nullo:
772 2459 844 2493 quo
866 2449 965 2482 iacto
988 2450 1139 2482 omnino
1162 2449 1386 2482 retundetnr
1410 2450 1572 2493 impetus

114 2510 299 2544 ariolandi
335 2515 480 2542 temere
511 2513 548 2541 et
581 2507 818 2542 coniectandi
849 2507 930 2540 sine
965 2505 1082 2540 fundo
1121 2507 1271 2542 idoneo.
1327 2508 1429 2542 Vera
1472 2508 1570 2539 enim

118 2662 293 2694 declarare
312 2660 436 2704 possis.
481 2660 530 2692 Ita
556 2657 753 2691 Demetrius
775 2658 808 2689 ἓν
839 2654 881 2698 τῷ
907 2654 984 2701 περὶ
1005 2655 1073 2687 τῶν
1100 2652 1181 2688 κατ’
1209 2656 1389 2697 Αἴγυπτον
1414 2653 1573 2685 laudatur

117 2709 207 2750 apud
227 2709 444 2739 Athenaeum
461 2705 537 2737 XV.
556 2717 590 2748 p.
609 2709 686 2740 (580.
706 2704 749 2738 A.
798 2704 908 2735 Fuere
941 2703 1157 2746 Lysimachi
1174 2697 1393 2744 Asnaum&
1407 2723 1416 2737 ‚
1442 2712 1458 2731 e
1489 2701 1569 2740 (μιί-

118 2755 181 2785 bus
203 2756 358 2786 nobilem
378 2754 420 2785 de
441 2753 579 2785 ludaeis
597 2752 715 2783 locum
735 2751 949 2792 transcripsit
966 2748 1131 2790 Iosephus
1154 2761 1187 2778 ιιι
1210 2748 1337 2789 Apion.
1369 2746 1448 2778 Fuit
1466 2748 1571 2781 Ister,

119 2800 328 2832 Callimachi
355 2800 569 2842 discipulus,
606 2799 664 2840 qui
685 2797 760 2841 περὶ
780 2795 950 2830 ἀποικιῶν
974 2795 1152 2838 Αἰγύπτου
1178 2794 1382 2836 scripserat,
1415 2792 1571 2823 laudatus

119 2858 135 2876 a
157 2846 332 2890 Stephano
357 2848 436 2890 Byz.
461 2853 493 2877 et
515 2846 696 2878 Clemente
715 2842 970 2881 Alexandrino.
