1859 3326
312 217 404 256 432
776 208 1299 250 ANNO'l'ATlONES

307 341 393 368 sera
421 341 514 366 vero
550 326 846 376 provincialium
874 322 1068 372 conditio,
1097 323 1163 375 qui
1184 337 1206 362 a
1228 321 1441 374 publicanis
1460 324 1568 362 nullo
1588 336 1657 362 suo
1675 337 1758 363 me·-

307 388 385 425 rito
406 399 453 421 ex
470 385 646 422 libertate
668 386 706 420 in
726 383 954 420 servitutem
976 381 1124 430 abrepti
1144 383 1186 418 in
1206 383 1411 431 ergastulis
1431 381 1757 431 deprimebanturz

308 445 370 480 cui
389 442 597 480 violentiae
618 440 675 476 uti
697 438 866 476 Senatus
883 438 1035 474 obviam
1058 440 1114 474 ire
1134 444 1296 474 conatus
1313 437 1385 473 hoc
1407 444 1469 475 est
1484 444 1676 486 tempore,
1705 439 1760 475 ita

308 512 404 547 opus
433 511 543 546 saepe
564 498 662 542 fuit,
691 502 734 532 ut
764 495 959 545 ergastula
988 505 1273 542 possessorum,
1302 494 1343 530 in
1362 495 1499 542 quibus
1523 497 1606 531 sine
1626 495 1762 532 discri-

308 559 410 593 mine
435 555 547 591 liberi
570 555 746 600 serquue
772 551 1127 599 supprimebantur,
1174 557 1486 601 repurgarentur.
1555 551 1656 594 Quid
1681 551 1760 588 Au·-

306 619 463 664 gustus,
493 609 672 645 Tiberius
686 638 696 655 ,
733 605 954 644 Hadrianus
975 608 1015 643 in
1035 606 1277 644 adflictorum
1298 606 1528 644 conmodum
1548 609 1761 645 constitue·

306 672 411 714 rint,
448 666 607 703 sueton.
627 664 790 714 August.
813 664 955 709 c.32.,
990 662 1077 700 Tib.
1099 677 1130 701 c.
1151 666 1214 710 8.,
1256 663 1452 711 Spartian.
1475 662 1596 701 Hadr.
1617 678 1650 701 c.
1669 666 1758 712 l8.‚

307 724 460 761 docent.
519 721 639 771 Iunge
662 719 839 757 Scribon.
863 719 1027 770 Largum
1046 718 1447 769 Conposit.ccxxxl.,
1470 721 1625 769 eiusque
1639 721 1759 759 verba

305 783 564 819 illustrantem
586 777 759 814 Gronov.
784 777 833 814 ad
855 775 992 813 Senec.
1017 776 1066 812 de⁴
1088 776 1150 813 Ira
1170 775 1214 813 L.
1228 776 1295 813 Ill.
1317 777 1359 816 9.
1417 776 1556 815 WESS.

422 836 527 875 531.
568 835 642 875 66.
694 830 747 872 Οἳ
783 830 826 871 d'
861 831 903 871 ἐν
933 828 1159 883 ἀξιώματι]
1214 831 1549 882 Praepositionem
1584 846 1635 871 ex
1672 832 1757 871 edd.

304 893 479 943 margine
501 890 673 927 adiunxi.
713 889 904 940 intelligit
924 888 1101 936 Siculos,
1139 889 1242 926 domi
1260 891 1432 936 nobiles,
1459 887 1558 936 τοὺς
1578 889 1619 929 ἐν
1641 886 1761 938 ἀξιώ-

300 964 401 1001 ματι
442 945 649 998 κειμένους
688 946 732 983 in
755 945 940 994 Excerpt.
973 945 1141 983 Peiresc.
1169 959 1206 996 p.
1228 946 1336 985 293.
1386 945 1540 983 Poteris
1569 948 1686 985 etiam
1715 945 1756 985 ἓν

304 1001 522 1054 tigurinum,
552 1005 585 1041 si
602 1005 817 1054 elegantius
839 1003 1055 1048 arbitreris,
1085 1003 1313 1040 adsciscere.
1367 1001 1636 1040 'l‘heodoretus
1656 1010 1758 1040 certe

302 1060 355 1099 ll.
388 1061 494 1098 Eccl.
526 1060 567 1096 L·
588 1059 637 1096 ΙΙ.
675 1061 743 1100 17.
775 1065 813 1096 et
842 1059 885 1098 L.
909 1058 975 1095 111.
1000 1060 1076 1098 22.
1106 1055 1204 1104 τοὺς
1233 1056 1276 1097 ἐν
1306 1055 1411 1099 τέλει
1441 1057 1510 1098 καὶ
1540 1055 1759 1109 ἀξιώμασι,

303 1120 538 1157 decuriones
560 1123 598 1153 et
620 1116 858 1163 honoratos,
885 1122 928 1153 ut
946 1115 1041 1152 bene
1062 1114 1262 1161 Valesius,
1290 1121 1416 1152 vocat.
1467 1113 1590 1155 Porro
1612 1117 1683 1163 rei,
1713 1115 1758 1152 de

302 1188 376 1224 qua
405 1176 556 1225 agitur,
587 1172 661 1210 Dio
683 1171 838 1210 Cassius
855 1173 1104 1208 conmeminit
1121 1170 1303 1220 Excerpt.
1323 1170 1488 1208 I'eiresc.
1508 1184 1545 1221 p.
1564 1172 1693 1218 633„
1715 1171 1759 1209 P.

300 1231 494 1269 Licinium
523 1229 694 1267 Nervam
714 1228 983 1277 compendium
1002 1239 1052 1264 ex
1074 1230 1150 1265 isto
1173 1226 1316 1264 iudicio
1340 1229 1576 1275 quaesivisse
1594 1227 1757 1265 docens:

302 1301 425 1337 neque
456 1288 557 1323 enim
586 1282 750 1338 ἄδωρον
779 1287 863 1322 sive
896 1286 989 1321 satis
1019 1286 1211 1322 munitum
1229 1283 1416 1320 adversus
1435 1286 1637 1332 pecuniam
1659 1285 1760 1321 fuis-

301 1357 361 1382 se:
392 1355 581 1381 concursu
601 1348 729 1379 tamen
749 1347 787 1378 et
806 1353 1006 1378 servorum
1027 1347 1066 1378 et
1088 1339 1354 1387 dominorum,
1382 1346 1422 1377 et
1441 1352 1490 1377 ne
1508 1340 1599 1391 quid
1620 1341 1757 1378 turba-

301 1414 387 1440 rum
410 1400 458 1437 ab
481 1401 666 1436 alterutra
686 1399 854 1435 factione
875 1396 1052 1443 daretur,
1083 1396 1265 1433 desistere
1286 1403 1475 1435 coactum.
1533 1396 1671 1434 WEss.

416 1458 519 1496 531.
554 1455 626 1495 74.
676 1453 749 1501 Εἷς
776 1451 822 1493 τὸ
853 1455 938 1492 τῶν
964 1453 1166 1493 Παλικιῦν
1195 1450 1392 1504 τέμενος]
1437 1451 1538 1490 Vide
1566 1465 1680 1502 supra
1711 1451 1755 1490 L.

297 1512 370 1552 XI.
394 1515 488 1560 89.,
521 1518 561 1549 et
585 1523 797 1563 cognosces
819 1522 1022 1549 servorum
1039 1509 1094 1548 ibi
1109 1510 1231 1548 fuisse
1256 1509 1447 1559 quoddam
1465 1511 1575 1559 quasi
1593 1511 1757 1561 asylum.

299 1570 441 1608 W'nss.

414 1627 519 1666 531.
554 1625 627 1665 77.
668 1620 793 1663 Κατὰ
816 1619 893 1675 τὴν
909 1619 1147 1675 Ἀγκυλίων
1161 1613 1336 1676 χώραν]
1379 1620 1432 1659 Η.
1459 1620 1593 1673 steph.
1614 1618 1755 1674 Ἀγκυ-

298 1682 396 1732 ρίων
416 1683 665 1720 coniiciebat:
699 1692 796 1730 quae
817 1678 971 1729 quidem
991 1682 1314 1716 coniecturanon
1334 1679 1550 1729 spernenda
1567 1680 1692 1727 foret,
1721 1681 1756 1716 si

298 1739 485 1789 Stephani
513 1737 723 1788 Byzantini
745 1732 982 1789 Ἀγκύριον,
1022 1732 1141 1782 πόλις
1165 1732 1371 1782 Ἰταλίας,
1409 1735 1458 1773 ad
1485 1734 1682 1783 Siciliam,
1709 1742 1756 1772 ut

295 1795 498 1833 Bcrkelius
531 1796 702 1841 censuit,
737 1800 776 1831 et
804 1800 893 1831 ante
922 1806 1007 1830 eum
1028 1791 1257 1839 Cluverius,
1292 1791 1515 1843 pertineret.
1574 1791 1619 1829 ln
1641 1791 1754 1830 ltalia

297 1853 450 1901 quidem
487 1858 589 1888 certe
631 1851 848 1901 Ancyrizcm
885 1849 988 1887 istud
1024 1862 1136 1886 nemo
1166 1849 1321 1897 reperit.
1380 1848 1498 1886 Putes
1524 1847 1600 1885 huc
1625 1848 1752 1885 facere

293 1905 522 1961 Ἀγκί-ρας,
552 1907 652 1945 unde
667 1905 913 1960 Ἀγκυραΐοι,
945 1907 1010 1943 lib.
1026 1905 1136 1943 XIV.
1159 1905 1261 1951 48.,
1285 1906 1363 1942 uisi
1383 1911 1422 1941 et
1441 1905 1481 1941 id
1495 1904 1632 1942 dubiae
1653 1912 1754 1942 esset

295 1966 396 2002 fidei.
454 1964 524 2003 Ph.
555 1963 758 2002 Cluverius
787 1961 1026 2015 ’Λγκυλίων
1057 1957 1203 2016 χώραν
1234 1968 1361 1998 tuetur
1390 1960 1501 1998 Sicil.
1529 1960 1621 1998 Ant.
1648 1959 1753 1999 L.li.

294 2036 330 2071 p.
349 2022 478 2068 389„
518 2033 640 2069 neque
660 2034 732 2071 ego
752 2020 944 2070 configere
965 2018 1100 2056 audeo.
1158 2017 1253 2055 Mox
1274 2014 1466 2070 ἀδελφῶν
1487 2016 1598 2057 δυεῖν
1620 2019 1655 2054 si
1675 2017 1752 2063 hic,

296 2085 334 2115 et
366 2086 451 2127 post
479 2090 621 2125 pauca,
659 2078 823 2115 tolerare
853 2076 977 2122 nolis,
1016 2074 1132 2114 ὁυοΐν
1160 2087 1244 2111 esse
1277 2076 1441 2125 poterit3
1482 2086 1554 2112 nec
1572 2080 1753 2111 constant

296 2141 424 2172 tamen
446 2136 529 2171 sive
557 2136 787 2183 scriptorum
808 2145 875 2169 seu
900 2132 1144 2168 librariorum
1171 2131 1284 2178 culpa
1315 2132 1398 2167 eius
1418 2131 1459 2166 in
1481 2143 1554 2168 usu
1573 2130 1646 2167 sibi
1665 2144 1752 2179 per-

295 2198 409 2240 petuo
438 2197 610 2237 veteres,
648 2190 750 2239 quod
783 2189 967 2237 exemplis
994 2188 1090 2224 alias
1116 2186 1365 2225 firmavimus,
1416 2185 1551 2226 WESS.
1623 2185 1749 2224 Rhod.

293 2247 457 2295 „dvoffin
489 2246 592 2283 Nam
614 2245 723 2285 δυεῖν
734 2245 1015 2293 foemininum.
1031 2244 1058 2263 “

409 2304 516 2342 532.
547 2304 622 2342 90,
658 2299 758 2341 Ἐπὶ
792 2299 868 2353 τὴν
898 2297 1127 2350 προδοσίαν
1158 2293 1264 2354 ὁρᾷ]
1317 2298 1458 2336 Lucem
1477 2297 1567 2337 huic
1585 2298 1751 2337 dictioni

296 2359 535 2408 adspergunt
562 2372 585 2396 a
603 2357 659 2394 Cl.
677 2357 804 2395 lensio
824 2364 958 2394 notata
979 2356 1028 2393 ad
1046 2353 1208 2393 Luciani
1228 2355 1275 2392 D.
1306 2354 1422 2392 Mort.
1437 2354 1508 2392 XI.
1538 2356 1579 2395 3.
1614 2356 1748 2394 WESs.

409 2417 512 2454 532.
544 2417 585 2455 6.
624 2408 815 2453 Πόπλιον
835 2408 1040 2458 Κλόνιον]
1071 2410 1224 2449 Habent
1239 2414 1382 2449 vetusti
1395 2411 1542 2459 lapides
1559 2423 1747 2459 CLoNlos,

294 2473 439 2520 alioqui
468 2474 593 2508 rarius
627 2472 784 2508 obvios:
825 2472 858 2507 si
877 2472 942 2519 qui
965 2468 1143 2506 Cluvium
1160 2469 1378 2519 intelligere
1404 2469 1537 2514 malit,
1570 2471 1631 2506 illi
1651 2468 1746 2506 Ste-

294 2529 411 2576 phani
437 2529 590 2573 versio,
623 2529 663 2564 in
683 2540 757 2577 qua
784 2526 830 2565 P.
857 2526 1038 2571 Clovias,
1068 2526 1214 2562 auxilio
1234 2526 1378 2562 veniet.
1438 2523 1497 2561 De
1519 2522 1561 2561 C.
1581 2523 1746 2571 Titinio,

294 2587 356 2622 cui
386 2596 598 2635 cognomen
628 2594 821 2630 GADAEO,
863 2585 1003 2632 quique
1033 2593 1188 2629 operam
1212 2582 1253 2619 in
1287 2580 1547 2631 opprimendis
1565 2581 1745 2631 fugitivis

295 2641 446 2679 Licinio
489 2639 641 2677 Nervae
680 2639 782 2677 haud
812 2640 962 2678 futilem
994 2639 1179 2685 navavit.
1233 2637 1354 2687 deque
1386 2639 1629 2688 cognominis
1660 2638 1744 2674 eius

293 2710 449 2743 caussa,
480 2695 578 2733 nihil
601 2698 707 2733 novi.
769 2696 907 2734 wass.

406 2754 510 2792 532.
550 2753 620 2792 13.
644 2749 772 2793 Μετὰ
792 2754 875 2792 τιῖν
896 2747 1073 2791 ἐνόντων
1092 2747 1379 2805 στρατιωτῶν]
1408 2748 1631 2788 Praestaret
1650 2762 1745 2789 συν-

291 2805 435 2849 όντων.
493 2808 630 2848 wass.

404 2865 506 2904 Ibz‘d·
548 2862 717 2917 Διαβὰς
749 2862 823 2905 τὸν
841 2861 1019 2915 ”Αλβαν
1049 2859 1269 2916 ποταμὸν]
1317 2862 1482 2902 Videtur
1509 2875 1593 2901 esse
1634 2862 1745 2900 Alla-
