1859 3326
289 176 353 219 34
751 160 1282 212 ANNorA'rioNEs

290 292 367 342 τῆς
386 282 651 343 στρατηγίας,
667 281 909 340 Ἰφικράτην
940 283 1243 340 ανθαιροῦνται
1270 284 1424 324 Hellen.
1445 276 1488 324 L.
1503 274 1570 323 Vl.
1589 298 1624 336 p.
1639 283 1748 325 457

292 347 410 397 Dices
447 349 530 394 przi·
534 352 659 391 itum,
689 344 790 393 quod
817 349 948 381 tamen
980 350 1116 381 auctor
1146 343 1248 381 haud
1278 345 1397 393 feret,
1426 344 1468 380 in
1499 344 1620 382 classe
1641 341 1751 391 Iphi-

293 407 410 442 cratis
429 401 676 439 Timotheum
694 403 838 450 egisse:
867 400 934 437 sed
954 414 1025 437 nec
1045 400 1084 437 id
1104 403 1249 450 patitur
1266 399 1501 450 Xenophon,
1518 399 1751 449 Iphicratem

293 462 481 506 laudans,
511 458 612 507 quod
640 457 821 506 prudenti
849 470 943 494 usus
973 458 1138 494 consilio
1166 457 1241 493 sihi
1265 456 1315 494 ad
1342 456 1441 494 hanc
1465 456 1751 507 expeditionem

296 518 562 556 Callistratum
593 520 631 551 et
651 513 855 551 Chabriam
884 515 1011 551 socios
1040 514 1270 561 adsciverit,
1298 526 1346 550 ne
1374 513 1526 551 absenti
1552 517 1752 559 nocerent,

298 576 345 613 de
368 572 572 611 Timotheo
593 578 739 617 tacens,
766 571 861 608 dicti
879 571 946 609 lib.
968 583 1004 619 p.
1024 571 1134 611 461.
1165 570 1286 615 Quem
1307 570 1438 620 itaque
1460 575 1596 608 auctor
1615 581 1753 620 sequa-

295 639 382 678 tur,
410 631 538 666 dicere
560 640 639 665 non
657 626 789 665 habeo.
819 626 957 664 WVESS.

412 688 485 727 38.
520 685 559 724 5.
591 681 835 736 Στρατηγὸν
853 679 1038 733 ἑλόμενοι
1060 680 1324 736 Κτησικλέα]
1355 682 1492 721 Paullo
1513 688 1605 720 ante
1625 694 1658 719 c.
1673 681 1750 722 46.

295 744 500 783 Ctesiclem
533 745 572 778 in
603 740 850 791 Zacynthum
882 740 931 777 ad
959 753 1021 777 res
1049 740 1239 791 gerendas
1267 741 1512 787 amandavit,
1538 739 1641 776 unde
1665 750 1755 775 eum

295 808 375 840 tam
393 803 469 837 cito
488 798 674 845 rediisse,
699 798 875 846 equidem
896 796 998 834 haud
1019 798 1168 853 opinor.
1198 795 1420 847 Xenophon
1441 798 1510 834 sub
1535 796 1637 833 idem
1657 802 1755 832 tem-

296 872 392 910 pus,
420 869 494 905 quo
524 854 752 891 Timotheus
783 856 899 891 classi
930 854 1246 902 praeficiebatur,
1284 853 1464 905 Στησικ)
1469 851 1514 892 ἔα
1545 852 1754 891 Stesiclem.

296 929 385 952 cum
407 923 468 950 mc
489 913 666 961 peltastis
686 912 848 948 missum
867 913 936 958 ait,
963 918 1005 948 ut
1031 923 1099 959 per
1123 910 1379 948 Molossorum
1399 911 1584 948 ditionem
1596 910 1755 946 Alcetae

295 974 400 1022 regis
420 970 581 1015 auxilio,
603 968 652 1004 ad
670 981 774 1005 mare
793 975 904 1018 atque
925 970 965 1005 in
979 965 1188 1017 Corcyram
1204 967 1401 1005 tenderet:
1426 969 1556 1006 verius
1575 967 1755 1004 fortasse.

295 1028 394 1066 Vide
417 1029 498 1063 eius
522 1024 674 1061 Hellen.
694 1024 736 1062 L.
756 1025 822 1064 VI.
844 1037 879 1073 p·
898 1025 1006 1065 457.
1034 1025 1173 1064 VVESS.

410 1084 483 1123 39.
518 1084 587 1122 16.
624 1077 711 1121 Τόν
733 1095 776 1121 τε
796 1076 1057 1121 Μνάσιππον
1078 1078 1237 1131 ἀνεῖλε]
1265 1079 1415 1118 Bellum
1433 1081 1499 1118 ille
1523 1081 1696 1131 segniter
1716 1083 1758 1116 et

295 1140 521 1191 inprudenti
540 1140 692 1175 ratione
713 1138 1030 1185 administrabat,
1061 1145 1177 1184 nota,
1213 1150 1338 1188 neque
1372 1139 1573 1185 inmerita,
1600 1136 1757 1174 inustus

296 1199 344 1237 ab
369 1197 502 1234 eodem
522 1193 780 1244 Xenophonte
801 1195 843 1232 L.
864 1193 929 1231 VI.
951 1208 988 1245 p.
1013 1196 1122 1235 456.
1142 1201 1181 1231 et
1200 1195 1308 1235 458.
1339 1194 1474 1232 VVESS.

412 1254 485 1293 39.
520 1253 593 1291 26.
634 1250 719 1290 Καὶ
751 1250 1015 1304 Κρίνιππος]
1061 1251 1106 1288 In
1136 1250 1319 1300 Xenoph.
1349 1251 1417 1288 lib.
1449 1251 1552 1288 dicto
1584 1262 1618 1299 p.
1645 1249 1755 1290 460·

285 1308 503 1355 ’'Amnnog
538 1316 577 1345 et
598 1308 647 1345 ad
669 1321 774 1345 oram
794 1307 964 1355 Κνίπος.
1012 1307 1091 1346 Sed
1111 1309 1222 1345 male.
1249 1305 1483 1360 Κρίνιππον
1503 1307 1668 1345 eundem
1684 1319 1758 1345 vo-

293 1374 361 1406 'cat
380 1367 602 1416 Polyaenus
623 1363 791 1416 Strateg.
810 1365 852 1402 L.
880 1364 948 1404 ΠΙ.
973 1365 1015 1404 9.
1042 1365 1113 1405 55.
1143 1364 1279 1402 ἎῙΕΞΒ.

411 1425 485 1463 39.
518 1423 592 1462 30.
626 1422 836 1473 Νικοκλῆς
860 1416 880 1461 ὃ
901 1419 1112 1472 εὐνοῦχος]
1127 1421 1218 1458 Nori
1230 1421 1408 1458 meminit
1418 1420 1464 1458 de
1482 1433 1526 1458 ea
1540 1419 1655 1458 caede
1673 1420 1773 1459 lso-.

298 1487 440 1527 crates,
452 1482 545 1517 licet
565 1478 611 1516 de
631 1478 811 1529 Euagora
832 1485 870 1514 et
889 1480 971 1516 eius
984 1479 1064 1515 filio
1076 1478 1236 1516 Nicocle
1255 1479 1378 1516 multa
1401 1477 1558 1515 dixerit.
1576 1476 1759 1514 Nicocles

297 1540 375 1577 fuit
385 1537 587 1587 Euagorae
599 1535 701 1572 filius
714 1535 923 1586 legitimus,
942 1541 985 1572 ut
995 1547 1043 1571 ex
1053 1535 1188 1572 eodem
1200 1535 1369 1573 Isocrate
1381 1541 1498 1582 patet.
1520 1533 1598 1571 Sed
1610 1546 1659 1570 ex
1673 1534 1758 1570 eius

300 1596 458 1632 silentio
476 1606 554 1630 non
576 1599 634 1630 est
653 1592 906 1638 damnandus,
935 1598 979 1629 ut
999 1592 1135 1639 falsus,
1168 1591 1241 1628 hoc
1262 1593 1349 1629 loco
1366 1589 1574 1629 Diodorus.
1606 1590 1706 1627 Nam
1724 1591 1759 1627 is

299 1651 448 1689 Rhetor
466 1650 618 1687 Nicocli
639 1649 839 1697 adulatur,
878 1656 915 1685 et
942 1648 1029 1685 ideo
1045 1651 1181 1697 ¹potuit
1199 1649 1508 1698 praetermittere
1532 1655 1610 1685 tam
1631 1647 1759 1685 dirum

299 1710 464 1748 facinuS.
497 1705 768 1754 Theopompus
791 1712 891 1742 certe
910 1704 952 1741 L.
973 1704 1066 1742 ΧΙΙ.
1084 1704 1331 1743 historiarum
1352 1705 1454 1754 apud
1466 1698 1664 1751 Photium,
1691 1717 1760 1741 eu-

299 1764 471 1803 nuchum
491 1763 681 1812 quendam
699 1764 755 1799 ait
778 1775 859 1799 eam
880 1761 1032 1798 caedem
1053 1769 1245 1812 patrasse,
1275 1761 1342 1799 sed
1361 1775 1448 1799 eum
1467 1760 1762 1812 Thrasydaeum

300 1823 480 1867 nomine,
506 1822 631 1870 patria
653 1818 789 1856 Eleum
816 1819 937 1855 fuisse
969 1820 1035 1855 ait.
1078 1818 1235 1856 Occidit
1253 1826 1383 1856 autem
1402 1831 1482 1856 non
1509 1820 1636 1856 solum
1654 1817 1761 1856 Eua-

301 1891 436 1930 goram
452 1905 463 1924 ,
494 1875 561 1913 sed
583 1883 620 1912 et
646 1877 728 1912 eius
759 1876 880 1912 filium
908 1873 1171 1926 Pythagoram
1202 1878 1410 1924 maiorem,
1443 1881 1485 1912 ut
1505 1881 1622 1924 puto,
1648 1881 1760 1922 natu,

302 1942 342 1972 et
359 1935 461 1971 forte
481 1940 524 1970 ut
543 1939 725 1983 regnaret
742 1931 945 1979 Nicocles,
972 1938 1016 1969 ut
1036 1933 1227 1969 coniicere
1249 1933 1343 1970 licet
1362 1945 1410 1970 ex
1431 1932 1500 1970 illo
1522 1931 1763 1982 Theopompi

301 1993 390 2028 loco
410 2003 495 2027 cum
516 1989 588 2026 hoc
602 1988 766 2026 Diodori
787 1990 943 2035 collato,
965 1996 1003 2025 et
1022 2001 1072 2025 ex
1091 1988 1260 2026 rhetoris
1279 1991 1448 2037 silentio,
1482 1990 1548 2037 qui
1569 1989 1614 2025 de
1635 1994 1761 2026 morte

303 2046 507 2098 Euagorae
538 2049 674 2083 necin
696 2045 877 2096 Euagora
918 2057 989 2081 nec
1018 2046 1060 2081 in
1087 2045 1234 2082 duabus
1269 2045 1317 2082 ad
1348 2045 1549 2083 Nicoclem
1576 2045 1761 2083 exhorta-

303 2104 477 2142 tionibus
496 2116 544 2141 ne
566 2103 726 2140 verbum
745 2102 898 2151 quidem
915 2101 1020 2138 fecit.
1050 2101 1140 2138 Ideo
1160 2114 1239 2138 non
1265 2101 1398 2139 dubito
1421 2114 1470 2139 ex
1493 2101 1553 2138 his
1574 2104 1762 2152 praemis-

305 2162 360 2198 sis
392 2159 621 2197 concludere
655 2158 729 2195 hoc
758 2160 843 2195 loco
863 2157 1028 2195 Diodori
1057 2158 1194 2197 debere
1217 2158 1296 2209 legi
1322 2159 1534 2210 Νικοκλῆς
1563 2158 1631 2197 καὶ
1652 2153 1673 2198 ὃ
1696 2155 1763 2198 εὖ·

304 2218 465 2267 νοῦχος.
492 2216 623 2253 PALM.
668 2215 714 2252 In
743 2214 803 2252 his
833 2214 978 2263 aliquid
1006 2213 1159 2264 deesse,
1191 2215 1359 2264 suspicio
1387 2214 1489 2252 haud
1517 2223 1577 2252 est
1600 2217 1759 2255 iniusta.

305 2273 527 2324 Evagoram
550 2273 597 2308 ab
624 2271 798 2309 eunucho
827 2272 947 2309 fuisse
970 2272 1218 2309 interemtum
1247 2273 1497 2309 consentiunt
1526 2271 1760 2310 Aristoteles

306 2328 533 2368 Polit.L.V.
554 2330 624 2369 10.
647 2334 686 2365 et
703 2327 1012 2376 exTheopompo
1034 2341 1103 2365 suo
1122 2327 1284 2366 Photius
1304 2326 1624 2367 Cod.CLXXVl.
1653 2329 1762 2366 Patri

306 2385 536 2424 successisse
564 2385 782 2433 Nicoclem,
821 2397 933 2434 quem
963 2397 1098 2431 nemo,
1133 2385 1236 2434 quod
1273 2385 1427 2434 quidem
1455 2386 1601 2422 rescire
1635 2386 1760 2434 potui,

307 2441 524 2480 eunuchum
551 2440 768 2491 perhibuit,
802 2440 993 2478 Isocrates
1020 2441 1130 2478 testis
1159 2448 1228 2479 est.
1268 2442 1520 2480 Laudandum
1548 2455 1640 2492 ergo
1669 2441 1761 2479 Pal-

307 2500 444 2546 merii‚
473 2500 546 2535 etsi
562 2499 728 2535 fortasse
757 2511 835 2535 non
855 2499 950 2535 bene
971 2498 1134 2545 cecidit,
1163 2498 1398 2536 institutum.
1438 2498 1539 2565 Lege
1559 2501 1662 2536 enim
1682 2498 1760 2537 Νι-

309 2556 459 2614 κοκλῆς
481 2553 551 2593 καὶ
571 2549 591 2594 ὃ
614 2551 819 2605 εὐνοῦχος,
847 2561 890 2591 ut
911 2556 978 2593 ille
997 2557 1178 2602 correxit,
1204 2558 1421 2593 necessario
1442 2558 1482 2593 in
1501 2557 1615 2606 regni
1641 2556 1760 2593 etiam

310 2611 556 2658 societatem,
586 2613 702 2648 sicuti
729 2613 771 2648 in
801 2611 998 2660 parricidii
1026 2619 1151 2660 partes
1176 2618 1360 2659 venerat,
1396 2611 1653 2649 admittendus
1683 2613 1760 2649 erit

310 2667 528 2705 eunuchus:
559 2667 605 2704 de
628 2679 702 2715 quo
724 2673 854 2704 tamen
883 2666 1001 2717 Cypri
1024 2681 1113 2719 rege
1140 2671 1225 2718 quis
1253 2667 1507 2706 memoravit?
1538 2668 1674 2706 Potius
1694 2680 1760 2705 ac-

310 2737 462 2761 cessero
483 2723 701 2771 Simsonio,
730 2725 796 2773 qui
824 2727 865 2761 in
888 2723 1030 2763 Chron.
1049 2725 1098 2761 ad
1118 2737 1207 2762 ann.
1241 2726 1379 2767 3631.
1412 2724 1653 2762 deficientem
1673 2737 1760 2762 ora-

308 2783 453 2818 tionem
481 2781 675 2830 supplevit
705 2788 743 2817 et
771 2779 1010 2827 emendavit,
1053 2780 1276 2833 Νικοκλῆς,
1310 2780 1394 2821 ἐπεὶ
1425 2776 1445 2821 ὅ
1479 2778 1673 2831 εὐνοῦχος
1706 2801 1754 2808 --

308 2835 507 2887 βασιλέα,
542 2839 616 2890 τῆς
645 2838 729 2877 τῶν
750 2844 820 2876 etc.
868 2835 934 2875 Sic
964 2844 1117 2875 constat
1135 2841 1281 2887 oratio,
1314 2845 1352 2876 et
1386 2838 1543 2875 sceleris
1575 2839 1757 2875 societate
