1859 3326
307 181 370 225 96
739 156 1265 218 ANNorArioNsss

424 291 528 336 105.
558 293 630 333 88.
665 287 847 348 Θανάτῳ
875 284 1146 343 κολάζουσιν]
1182 289 1281 328 Vide
1302 296 1382 331 not.
1401 303 1435 329 c.
1453 288 1529 332 25.
1552 288 1688 330 Wess.

424 350 527 391 105.
550 350 625 389 95.
649 333 919 400 Ἀνήγαγον]
948 348 1123 385 Positum
1146 354 1205 384 est
1224 349 1310 385 loco
1334 343 1560 400 ἀπήγαγον,
1589 347 1691 396 quod
1717 346 1763 384 de

309 406 475 456 captivis
506 414 544 443 et
578 405 619 442 iu
647 417 837 442 carcerem
867 416 912 442 ac
942 404 1172 453 supplicium
1198 403 1325 441 ductis
1355 405 1478 441 multo
1503 405 1644 441 tritius.
1674 402 1762 441 Vitl.

307 461 442 501 Desid.
461 460 673 499 Heraldum
694 459 856 498 Advers.
874 460 916 497 L.
942 459 970 499 1.
999 461 1068 500 ll.
1099 460 1254 497 Porro
1243 473 1284 497 m
1312 457 1476 511 ἐποίησε
1493 456 1760 510 μεταθέσθαι

307 522 446 572 τῆς-
460 515 661 570 τιμωρίας
675 517 909 566 praepositio
922 515 1268 567 subintelligenda:
1300 518 1494 564 ceteroqui
1513 529 1626 553 casus
1648 527 1762 565 quar-

309 582 372 614 tus
394 576 534 614 fuisset
554 585 603 610 ex
622 586 694 610 usu
713 575 850 624 magis.
880 572 1015 612 WEss.
1051 571 1249 622 Appianas
1272 570 1356 611 Bel.
1387 570 1659 613 Civ.111.29.
1687 573 1764 625 τῆς

307 627 474 686 γνώμης
491 627 811 695 μετατίθεσθαι.

426 687 632 728 105.10.
673 679 849 724 Ἑαυτὸν
879 678 1205 737 κατεκρήμνισε]
1239 682 1418 735 Pugnato
1438 681 1602 723 adverso
1620 683 1668 722 ad
1694 696 1762 721 ur-

308 742 396 783 bem
412 742 613 788 Neonem,
642 752 716 790 qua
734 741 780 779 de
800 740 875 778 lac.
897 739 1061 778 Palmer.
1079 740 1215 778 Graec.
1237 740 1329 778 Ant.
1349 740 1391 778 1..
1408 740 1473 778 V1.
1500 742 1570 781 11.
1601 741 1762 789 praelio,

310 804 440 839 victus
457 798 692 836 Philomelus
713 810 762 834 ex
783 804 1002 846 praerupto,
1021 799 1063 834 in
1080 797 1183 846 quod
1189 798 1384 865 Mfugemt’,
1398 809 1492 834 saxo
1513 809 1595 834 sese
1615 798 1762 846 praeci-

288 857 428 923 ¹pitem
449 854 566 891 dedit.
596 848 646 893 ‘O
679 854 759 892 Φιλ
764 849 921 905 όμηλος
951 850 1080 907 ῥίπτει
1109 867 1152 892 τε
1182 848 1332 893 ἑαυτὸν
1365 850 1408 891 ἐν
1411 854 1484 918 τῇ
1510 855 1620 921 φυγῆ
1655 849 1762 892 κατὰ

308 909 477 964 υψηλοῦ
510 908 578 948 καὶ
598 906 812 961 ἀποτόμου
833 912 1043 964 κρημνοῦ,
1070 908 1138 948 καὶ
1166 906 1338 962 ἀφίησιν
1370 905 1480 948 οὕτω
1501 906 1577 960 τὴν
1605 905 1761 960 ψυχὴν,

309 969 478 1009 Pausan.
500 965 542 1003 I.
563 964 615 1003 X.
635 967 677 1006 2.
669 980 732 1017 ..Ρ
747 967 853 1007 802.
886 965 1063 1004 Meminit
1082 967 1198 1003 etiam
1217 966 1331 1003 Philo
1351 965 1447 1012 lud„
1472 965 1538 1002 sed
1561 971 1675 1013 rupta
1694 978 1760 1013 pe-

309 1033 370 1063 tra
390 1024 578 1061 deiectum
606 1023 728 1060 fuisse
750 1023 1004 1073 sacrilegum,
1042 1019 1114 1089 ‘stov
1145 1020 1222 1072 μὲν
1249 1020 1328 1074 γὰρ
1359 1016 1497 1091 (dms
1465 1022 1585 1072 .ομη7
1576 1019 1666 1073 ον)
1694 1017 1761 1059 (διὰ
1799 1023 1802 1026 ’

309 1077 444 1135 λόφου
474 1076 647 1131 τραχέος
675 1077 744 1118 καὶ
773 1074 1004 1126 λιθωὸους,
1047 1076 1238 1132 ραγείσης
1265 1092 1340 1129 της
1368 1093 1416 1116 πε
1401 1075 1521 1130 ἐτρας
1549 1091 1762 1129 κατακοη-

307 1134 545 1190 μνισθῆναί
571 1149 614 1174 τε
643 1150 711 1174 και
731 1136 861 1174 κατα7
867 1137 1083 1188 ευσθῆναι,
1110 1134 1210 1184 apud
1228 1134 1368 1172 Euseb.
1388 1133 1524 1183 Praep.
1546 1132 1748 1185 Evang.L

310 1193 415 1232 VIII.
443 1192 512 1232 14.
538 1204 573 1240 p.
593 1191 701 1231 392.
723 1190 773 1228 D.
803 1191 939 1229 Wssss.

426 1249 530 1289 105.
557 1249 626 1290 12.
656 1243 937 1301 Ὀνόμαρχος]
964 1246 1170 1286 Philomeli
1187 1246 1333 1294 frater,
1354 1252 1397 1284 ut
1417 1245 1576 1284 docetur
1596 1245 1762 1284 inferius

309 1317 343 1344 c.
366 1307 440 1347 62.
471 1305 608 1342 wssss.

429 1361 643 1402 106.17.
682 1354 902 1412 Μεθώνην
934 1357 1010 1411 μὲν
1038 1353 1390 1413 ἕκπο7ιοοκῆσας]
1422 1357 1557 1396 Serius
1578 1357 1761 1410 contigit,

311 1418 346 1456 si
364 1431 443 1455 non
462 1419 567 1455 fallit
588 1419 749 1467 ipsemet
776 1424 910 1454 auctor
931 1430 963 1454 c.
987 1417 1062 1456 34.
1100 1417 1314 1455 Mothonen
1334 1423 1463 1452 tamen
1483 1421 1573 1453 ante
1591 1414 1759 1466 Pagasas

310 1482 534 1524 occupatam
553 1474 717 1511 collocat
738 1472 990 1510 Demosthen.
1011 1472 1173 1522 Olynth.
1195 1473 1223 1511 I.
1246 1482 1282 1523 p.
1301 1472 1345 1512 4.
1370 1471 1506 1509 Wssss.

431 1532 534 1572 106.
564 1532 636 1571 18.
679 1527 801 1582 Πα)
782 1544 830 1576 ας
848 1528 893 1570 δὲ
907 1525 1242 1581 χειοωσάμενος]
1271 1528 1406 1565 Fuisse
1428 1535 1519 1576 puto
1539 1523 1761 1579 Παγασὰς,

311 1598 425 1636 quam
454 1587 587 1624 urbem
615 1599 638 1623 a
665 1585 843 1636 Philippo
880 1588 997 1623 armis
1026 1585 1208 1624 domitam
1235 1598 1280 1622 ac
1309 1585 1452 1621 ditioni
1480 1584 1670 1621 subditam
1710 1595 1760 1620 ex

309 1641 482 1681 Diodoro
503 1641 676 1692 perhibet
687 1641 850 1680 Gemist.
862 1641 1011 1679 Pletho.
1021 1641 1104 1679 Nec
1117 1642 1295 1679 dissentit
1305 1639 1581 1678 Demosthenes
1593 1638 1757 1690 Olynth.

309 1698 339 1739 Ι.
362 1706 400 1736 et
421 1698 468 1738 11.
493 1711 529 1748 p.
556 1700 627 1740 13.
650 1698 804 1750 Pagae,
836 1698 937 1749 quod
958 1698 1113 1748 quidem
1132 1701 1274 1746 sciam,
1305 1699 1434 1735 nullae
1454 1695 1526 1735 hoc
1546 1702 1657 1734 erant
1676 1703 1760 1734 tra-

304 1762 387 1794 ·ctu.
415 1755 550 1793 Wssss.

426 1813 530 1852 106.
551 1811 625 1851 20.
652 1806 826 1864 ''Apgag
845 1806 914 1862 ἴτη
937 1806 1277 1864 τεσσαράκοντα]
1310 1808 1398 1847 Vid.
1417 1814 1496 1846 not.
1521 1809 1564 1846 in
1583 1806 1626 1845 L.
1644 1806 1757 1847 XIV.

311 1868 387 1909 96.
414 1866 491 1905 Dio
511 1866 711 1918 Chrysost.
731 1868 809 1904 illis
829 1867 987 1917 regibus
1007 1867 1222 1904 Leuconem
1242 1872 1440 1912 accenset,
1469 1867 1536 1914 qui
1553 1866 1657 1913 vitae
1676 1877 1760 1901 mo-

309 1923 442 1961 derato
464 1926 646 1961 instituto
664 1936 803 1962 aevum
820 1923 994 1960 ultimam
1013 1926 1053 1960 in
1065 1929 1302 1961 senectutem
1324 1920 1594 1959 extenderunt.
1622 1920 1692 1960 Or.
1711 1919 1759 1958 11.

309 1991 347 2030 p.
371 1981 443 2020 35.
465 1979 513 2017 D.
543 1979 680 2017 Fuisse
698 1989 792 2018 vero
813 1991 916 2016 anno
940 1982 1135 2029 superiore
1154 1981 1412 2029 superstitem,
1439 1990 1488 2014 ex
1507 1975 1758 2014 Demosthen.

311 2036 380 2074 Or.
412 2038 453 2074 in
481 2035 634 2085 Leptin.
662 2049 700 2086 p.
721 2038 780 2077 28
791 2036 842 2083 5.,
871 2048 984 2085 quam
1011 2035 1206 2073 Archonte
1225 2034 1448 2072 Callistrato
1474 2036 1676 2071 recitatam
1708 2045 1758 2070 ex

309 2090 502 2142 Dionysio
534 2094 737 2140 novimus,
776 2099 879 2129 certa
898 2094 1075 2141 claraque
1093 2105 1157 2130 res
1178 2098 1254 2129 est:
1294 2104 1373 2128 non
1393 2091 1483 2127 item
1496 2114 1509 2137 ,
1541 2090 1758 2127 Leuconem

310 2149 474 2187 eundem
493 2161 590 2196 esse,
617 2148 663 2185 de
683 2161 758 2198 quo
779 2147 944 2186 Ovidius
976 2148 1030 2185 Ib.
1051 2163 1088 2187 v.
1111 2149 1166 2188 31
1184 2150 1217 2188 l.
1246 2145 1306 2184 De
1318 2146 1505 2197 Spartaco
1530 2147 1573 2184 in
1591 2144 1757 2183 Dissert.

310 2204 358 2245 de
379 2204 542 2253 Bospori
563 2218 642 2255 reg.
658 2217 693 2255 p.
718 2206 789 2245 57.
815 2204 858 2242 P.
878 2203 923 2241 E.
946 2205 1117 2242 Souciet.
1146 2204 1282 2242 Wssss.

310 2315 362 2357 W
427 2263 530 2303 106.
572 2262 648 2301 23.
699 2258 822 2315 Πρὸς
863 2260 1131 2312 Φαλίσκους]
1179 2260 1255 2298 Adi
1291 2259 1445 2298 Livium
1481 2255 1527 2297 L.
1562 2256 1646 2295 VH.
1684 2258 1756 2299 16.

363 2327 446 2354 Ess.

425 2374 530 2414 106.
559 2373 635 2413 27.
658 2366 763 2412 ‘ero
784 2371 1038 2413 Ζακυνθίων
1058 2374 1143 2413 τῶν
1160 2365 1474 2425 μισθοφόρων]
1501 2368 1628 2407 Nimis
1646 2368 1756 2407 brevi

309 2439 486 2467 sermone
515 2430 698 2466 extremis
724 2431 801 2466 viri
831 2431 1152 2479 praestantissimi
1187 2431 1309 2480 gestis
1344 2433 1478 2464 auctor
1515 2426 1751 2476 defungitur.

309 2483 510 2536 Copiosius
529 2485 615 2522 Cor.
634 2485 761 2533 Nepos
780 2484 898 2525 Dion.
922 2500 954 2523 c.
979 2487 1020 2526 9.
1048 2493 1086 2522 et
1105 2485 1206 2522 Plut.
1227 2483 1343 2522 Dion.
1368 2497 1402 2533 p.
1422 2483 1528 2523 983.
1548 2480 1755 2531 Callippus,

310 2545 376 2591 qui
394 2541 536 2591 Nepoti
555 2540 791 2589 Callicrates,
822 2541 935 2579 homo
955 2550 992 2579 et
1010 2542 1173 2578 callidus
1192 2548 1230 2577 et
1252 2540 1298 2577 ad
1320 2539 1495 2576 fraudem
1512 2545 1659 2584 acutus,
1688 2537 1754 2574 sed

308 2598 394 2636 sine
414 2598 702 2648 ulla-religione
723 2603 762 2634 et
778 2597 867 2645 fide,
890 2598 1001 2635 domo
1055 2597 1281 2644 theniensis,
1310 2598 1351 2633 in
1373 2596 1489 2633 breve
1509 2601 1654 2643 tempus
1676 2591 1753 2643 Sy-

307 2656 455 2692 racusis
475 2654 731 2704 principatum
751 2653 936 2701 obtinuit,
967 2653 1012 2691 de
1077 2653 1207 2692 eodem
1227 2652 1371 2704 gladio,
1396 2664 1470 2701 quo
1484 2651 1647 2687 amicum
1658 2647 1754 2686 Dio-

308 2722 398 2748 nem
418 2710 665 2758 confecerat,
696 2709 916 2760 iugulatus,
942 2715 1041 2747 teste
1072 2709 1214 2748 ibidem
1241 2707 1472 2753 Plutarcho,
1515 2712 1554 2743 et
1579 2705 1625 2742 de
1657 2704 1753 2743 Sera

306 2765 422 2804 Num.
446 2765 560 2804 Vind.
579 2779 614 2816 p.
640 2765 744 2805 553.
765 2763 828 2812 D.,
849 2766 910 2803 cui
930 2766 1046 2817 iunge
1064 2764 1267 2805 Platonem
1283 2764 1406 2817 Epist.
1425 2761 1509 2801 VII.
1527 2774 1565 2814 p.
1580 2761 1685 2803 334.
1714 2768 1752 2800 et

309 2822 447 2862 Athen.
478 2821 522 2862 1..
542 2821 613 2862 XI.
632 2833 670 2874 p.
693 2821 797 2864 508.
816 2821 861 2860 F.
894 2820 1030 2860 wass,
