1875 3310
444 211 734 245 oECONoMIA
767 212 1042 247 msa-onom
1079 216 1304 256 monom,
1440 223 1565 256 cxcv

101 319 220 355 prope
236 307 394 353 Arbela,
419 313 545 344 castra
562 309 688 353 ponit,
712 309 812 343 unde
831 310 947 344 missa
963 311 1168 356 legatione,
1196 326 1312 350 noras
1329 317 1564 363 splendidas-

104 377 178 411 que
198 368 299 411 pacis
315 367 550 401 conditiones
569 368 755 410 proponit,
776 367 823 399 ab
840 368 1053 402 Alexandro
1069 372 1301 413 repudiatas,
1348 377 1564 413 Alexander

103 425 230 467 copias
261 425 411 470 propius
443 424 556 457 ducit.
622 424 664 456 In
700 424 836 456 itinere
867 426 1025 458 moritur
1050 426 1155 460 Darii
1185 431 1331 465 coniux.
1370 436 1562 471 c.53..54,

101 482 211 513 Acies
229 481 276 513 ad
294 482 478 524 proelium
500 483 748 514 instruuntur.
787 480 926 514 Proelii
944 482 991 515 ad
1011 484 1147 518 Arbela
1165 486 1380 531 descriptio.
1420 490 1561 525 Darius

98 538 222 571 vietus
238 548 353 581 aegre
374 539 547 572 elabitur.
595 538 798 570 Caesorum
818 548 1006 572 numerus.
1040 552 1069 574 e.
1089 545 1252 580 55—61.

191 597 290 628 Anu.
313 598 346 631 3.
394 596 535 629 Noster
559 597 706 628 interea
730 605 791 627 res
813 595 849 627 in
871 595 1020 640 Europa
1037 603 1165 641 gestas
1183 602 1445 646 circumspicit.
1490 605 1563 640 Rc-

99 652 158 695 gis
177 652 316 685 iterata
335 654 492 686 victoria
509 653 707 694 invidiam,
737 652 910 684 absentia
931 654 1124 688 audaciam
1147 657 1327 692 fecerunt.
1371 661 1564 706 Memnon,

98 710 137 741 in
163 709 362 743 'flii-ariam
391 712 527 743 missus
557 710 602 742 ad
630 710 941 753 compescendam
972 712 1212 755 seditionem,
1248 716 1328 759 ipse
1354 717 1562 754 defecerat.

99 764 198 800 Dum
226 770 425 812 Antipater
442 768 624 801 adversus
645 766 742 799 bunc
761 768 888 810 copias
913 767 1034 809 ducit,
1069 769 1360 806 Lacedaemonii
1391 780 1428 809 et
1455 776 1561 811 Pelo-

98 825 365 866 ponnesiurum
389 826 516 869 plures
534 825 672 857 bellum
694 829 857 857 movent.
905 824 978 857 Sed
998 827 1214 870 Antipater,
1237 830 1349 863 rebus
1369 844 1478 876 quam
1503 845 1561 868 ce-

97 879 254 914 lerrime
281 883 520 926 compositis,
555 892 574 915 e
595 881 759 914 Thracia
787 880 957 920 advolat,
992 886 1029 914 ot
1050 887 1247 919 commisso
1268 889 1412 930 proelio
1431 889 1560 925 hostes

97 937 270 983 dissipat.
329 940 474 973 Cecidit
492 939 562 973 boc
576 940 721 983 proelio
736 940 840 984 Agis,
864 948 930 972 rex
950 937 1351 982 Lacedaemoniorum.
1383 957 1414 981 c.
1427 952 1481 986 62,
1500 951 1559 986 63,

616 1033 745 1073 Pars
774 1035 1055 1087 posterior.

186 1107 229 1141 ln
245 1108 370 1141 Asiam
386 1108 593 1141 revertitur
609 1106 824 1143 historicus.
866 1106 956 1141 Post
974 1108 1117 1142 cladem
1138 1109 1184 1143 ad
1202 1111 1338 1146 Arbela
1353 1119 1559 1159 acceptam,

93 1162 236 1197 Darius
255 1166 291 1197 in
312 1167 522 1208 provincias
542 1166 758 1209 superiores
775 1165 894 1209 fugit3
928 1166 1133 1199 Ecbatanis
1160 1168 1198 1200 in
1223 1169 1351 1203 Media
1371 1175 1496 1215 quiete
1516 1185 1559 1207 se

94 1231 259 1266 suosque
280 1221 424 1264 reficit,
462 1228 499 1255 et
520 1233 634 1255 noras
652 1224 779 1266 copias
798 1224 909 1266 cogit.
953 1223 1188 1266 Alexander,
1225 1227 1385 1260 collecta
1413 1231 1560 1273 ingenti

93 1279 258 1323 praeda,
291 1281 410 1323 primo
436 1280 670 1323 Babylonem
699 1281 812 1322 petit,
842 1279 902 1311 ubi
924 1280 1078 1312 militem
1098 1283 1293 1316 commodo
1314 1283 1475 1328 bospitio
1495 1298 1560 1320 re-

95 1342 200 1369 creat
219 1342 257 1370 et
273 1338 448 1381 praemiis
468 1339 620 1373 excitat.
662 1348 691 1372 e.
716 1337 770 1373 64.
821 1336 911 1369 lnde
931 1337 1031 1370 inter
1047 1339 1258 1381 ingressus,
1291 1343 1397 1374 novis
1420 1353 1465 1375 ex
1488 1344 1559 1376 En-

95 1403 189 1437 ropa
206 1396 371 1438 acceptis
391 1395 525 1438 copiis,
563 1401 690 1428 movet
705 1395 740 1427 in
759 1394 987 1427 Sittacenam
1006 1397 1220 1438 regionem,
1245 1397 1330 1430 hinc
1350 1399 1444 1432 Susa
1460 1424 1470 1441 ,
1496 1402 1560 1434 ubi

92 1461 226 1495 gazam
258 1453 420 1495 regiam,
455 1452 518 1485 diu
547 1452 797 1493 reconditam,
835 1453 989 1494 reperit.
1051 1451 1198 1486 Relicta
1221 1455 1271 1487 ibi
1300 1456 1407 1488 Darii
1436 1463 1557 1492 ma'5‘e

93 1519 176 1541 cum
206 1509 358 1551 liberis,
391 1511 553 1544 traiecto
581 1509 780 1553 Pasitigri,
815 1510 998 1552 pei-invia
1025 1514 1063 1542 et
1081 1511 1182 1543 inter
1201 1512 1277 1544 tela
1300 1512 1480 1557 bostium,
1519 1519 1558 1550 in

92 1567 288 1609 regionem
309 1568 488 1601 Uxiorum
511 1569 704 1612 pervenit3
736 1568 926 1610 superatis
955 1566 1091 1600 deinde
1112 1567 1287 1610 rupibus,
1319 1582 1414 1615 quae
1432 1572 1557 1607 Susia-

93 1622 161 1656 des
179 1629 381 1667 vocantur,
416 1626 592 1670 victoque
612 1625 890 1665 Ariobarzane,
926 1623 1146 1667 l'ersepolin
1163 1626 1199 1657 vi
1220 1627 1337 1669 capit,
1369 1631 1559 1672 exspoliat

94 1684 134 1713 et
161 1679 356 1723 devastat,
391 1693 488 1726 gaza
514 1684 620 1727 regia
649 1686 688 1715 et
713 1692 800 1716 arce
821 1682 890 1714 sibi
913 1682 983 1714 soli
1001 1687 1167 1714 servata.
1212 1684 1318 1717 Arcis
1339 1685 1556 1730 descriptio.

92 1747 124 1770 c·
141 1741 305 1776 65-—71-
353 1741 449 1773 Tum
478 1740 524 1773 ob
544 1741 741 1773 >victoriam
762 1740 942 1772 conviviis
962 1743 1000 1772 et
1021 1741 1347 1774 comissationibus
1373 1743 1558 1788 indulget,

89 1795 192 1827 inter
216 1806 330 1840 quas,
360 1808 473 1830 suasu
494 1803 532 1831 et
550 1797 702 1831 hortatu
720 1795 897 1837 'rba-titiis,
926 1797 1032 1839 regia
1051 1797 1225 1843 incendio
1244 1798 1403 1835 deletur.
1454 1802 1558 1834 'l'an-

91 1851 176 1884 dem
195 1852 360 1887 subactis
379 1854 546 1888 Persidis
568 1855 744 1896 urbibus,
779 1853 919 1887 Bactra
943 1854 1084 1896 tendit,
1114 1866 1186 1899 quo
1211 1854 1350 1888 Darius
1378 1858 1558 1903 perfuge—

89 1912 170 1950 rat,
201 1920 310 1953 quem
338 1918 464 1944 tamen
493 1913 644 1945 interea
671 1912 814 1946 Bessus
840 1911 926 1945 dolo
955 1915 1109 1955 ceperat
1138 1916 1175 1944 et
1196 1914 1399 1950 occiderat.
1442 1917 1556 1950 Hunc

89 1968 194 2010 regis
214 1969 497 2003 interfectorem
521 1969 737 2002 Alexander
756 1969 1004 2013 nequidquam
1027 1971 1278 2013 persequitur.
1311 1982 1341 2008 c,
1361 1975 1416 2007 72.
1438 1976 1493 2010 73.

180 2023 305 2057 Rebus
326 2025 362 2057 in
383 2028 470 2060 Asia
488 2027 534 2059 ad
557 2026 654 2060 hunc
672 2028 783 2061 finem
804 2027 1013 2071 perductis,
1041 2026 1233 2059 Diodorus
1252 2034 1360 2070 gesta
1380 2029 1416 2061 in
1437 2030 1555 2064 Euro-

87 2090 136 2126 pa
153 2083 280 2124 paucis
301 2085 451 2126 repetit.
497 2083 815 2126 Lacedaemonii,
849 2084 895 2117 ab
914 2085 1110 2128 Antipatro
1133 2085 1240 2126 victi,
1270 2085 1394 2118 missis
1413 2086 1553 2130 legatis

86 2141 237 2173 veniam
257 2140 484 2174 defectionis
506 2141 551 2174 ab
570 2141 784 2175 Alexandro
804 2147 946 2186 petunt.
982 2153 1011 2175 c.
1031 2144 1074 2179 73
1094 2145 1192 2174 extr.

179 2196 275 2230 Αηη.
295 2198 329 2234 4.
379 2197 513 2232 Obiter
539 2205 856 2233 commemoratur
880 2199 1044 2241 Bessus,
1077 2200 1138 2242 qui
1164 2203 1297 2242 postea
1323 2199 1551 2236 Bactrianae

87 2264 248 2298 regnum
267 2260 463 2288 assecutus
482 2260 551 2295 est.
580 2277 626 2282 -—
657 2257 875 2291 Alexander
895 2257 1097 2298 militibus,
1121 2258 1183 2302 qui
1201 2257 1246 2290 ob
1266 2257 1370 2290 Darii
1391 2264 1550 2293 mortem

88 2322 192 2356 spem
214 2312 359 2345 reditus
376 2313 411 2344 in
432 2314 592 2356 patriam
613 2319 887 2358 conceperant,
920 2314 1144 2358 persuadet,
1181 2324 1226 2347 ne
1251 2315 1393 2357 ipsum,
1427 2317 1474 2349 ad
1500 2318 1552 2350 ul-

87 2371 232 2403 teriora
251 2369 483 2410 tendentem,
503 2372 729 2416 relinquant.
759 2382 788 2407 c.
807 2374 862 2408 74.
909 2373 1119 2405 Ulteriores
1143 2371 1423 2415 expeditiones:
1452 2375 1487 2417 1)
1511 2374 1548 2406 in

87 2428 336 2471 Hyrcaniam.
384 2426 504 2459 Maris
529 2428 653 2472 Caspii
674 2435 711 2462 et
730 2429 947 2472 Hyrcaniae
965 2440 1027 2462 res
1050 2433 1258 2462 memoratu
1276 2428 1412 2471 dignae
1437 2439 1550 2473 expo-

88 2490 241 2516 nuntur.
285 2484 397 2517 Multi
425 2489 463 2517 et
492 2483 631 2519 Persae
660 2491 698 2519 et
723 2486 880 2528 Graeci,
912 2489 972 2531 qni
998 2488 1034 2518 in
1050 2487 1154 2519 Darii
1173 2485 1342 2518 exercitu
1359 2485 1550 2519 militave-

88 2546 194 2581 rant,
230 2546 353 2574 castra
370 2542 574 2575 Alexandri
594 2549 812 2588 sequuntur.
853 2555 881 2577 c.
900 2547 953 2581 75.
981 2547 1025 2580 76
1046 2554 1098 2586 pr.
1139 2546 1175 2584 2)
1201 2543 1237 2574 in
1256 2541 1472 2574 Mardorum
1492 2553 1548 2576 re·

87 2599 253 2642 gionem.
300 2598 440 2642 Regius
461 2609 578 2643 equus
595 2601 645 2633 ibi
666 2601 765 2635 l‘urto
784 2602 952 2642 ablatus,
986 2601 1051 2633 sed
1072 2601 1280 2633 restitutus.
1315 2607 1342 2632 c.
1363 2601 1418 2634 76.
1467 2598 1549 2632 Ne-

89 2666 161 2699 que
189 2656 264 2688 alia
289 2658 427 2689 omittit
446 2654 672 2698 historicus,
707 2669 802 2703 quae
831 2663 1040 2692 memoratu
1064 2657 1179 2699 digna
1205 2657 1285 2687 risa
1314 2654 1473 2696 fuerint,
1506 2661 1549 2690 ut

88 2711 321 2755 Thalestris,
356 2715 511 2758 reginae
541 2717 792 2757 Amazonum,
825 2717 871 2749 ad
898 2726 1025 2759 regem
1056 2715 1209 2747 aditum.
1268 2712 1362 2744 'l'um
1389 2713 1548 2755 primum

86 2778 152 2801 rex
167 2795 175 2807 ‚
209 2772 457 2806 Asiaticorum
478 2783 604 2816 more,
640 2774 789 2807 luxuria
817 2779 855 2807 et
881 2774 1074 2817 voluptate
1095 2770 1264 2803 diffluere
1282 2771 1416 2813 coepit.
1444 2779 1474 2803 c.
1492 2773 1545 2807 77.

1096 2836 1157 2864 uz
