1891 3310
311 192 374 232 lN
407 189 758 236 EXCERPTA
790 187 870 228 DE
898 187 1062 227 VlRT.
1095 188 1174 228 ΕΤ
1207 189 1326 230 ΠΤ.
1457 192 1551 234 495

93 307 202 356 quasi
224 307 385 372 pingere
401 305 571 354 orditur,
612 299 861 370 ὑπογραφὴν
882 298 1110 368 λαμβάνειν
1131 299 1288 354 ταύτης
1306 305 1382 356 τῆς
1403 300 1551 356 ἀκμῆς

93 364 250 414 Alioqui
275 377 382 416 οπο)
385 377 499 416 ραφη
524 368 563 398 et
593 355 809 413 ὗπογράφ
797 375 850 398 ιν
877 362 960 397 sive
996 353 1213 412 vnoypsicpe
1198 362 1322 398 σθαι
1349 357 1425 411 τὴν
1450 358 1551 407 όψιν

95 421 141 458 de
160 421 248 458 fuco
271 427 310 457 et
330 433 484 456 cerussa
502 431 622 468 paene
641 424 834 467 perpetua.
892 415 989 453 Vide
1010 415 1163 453 Philon.
1194 416 1278 455 lud.
1308 416 1350 454 L.
1371 417 1417 454 ll.
1445 417 1552 453 Alle-

92 491 175 529 g.0r
200 489 234 525 p.
249 479 335 523 72.‚
368 475 516 524 Ioseph
535 474 616 512 Bel.
639 473 718 511 [ud.
739 473 856 510 L.1V.
878 474 921 512 9-
949 474 1033 518 10.‚
1062 471 1552 511 '1¹l1emistiun101.XXll.

93 548 128 584 p.
141 536 248 575 282.
240 561 271 581 .,
305 540 343 570 et
360 544 455 581 quos
477 530 535 571 Cl.
556 530 599 567 L.
620 529 697 567 Bos
716 530 905 568 conduxit
924 530 972 568 ad
990 530 1151 567 Luciani
1171 528 1239 566 Bis
1259 528 1396 572 Aecus.
1423 543 1455 567 c.
1476 531 1551 570 31

92 591 227 629 Wnss.

210 648 313 687 596-
347 646 421 686 66.
458 640 776 695 Ἀνεπιῑγμένας
796 638 849 682 τὰ
871 638 1072 693 σώματα]
1106 642 1327 694 Legendum
1347 655 1430 679 esse
1450 642 1554 680 arbi-

93 711 174 740 tror
195 698 511 754 ἀνεστιγμὲνας,
551 700 590 737 id
619 706 676 736 est
704 701 809 737 notis
840 707 1112 749 compunctas,
1153 713 1249 749 quae
1278 701 1457 736 mulieres
1482 712 1553 735 no-

94 760 306 797 bilissimae
329 772 351 795 a
372 756 590 794 Thracibus
616 756 819 793 habentur.
874 756 973 793 Nam
1003 768 1078 804 quo
1110 758 1248 793 mulier
1277 757 1477 804 quaepiam
1508 756 1552 793 in

93 814 261 853 Thracia
283 815 452 852 nobilior
469 820 530 850 est
548 826 593 850 ac
614 814 772 850 clariori
792 813 938 850 familia
959 819 1172 863 prognata,
1211 826 1256 849 eo
1276 813 1448 862 pluribus
1470 826 1553 849 maq-

93 876 228 924 gisque
247 871 547 909 versicoloribus
570 883 611 906 se
633 872 737 907 notis
756 872 1004 919 compungit,
1040 876 1083 905 ut
1103 869 1238 906 scribit
1256 868 1331 906 Dio
1352 867 1552 919 Chrysost.

95 928 318 966 01·at.X1V.
340 925 392 979 (p.
407 924 595 978 233.D.)
621 926 666 963 de
687 928 886 973 servitute,
907 934 944 962 et
966 931 1056 962 ante
1070 927 1180 962 illum
1194 924 1414 962 Herodotus
1433 926 1551 962 initio

90 987 157 1023 lib.
171 985 217 1024 V.
251 983 337 1024 Καὶ
355 980 401 1022 τὸ
423 981 499 1034 μὲν
521 982 711 1034 ἐστίχθαι
731 979 883 1034 εὐγὲνές
901 980 1081 1032 κέκριται
1097 992 1105 1000 ·
1136 979 1183 1020 τὸ
1199 979 1233 1020 δ’
1252 978 1446 1020 ἄστικτον
1462 978 1552 1034 ἀγε-

90 1041 167 1089 νίς.
219 1041 293 1079 His
315 1043 418 1078 notis
440 1041 589 1076 inustas
608 1041 728 1077 fuisse
747 1052 769 1076 a
792 1042 886 1077 viris
909 1038 1106 1075 Thracum
1122 1039 1303 1075 mulieres
1327 1039 1373 1074 ob
1396 1039 1552 1075 caedem

90 1098 239 1149 Orphei
276 1098 381 1135 canit
407 1096 622 1141 Phanocles
653 1095 816 1134 Lesbius
849 1096 1025 1134 versibus
1056 1096 1282 1132 cultissimis
1323 1096 1426 1143 apud
1455 1094 1552 1133 Sto-

89 1157 225 1193 baeum
246 1167 422 1191 sermone
448 1154 552 1194 185.

256 1207 420 1255 Ποινὰς
447 1208 489 1248 δ’
522 1207 674 1262 Ὀρφῆι
704 1205 892 1263 κταμένῳ
922 1206 1102 1257 στίζουσι
1129 1210 1328 1260 γυναῖκας

343 1264 481 1305 Εῗσέτι
511 1268 607 1314 νῦν,
643 1265 776 1317 κὲίνης
807 1265 952 1305 ἕιίἐκεν
982 1263 1231 1315 ἀμπλακίης.

90 1323 169 1362 Sed
188 1325 304 1361 aliam
328 1336 483 1360 causam
507 1322 620 1360 affert
630 1322 849 1360 Athenaeus
870 1321 1036 1360 lib.X11.
1058 1323 1217 1370 (cap.2.
1242 1333 1278 1370 p.
1295 1317 1425 1374 524.)
1467 1319 1553 1360 Has

90 1380 346 1419 Thressarum
368 1386 481 1417 notas
499 1382 553 1417 sic
574 1379 758 1417 describit
776 1380 862 1416 Val.
881 1378 1043 1417 Flaccus
1063 1379 1132 1415 lib.
1147 1380 1190 1418 2.
1219 1379 1322 1418 150.

260 1437 380 1476 Picta
408 1448 549 1475 manus
578 1443 744 1489 ustoque
764 1430 929 1489 placet,
966 1436 1040 1474 sed
1065 1435 1245 1474 barbara
1272 1441 1416 1473 mento.

86 1495 140 1534 Et
156 1506 249 1533 mox
270 1507 308 1533 v.
324 1496 343 1535 1
355 1494 429 1533 60.

258 1571 317 1579 ·--
349 1550 595 1601 Nostrosque
623 1555 732 1587 toros
758 1551 923 1599 virgata
952 1548 1103 1587 tenebit

259 1606 315 1645 Et
333 1608 525 1659 plaustro
555 1608 723 1658 derepta
753 1618 888 1644 nurus.
917 1627 975 1634 --

90 1663 240 1702 VALES.
299 1663 359 1702 De
381 1663 576 1701 Thracum
599 1664 780 1711 feminis,
808 1664 855 1700 ob
879 1661 1026 1712 Orphei
1047 1659 1200 1699 caedem
1220 1661 1324 1699 notis
1356 1661 1553 1711 conpungi

91 1724 240 1769 solitis,
275 1723 382 1771 paria
411 1720 641 1757 Phanocleis
672 1721 850 1758 versibus
871 1719 1105 1757 Plutarchus
1130 1718 1301 1767 prodidit
1328 1716 1413 1754 Ser.
1435 1717 1553 1754 Νυιιι.

91 1778 206 1816 lind.
227 1791 262 1828 Ι).
281 1778 384 1817 557.
404 1777 455 1814 D.
512 1776 600 1813 Huc
618 1790 712 1813 vero
740 1778 816 1813 ista
833 1779 1048 1826 pertiner,e
1089 1782 1201 1824 atque
1230 1773 1391 1826 ἔστιγμς
1376 1771 1470 1819 ἕνας
1497 1770 1551 1812 τὰ

91 1831 269 1884 σώματα
299 1833 514 1871 Diodorum
544 1834 773 1881 reliquisse,
817 1840 876 1870 est
906 1845 974 1869 cur
1004 1832 1197 1868 dubitem.
1238 1843 1422 1879 quorsum
1446 1831 1552 1867 enim

91 1888 197 1943 πρὸς
215 1887 335 1940 ν’βοιν
346 1918 357 1937 ,
388 1902 484 1938 quae
504 1891 583 1926 illis
601 1903 644 1926 ai
647 1896 684 1926 te
703 1889 934 1936 cohaerent
963 1886 1135 1925 referas?
1194 1887 1283 1925 Nisi
1303 1900 1412 1933 erro,
1454 1888 1553 1923 scri-

90 1955 197 1998 ptum
218 1948 294 1984 fuit
312 1944 380 1985 ἀνς
366 1961 540 1999 &any-{pt
525 1943 619 1992 ..ἶνας
638 1943 691 1985 τὰ
713 1941 889 1996 σώματα
911 1942 1014 1995 πρὸς
1035 1942 1156 1996 υβριν
1188 1957 1356 1995 corpore
1387 1945 1443 1981 ad
1471 1955 1552 1979 om-

90 2019 177 2042 nem
199 2005 389 2041 iniuriam
411 2017 462 2041 ac
477 2003 677 2041 libidinem
694 2004 897 2055 explicito.
943 2002 1037 2041 Mox
1055 2008 1147 2038 ante
1168 1999 1370 2046 παντοίας
1391 2001 1551 2050 copulae

89 2062 262 2099 defectus
286 2066 356 2097 est.
412 2060 551 2099 WVEss

206 2118 312 2157 596.
343 2117 418 2157 69.
454 2113 523 2156 Αι
537 2119 629 2162 ταῖς
647 2114 724 2168 μὲν
747 2110 872 2170 πραξε
857 2128 940 2155 cmv
963 2109 1178 2166 ωμότητος
1198 2111 1286 2166 etc.]
1333 2111 1436 2160 Erit,
1467 2125 1551 2149 cre-

89 2175 153 2222 do,
173 2174 494 2222 consequentibus
513 2174 638 2223 aptior
657 2176 794 2221 oratio,
821 2175 854 2211 si
876 2187 919 2211 αι
939 2176 1026 2218 τοῖς
1046 2170 1123 2223 μὲν
1145 2167 1350 2224 πράξασιν
1374 2190 1422 2197 -
1449 2184 1553 2224 προ-

85 2229 234 2271 έκειντο
257 2231 418 2282 legatur.
476 2230 614 2267 WVESS.

161 2312 163 2314 -
205 2288 310 2327 596.
341 2287 415 2327 73.
446 2283 543 2326 ‘'Occ
568 2288 644 2326 τοῦ
671 2282 928 2338 Πομπηίου]
973 2284 1049 2322 Hic
1069 2291 1129 2321 est
1147 2285 1192 2328 Q.
1212 2283 1437 2333 Pompeius,
1484 2284 1551 2332 qui

89 2342 234 2381 Consul
262 2344 338 2380 fuit
366 2356 468 2380 anno
495 2343 602 2380 urbis
623 2345 729 2384 612.
763 2350 801 2380 et
829 2343 1100 2392 pronvinciam
1119 2340 1369 2378 Celtiberiam
1390 2341 1551 2377 sortitus

87 2401 187 2438 male
207 2413 292 2437 cum
310 2399 561 2436 Numantinis
582 2402 783 2451 pugnavit.
843 2399 992 2436 VALEs.

206 2457 312 2496 596.
346 2458 418 2496 76.
462 2456 508 2494 H
533 2455 577 2495 ὁὲ
598 2452 774 2502 τούτους
798 2477 846 2483 -
871 2451 1108 2506 δεξάμενοι]
1155 2453 1316 2491 Numeri
1335 2460 1374 2490 et
1394 2455 1552 2504 gener1s

90 2513 265 2563 enallage
284 2514 384 2549 tueri
403 2511 501 2548 hanc
525 2515 667 2561 poterit
686 2518 918 2549 stuctura1n:
958 2513 1112 2548 mallem
1141 2517 1294 2557 tamen,
1334 2512 1367 2547 si
1394 2523 1456 2547 res
1475 2511 1552 2547 mei

87 2573 191 2609 foret
214 2569 388 2615 arbitrii,
426 2566 465 2608 οἱ
499 2567 544 2608 δὲ
570 2564 745 2614 τούτους
772 2567 963 2619 ἀσμένως
989 2575 1063 2607 etc.
1122 2566 1299 2604 Ceterum
1320 2567 1454 2603 urbem
1476 2565 1550 2603 Hi-

89 2628 245 2676 spaniae
266 2626 399 2675 Lagni
419 2627 547 2676 legere
563 2626 658 2662 alibi
678 2638 757 2662 non
779 2627 950 2662 memini.
1009 2624 1136 2661 Habet
1156 2623 1355 2673 Appianus
1378 2623 1478 2660 Iber.
1511 2635 1547 2671 p.

92 2685 197 2723 507.
217 2682 262 2719 de
286 2682 538 2719 Maliensibus
557 2683 699 2731 aliqua,
729 2685 808 2731 qui⁷
839 2681 1029 2732 praesidio
1050 2681 1377 2718 Numantinorum
1398 2693 1463 2729 per
1484 2681 1552 2716 in-

90 2739 209 2777 sidias
226 2740 452 2786 interfecto,
485 2752 566 2776 sese
590 2738 773 2788 Pompeio
792 2739 1045 2785 tradiderint,
1085 2750 1157 2775 nec
1177 2737 1310 2774 eadem
1338 2743 1466 2774 tamen
1490 2737 1551 2774 vi-

92 2797 245 2835 dentur.
302 2795 437 2833 Wssss.

207 2852 311 2892 597.
335 2853 410 2893 97.
438 2849 532 2892 Ὅτι
560 2846 581 2891 ὃ
611 2846 840 2904 Ἀρσάκης]
893 2849 1138 2889 Mithridates
1172 2849 1335 2887 Arsaces
1365 2855 1446 2896 est,
1489 2849 1551 2887 in-
