1891 3310
429 194 494 237 ΙΝ
523 193 638 236 LIB.
666 193 802 236 XIX.
835 194 961 237 CAP.
995 197 1070 252 70.
1096 216 1145 225 —
1170 197 1243 238 73.
1469 201 1562 242 309

215 309 322 351 374.
353 310 428 350 90.
462 304 644 351 Κόϊντον
673 305 826 350 Αἴλιον
849 307 1088 361 ἵππαρχον]
1119 305 1279 349 Αὔλιον
1312 323 1381 359 pro
1409 309 1559 351 Αἴλιον

101 366 346 405 scribendum
377 365 550 404 Tabulae
579 364 820 417 Capitolinae
849 372 1031 413 monent,
1074 366 1230 403 tametsi
1249 366 1459 404 Aemiliam
1480 369 1558 407 edti

98 420 248 461 Livius.
278 421 415 460 Rnon.
453 419 635 462 Κόϊντον
665 418 855 474 Αὔλιον]
899 420 1050 460 Accede
1073 419 1365 460 Rhodomanno.
1395 420 1553 472 ''.Qmov,

99 479 201 529 quod
234 479 462 529 quibusdam
490 480 533 516 in
561 479 698 526 libris,
738 476 823 516 Car.
845 477 1030 529 Sigonius
1053 478 1254 526 probavit,
1282 478 1428 516 dictum
1448 480 1554 516 arbi-

98 541 247 583 tratus,
275 534 464 584 quomodo
497 534 704 575 Claudzum
729 541 768 573 et
798 535 996 582 Clodium,
1018 534 1252 586 plaustrem
1282 547 1330 571 ae
1350 536 1552 586 plostrum

97 563 263 629 efferunt
284 591 333 628 ad
355 591 458 628 Livii
480 589 523 627 Ι.
545 590 617 628 ΙΧ.
635 593 712 631 02.
759 591 812 629 At
839 583 986 631 Αὖλον
1015 603 1126 640 saepe
1158 590 1324 638 Noster,
1353 603 1550 642 nunquam

87 638 216 688 ἶΩλον
234 653 301 684 aut
309 643 452 686 ’Ώλιον
473 648 621 684 scribit.
649 647 699 685 W
703 657 785 685 Ess.

209 703 316 743 374.
344 703 418 745 92
449 701 557 754 Heni
577 699 653 747 τὰς
675 705 751 742 καὶ
757 701 933 754 ουμένας
952 697 1245 754 Λαυστόλας]
1271 703 1406 740 Livius
1425 705 1480 740 ita
1500 703 1545 743 L,

92 758 168 797 IX.
189 761 266 800 23.
296 758 448 797 obviam
470 761 569 800 itum
592 759 719 806 hosti,
747 766 869 810 atque
892 760 949 797 ad
965 770 1184 797 LAIJTULAS
1205 761 1375 809 ancipiti
1388 761 1546 810 proelio

92 817 324 856 dimicatum
344 821 414 853 est.
441 813 558 863 Tum,
589 818 746 854 invenio
764 817 874 868 apud
891 817 1102 866 quosdam,
1132 817 1344 853 adversam
1364 829 1450 853 eam
1461 830 1544 867 pu-

89 886 210 923 gnam
242 872 434 910 Romanis
447 871 609 920 fuisse,
648 879 768 922 atque
798 875 838 910 in
868 885 916 910 ea
950 874 1139 911 cecidisse
1166 872 1213 918 Q.
1235 872 1393 909 Aulium
1413 874 1544 922 magi-

88 935 216 966 strum
237 930 426 978 equitum.
464 926 578 964 Unde
601 928 825 975 conficitur,
854 928 955 978 quod
990 935 1028 965 et
1048 930 1091 965 in
1115 935 1280 965 mentem
1309 927 1380 965 Ph.
1401 927 1543 966 Cluve-

86 986 147 1022 rio
168 986 278 1021 venit
300 983 351 1025 lt..
371 983 463 1022 Ant.
485 983 528 1021 L.
550 983 617 1021 111.
638 997 674 1034 p.
703 986 836 1025 1012.
876 979 1112 1031 Λαυτόλας
1132 985 1268 1022 melius
1291 997 1385 1022 esse.
1429 984 1541 1022 Certe

86 1039 247 1078 Latinae
274 1040 437 1090 originis
467 1042 501 1077 si
529 1039 660 1090 oppidi
685 1039 757 1078 hoe
777 1040 1005 1078 vocabulum
1027 1041 1099 1088 sit,
1127 1040 1228 1088 quod
1250 1040 1347 1077 mihi
1366 1041 1540 1078 nondum

85 1098 228 1146 liquet,
257 1096 456 1135 Lautulae
478 1097 739 1146 praestabunt.
786 1095 954 1138 Vid,C1.
984 1096 1078 1133 Arn.
1106 1095 1469 1134 Drakenborehium
1488 1097 1538 1135 ad

86 1152 195 1203 Livii
212 1152 255 1190 L.
274 1153 356 1190 V11.
381 1153 455 1192 39.
490 1148 626 1189 Mox‘
604 1168 680 1218 ’ἕπε
666 1151 762 1205 ἔστη
783 1154 841 1192 τί]
864 1149 1015 1219 πλήθει
1038 1153 1283 1201 praeferrem.
1311 1153 1452 1191 Wssss.

199 1209 305 1249 374.
327 1208 401 1249 95·
433 1204 583 1255 ΖΙῙόνος
603 1203 762 1261 ‘ungo-my
782 1195 841 1248 τίιῦ
865 1223 907 1248 τε
928 1204 1063 1260 πλῆθε
1068 1210 1097 1259 ι]
1129 1208 1160 1245 V
1164 1211 1199 1245 el
1212 1204 1303 1248 τότε
1318 1209 1537 1261 legendum,

83 1266 148 1303 vel
167 1266 241 1305 τῶ.
270 1264 368 1302 Nam
387 1260 726 1334 verbu111‘vm3-'amy
747 1268 861 1304 etiam
884 1265 1060 1304 dativum
1081 1267 1194 1316 regit.
1228 1264 1364 1303 Ram).

197 1321 304 1361 375.
329 1323 372 1362 2.
395 1318 606 1360 Αποικιάι
630 1319 688 1368 ἒξε
683 1319 862 1372 πεμψαν
883 1321 938 1368 εἷς
957 1321 1200 1375 Λουκεριαν
1223 1317 1368 1372 πολιν]
1401 1320 1535 1359 Mutuo

82 1377 158 1415 sibi
176 1379 322 1415 auxilio
341 1379 502 1415 fuerunt
519 1378 683 1415 schedae
703 1385 874 1416 veteres:
905 1378 1007 1426 quod
1030 1381 1118 1415 unis
1139 1378 1282 1425 deerat,
1300 1379 1444 1415 alterae
1467 1391 1535 1414 ex·-

81 1435 298 1483 pleverunt.
328 1435 430 1483 Quin
451 1433 501 1471 H.
524 1433 742 1485 Stephanus
762 1437 803 1472 in
822 1433 940 1471 codd.
961 1447 1117 1472 suorum
1134 1436 1265 1484 aliquo
1288 1435 1327 1471 id
1345 1437 1534 1483 reperisse

79 1490 256 1528 videtur:
297 1502 463 1538 namque
481 1492 583 1528 inter
605 1503 806 1540 operarum
827 1497 1026 1539 peecatum
1046 1493 1246 1542 vulgatum
1273 1491 1405 1528 refert.
1454 1489 1534 1527 Sed

79 1545 237 1586 Livium
255 1547 347 1584 audi
366 1546 407 1583 L.
429 1545 500 1583 IX.
521 1549 598 1587 26.
641 1546 778 1598 quue
799 1549 863 1584 ira
873 1550 1099 1599 processit,
1123 1555 1171 1585 ut
1190 1547 1343 1586 Romae
1367 1559 1532 1598 quoque,

79 1614 198 1653 quum
221 1604 268 1641 de
288 1603 438 1640 colonis
453 1605 657 1642 mittendis
679 1603 892 1643 Luceriam
909 1605 1186 1642 consuleretur
1206 1611 1390 1651 senatus,
1419 1605 1535 1640 multi

78 1659 286 1697 delendam
310 1659 443 1697 urbem
467 1667 684 1697 censerent.
717 1682 765 1689 -
815 1661 921 1698 Vicit
948 1669 1079 1698 tamen
1107 1663 1305 1698 sententia
1331 1667 1377 1697 ut
1398 1662 1530 1696 mille·-

75 1722 222 1753 νοῆται·
249 1717 390 1755 coloni.
440 1715 509 1754 Sic
542 1717 629 1764 ille,
656 1729 791 1756 verum
811 1715 917 1755 Coss.
938 1717 994 1757 M.
1018 1716 1188 1754 Poitelz’o
1212 1723 1251 1753 et
1273 1716 1314 1753 C.
1337 1716 1530 1767 Sulpicio,

77 1784 196 1820 eaque
214 1779 322 1821 parte
341 1772 487 1814 Nostro
505 1775 662 1810 minime
681 1780 975 1811 consentaneus.
1003 1772 1244 1823 Λουκερίαν
1255 1771 1427 1810 Diodoro
1441 1771 1531 1808 red-

77 1827 259 1865 differunt
278 1828 326 1866 ls.
348 1827 598 1866 casaubonus
625 1831 666 1866 in
688 1828 868 1866 strabon.
890 1829 932 1867 L.
954 1829 1020 1866 VI.
1044 1842 1079 1878 p.
1102 1830 1161 1869 43
1172 1830 1209 1867 5.
1233 1836 1272 1866 et
1292 1828 1362 1867 Ph.
1384 1828 1535 1865 Clare..

74 1886 159 1922 rius
178 1883 265 1924 Ital.
287 1884 331 1925 L.
354 1884 417 1922 IV.
436 1897 471 1933 p
499 1885 636 1925 1215.
657 1892 696 1923 et
714 1885 773 1923 111.
790 1884 965 1937 Scaliger
985 1886 1041 1923 ad
1052 1887 1142 1923 libri
1161 1887 1221 1922 sui
1243 1898 1360 1922 oram.
1386 1885 1437 1922 W
1441 1895 1528 1921 Ess.

190 1941 296 1981 375
329 1943 369 1981 7.
405 1937 528 1981 Ἀλλὰ
548 1940 615 1980 καὶ
635 1954 734 1987 ‘cmg
752 1938 859 1993 μετὰ
887 1944 1022 1981 ταῦτα
1047 1949 1118 1979 ete.
1127 1941 1145 1992 ]
1183 1940 1422 1979 Claudicabit
1442 1953 1529 1978 ora-

75 1997 156 2044 tio,
192 1999 268 2034 nisi
290 1994 339 2036 ἀλ
344 1994 396 2036 λὰ
422 1995 529 2036 κατὰ
556 1993 659 2044 τοὺς
683 1999 766 2035 sive
799 2011 885 2036 cum
914 1998 965 2036 H.
986 1997 1182 2048 Stephano
1204 1997 1272 2037 καὶ
1295 1994 1401 2036 κατὰ
1429 2011 1527 2043 τους

74 2054 331 2102 rescripseris.
384 2053 418 2090 V
422 2055 531 2091 itium
559 2054 742 2103 frequens
768 2061 806 2091 et
836 2067 885 2092 ex
909 2055 1104 2092 scribendi
1131 2054 1345 2103 conpendio
1377 2059 1526 2090 natum.

75 2108 163 2146 vid.
184 2108 347 2147 Cobeler.
368 2109 536 2148 Monum.
560 2106 608 2148 Τ.
627 2110 945 2159 11.p.589.1n
966 2110 1129 2149 Leontio
1149 2110 1234 2148 Aet.
1255 2111 1300 2150 4.
1331 2110 1377 2146 de
1409 2111 1528 2146 sectis

73 2176 112 2214 Ρ
131 2167 239 2206 462.
266 2179 346 2203 non
376 2168 538 2204 multum
567 2166 755 2204 dissimile
783 2169 972 2218 reperies,
996 2165 1094 2212 τοὺς
1118 2163 1298 2221 χρόνους
1325 2163 1403 2219 γὰρ
1424 2163 1526 2204 ἐκεί-

70 2236 192 2271 νους,
217 2223 341 2272 βασιλ
346 2219 412 2269 εὺς
432 2226 488 2269 εἷς
506 2238 557 2275 ην
579 2221 622 2261 ἒν
636 2218 795 2276 Ῥώμῃ,
819 2222 887 2262 καὶ
909 2226 966 2270 εἷς
986 2222 1027 2262 ἐν
1049 2223 1263 2292 Βυζαντίῳ
1290 2223 1417 2261 editur
1439 2223 1527 2259 vul-

75 2291 139 2329 go.
182 2280 335 2322 Quanto
357 2281 493 2316 melius
522 2281 566 2317 in
585 2280 726 2329 scripto
746 2278 955 2318 vossiano:
999 2275 1073 2319 (lvo
1103 2277 1180 2332 7129
1210 2279 1388 2331 ἐγίνοντο
1420 2275 1527 2317 κατὰ

74 2332 174 2380 τοὺς
198 2331 377 2384 χρόνους
406 2333 582 2382 ἐκείνους
598 2337 803 2384 βασιλεῖς,
832 2332 888 2382 εις
917 2335 959 2374 ἐν
972 2331 1111 2388 Ῥωιιη
1143 2342 1180 2372 et
1199 2338 1308 2384 reliq.
1338 2334 1415 2372 Sed
1439 2340 1528 2370 sunt

74 2389 149 2429 hoc
162 2391 207 2428 de
218 2404 358 2441 genere
372 2392 481 2439 plura
494 2394 569 2429 isto
582 2392 703 2429 bonae
715 2393 862 2443 frugis
852 2405 894 2429 m
906 2393 1052 2439 libello,
1065 2393 1111 2429 de
1125 2393 1261 2442 quibus
1274 2394 1381 2429 alias.
1393 2390 1528 2427 lVEss.

190 2447 389 2487 375.12.
424 2444 605 2500 Ζηάρκος
623 2444 827 2500 Πόπλιος]
849 2445 1076 2500 Ποιτηλιος
1093 2462 1161 2498 pro
1181 2444 1380 2493 ΙῙόπὶμιος
1393 2446 1528 2486 RHOU

75 2501 165 2542 vid.
183 2502 341 2541 Livium
363 2516 448 2542 eum
467 2512 560 2543 nota
580 2504 757 2557 Sigonii,
774 2512 813 2543 et
830 2503 860 2543 F
863 2512 970 2543 astos
988 2505 1119 2557 Pighii
1139 2505 1188 2543 ad
1207 2518 1298 2544 ann.
1319 2512 1525 2542 cnxxxix

76 2559 219 2598 Wess.

190 2616 296 2657 375.
329 2617 400 2657 14.
446 2616 757 2657 Καλλαντιανοὶ
787 2619 1074 2663 κατοικοῦντες
1104 2615 1147 2656 ἓν
1180 2632 1268 2663 τοις
1299 2613 1529 2669 ἀριστεροῖς

77 2670 173 2725 ete.]
211 2673 301 2711 Non
324 2680 452 2720 muto,
481 2676 730 2723 quantumvis
748 2673 790 2712 L.
809 2673 916 2712 XIV.
937 2674 1011 2714 37.
1039 2674 1085 2711 de
1108 2673 1361 2738 Salmydesso·
1384 2677 1529 2715 auctor,

80 2743 201 2774 ουτος
225 2726 267 2766 δ’
303 2727 388 2768 ἔστι
406 2744 454 2780 μί
441 2728 482 2768 ἐν
511 2727 568 2768 ἐπ’
595 2727 792 2786 ἀριστερᾶ
811 2733 886 2769 τοῦ
908 2725 1091 2770 Πυντου.
1131 2730 1279 2767 Eodem
1302 2730 1403 2765 enim
1431 2725 1532 2764 redit

81 2791 119 2821 et
142 2784 282 2821 diserte
303 2784 444 2823 Strabo
466 2786 509 2824 L.
522 2785 615 2824 XII.
637 2800 673 2837 p.
697 2788 803 2828 816.
822 2786 866 2824 A.
894 2789 970 2825 καλ
975 2792 1076 2827 εἷται
1095 2785 1140 2826 δὲ
1160 2784 1212 2826 τὰ
1232 2783 1376 2825 ΑΡΙΣ
1380 2781 1504 2821 TEP
1507 2781 1534 2818 ‘l

80 2843 155 2880 τοῦ
188 2837 302 2880 Hom
311 2856 358 2880 ου
394 2839 595 2899 Θρᾳκικά.
653 2840 830 2882 Ceterum
848 2843 968 2883 Καλλ
973 2843 1132 2883 ατιαιοὶ
1152 2854 1298 2892 semper
1318 2837 1536 2888 appellandi
