1891 3310
666 173 1053 204 PRAEFATIO.
1464 172 1593 202 xxm

129 275 258 311 scunt,
300 271 366 304 sed
402 271 464 315 pia
500 271 614 304 etiam
649 281 742 304 voce
773 271 809 304 in
837 275 1033 303 aeternum
1060 268 1345 313 praedicabunt.
1395 269 1485 302 Cum
1513 269 1592 314 qui·

124 329 194 361 bus
222 331 357 362 merito
385 330 572 371 coniungo
608 328 654 363 D.
692 330 740 362 lo
755 338 861 361 ΗΑΝ.
893 328 1078 361 Genua.
1110 327 1513 366 Gouommmnun,
1552 330 1592 358 et

124 385 290 419 Lenos
311 395 427 418 [cun
457 386 775 419 Wrmuennun
803 386 1071 425 Mosmun,
1096 383 1274 417 Illustris.
1319 383 1506 416 Electoris
1527 381 1591 416 Sa-

124 445 249 476 xonici
285 444 523 476 consiliarios
546 445 869 486 spectatissimum
904 453 1062 487 quorum
1092 441 1157 474 ille
1194 441 1384 481 consiliis,
1412 441 1592 483 eloquen-

124 502 178 533 tia
205 506 243 534 et
267 501 519 541 dexteritate,
558 505 633 533 tum
661 501 750 533 alibi
777 504 853 533 tum
880 501 914 532 in
941 501 1096 532 summis
1119 498 1399 543 legationibus,
1433 507 1587 541 operam

126 563 240 590 navat
265 558 628 601 praeclarissimam,
664 568 807 602 suaque
834 558 973 590 virtute
999 562 1037 590 et
1068 557 1210 600 ingenii
1248 555 1477 589 excellentia
1511 559 1589 587 tan-

124 620 200 648 tam
230 615 327 659 apud
357 615 670 648 Rononeflum
695 616 739 648 11.
765 616 1037 659 Imperatorem
1065 615 1294 657 Augustum,
1337 616 1376 646 et
1400 622 1587 644 summum

125 674 161 705 in
189 673 289 706 Orbe
320 678 505 705 terrarum
533 675 772 716 μουσηγέτην,
810 673 880 705 sibi
907 673 1067 716 gratiam
1094 672 1327 711 conciliavit,
1356 673 1397 702 ut
1425 671 1525 702 inter
1549 668 1588 704 S.

126 731 254 774 palatii
276 732 452 763 Caesarei
479 731 646 763 Comites
670 730 787 764 fuerit
811 731 971 764 allectus
1027 729 1098 761 llic
1124 729 1362 767 industriam,
1388 727 1515 768 fidem,
1544 737 1589 760 ac

123 788 362 832 prudentiam
402 798 530 827 suam,
584 789 720 831 partim
763 789 800 820 in
845 788 1020 821 illustris.
1058 786 1146 819 Sax.
1185 786 1300 819 Ducis
1332 786 1489 828 Augusti
1534 786 1586 817 in-

123 846 343 884 stitutione,
386 846 518 887 par-tim
560 846 596 877 in
638 846 724 878 aliis
758 846 901 888 reipub.
946 845 1188 884 muneribus,
1226 845 1279 876 ita
1313 843 1506 887 probavit,
1548 846 1589 874 ut

124 913 197 934 non
243 906 387 934 tantum
433 903 468 933 in
518 903 665 945 amplis.
706 903 1016 937 Consiliariorum
1054 902 1215 945 collegio
1258 901 1380 933 locum
1418 900 1588 933 obtinue-

124 961 194 1000 rit,
229 960 294 992 sed
331 960 484 991 intimus
531 961 646 992 etiam
672 961 855 993 Gamerae
888 961 1117 993 Electoralis
1150 959 1383 992 secretarius
1417 959 1467 991 sit
1492 957 1588 991 effe.-

124 1022 218 1049 ctus.
276 1017 441 1061 Uterque
487 1022 613 1049 autem
664 1027 722 1050 me
771 1018 972 1062 studiaque
1010 1028 1095 1050 mea
1130 1017 1259 1049 favore.
1289 1026 1333 1048 ac
1364 1016 1587 1059 patrocinio,

123 1079 165 1106 ut
196 1074 316 1108 semel
347 1074 544 1116 complecti
572 1076 717 1118 coepit,
761 1076 815 1107 sic
840 1085 970 1107 amare
1001 1080 1039 1107 et
1064 1075 1195 1106 iuvare
1223 1083 1410 1117 nunquam
1435 1073 1588 1105 desinit.

122 1131 357 1164 Mentionem
392 1133 509 1175 igitur
539 1130 672 1165 borum
707 1133 808 1167 inter
838 1138 1019 1176 patronos
1054 1132 1213 1164 eximios
1249 1131 1277 1162 si
1308 1141 1379 1163 non
1407 1130 1588 1169 facerem,

122 1190 160 1221 in
196 1195 347 1222 sanctas
372 1189 588 1223 Gratiarum
616 1191 723 1234 leges
750 1201 907 1234 peccare
935 1201 1005 1222 non
1033 1190 1223 1222 immerito
1252 1188 1414 1221 viderer.
1463 1188 1586 1228 Quan-

122 1256 232 1290 quam
264 1257 356 1281 vero
390 1246 446 1280 his
479 1249 686 1281 amicorum
717 1248 822 1281 velut
848 1248 1059 1281 calcaribus
1086 1247 1263 1279 incitatus
1292 1244 1502 1288 faustisque
1529 1255 1586 1278 ac-

121 1304 412 1337 clamationibus
438 1305 598 1338 subinde
624 1305 836 1343 roboratus,
871 1306 907 1337 in
935 1305 1122 1339 curriculo
1150 1304 1314 1337 feliciter
1339 1308 1472 1346 coepto
1498 1314 1587 1345 gna-

121 1363 220 1394 viter
245 1363 470 1406 pergebam;
499 1362 591 1396 nibil
617 1368 772 1407 praeter
796 1367 963 1406 optatam
993 1363 1107 1396 studii
1138 1362 1247 1395 buius
1276 1366 1413 1395 metam
1443 1361 1586 1394 babens

120 1421 378 1463 propositum:
419 1422 548 1454 variae
586 1426 714 1454 tamen
740 1431 915 1455 remorae
941 1421 1246 1455 intervenerunt:
1283 1430 1379 1464 quae
1414 1420 1481 1452 sub
1514 1420 1586 1463 pri-

121 1488 221 1510 mum
247 1479 374 1511 statim
402 1478 621 1519 exordium,
654 1489 674 1511 e
701 1478 918 1511 carceribus
943 1479 1005 1511 vix
1029 1478 1198 1519 dimisso,
1229 1481 1267 1511 et
1295 1478 1331 1510 in
1360 1477 1484 1511 medio
1507 1487 1587 1509 cur-

121 1547 185 1578 su,
214 1535 442 1582 tandemque
469 1537 569 1568 circa
592 1535 707 1572 finem
730 1537 874 1584 ipsum,
908 1537 994 1570 dum
1023 1547 1045 1569 a
1071 1541 1171 1570 meta
1194 1535 1242 1569 ad
1269 1544 1443 1567 carceres
1468 1544 1584 1577 prope

121 1604 316 1627 reversum
345 1598 421 1634 est,
463 1593 686 1638 impeditum
712 1605 772 1628 me
799 1594 1054 1629 retardarunt.
1107 1594 1173 1627 Bis
1202 1595 1300 1626 enim
1333 1592 1518 1635 publicum
1548 1594 1584 1623 in

121 1652 324 1687 Academia
363 1652 515 1686 lenensi
558 1661 693 1685 munus
732 1653 940 1696 gerendum
978 1652 1068 1693 fuit3
1117 1653 1275 1695 primum
1311 1651 1476 1690 Oceani,
1515 1660 1583 1682 seu

118 1708 382 1753 Agonothetae
407 1707 675 1753 philosophici3
704 1709 842 1742 exinde
867 1711 1125 1751 magistratus,
1155 1710 1216 1754 qui
1244 1719 1413 1741 summus
1434 1710 1470 1740 in
1491 1710 1586 1741 Aca-

120 1767 256 1799 demiis
293 1767 443 1799 existit:
476 1766 538 1798 ubi
565 1767 643 1799 tela
668 1765 762 1799 baec
786 1777 854 1810 per
877 1767 1081 1800 intervalla
1105 1777 1178 1800 non
1206 1768 1344 1809 exigna
1371 1767 1585 1808 interrupta

121 1823 204 1857 fuit.
250 1823 316 1855 Bis
344 1823 457 1856 etiam
486 1833 568 1856 sors
596 1834 702 1864 mea,
739 1834 848 1869 quam
877 1825 993 1857 variis
1019 1825 1145 1857 divina
1174 1824 1412 1868 providentia
1440 1822 1583 1854 vicibus

120 1880 347 1913 mirabiliter
378 1886 527 1921 versat,
569 1882 692 1915 locum
723 1887 872 1916 mutare
913 1874 1061 1915 interea
1096 1892 1155 1916 me
1191 1884 1321 1914 iussit:
1355 1880 1472 1913 semel
1499 1889 1581 1911 cnm

119 1938 169 1971 ad
209 1938 408 1980 Gymnasii
450 1938 662 1972 Stralsund.
709 1940 746 1974 in
792 1938 1018 1973 pomerania
1060 1940 1376 1984 gubernationem
1420 1939 1583 1977 accitus;

118 1997 257 2029 iterum
291 2007 373 2029 cuni
408 1996 456 2028 ad
484 1996 670 2039 publicanl
692 1997 951 2031 Historiarum
979 1996 1252 2040 professionem
1282 1999 1318 2029 in
1342 1996 1583 2029 Academiam

119 2054 317 2097 Viteberg.
353 2060 554 2087 revocatus
587 2060 692 2088 sum-¹
738 2055 812 2088 Hic
844 2055 964 2095 enim,
1004 2059 1090 2097 post
1125 2055 1274 2098 longam
1314 2055 1428 2088 veluti
1465 2055 1579 2087 iacta-

120 2114 284 2153 tionem,
330 2112 457 2145 studia
500 2123 602 2152 mea,
648 2111 716 2145 sub
761 2112 938 2147 illustris.
977 2111 1168 2145 Saxoniae
1209 2112 1396 2144 Electoris
1442 2113 1580 2145 Cuni-

121 2177 286 2201 s‘rmm
312 2169 490 2202 clientela
522 2170 818 2214 benignissima,
855 2174 1073 2214 exoptatum
1108 2171 1289 2202 invenere
1328 2174 1497 2212 portum:
1541 2171 1582 2200 ut

119 2236 210 2259 vere
238 2236 319 2258 cum
347 2226 506 2260 Marone
534 2227 749 2261 exclamare
777 2229 936 2271 possim:
965 2226 998 2260 Ο
1026 2226 1214 2267 Meliboee,
1242 2225 1341 2259 Dens
1369 2226 1468 2259 nobis
1493 2224 1581 2259 lmec

119 2282 201 2316 vcia
227 2282 342 2328 fecit!
388 2282 552 2326 Namque
587 2284 658 2317 erit
685 2284 746 2318 ille
780 2283 869 2316 milti
900 2296 1037 2328 smnper
1073 2284 1195 2320 Deme,-
1224 2283 1320 2318 illins
1346 2294 1451 2317 aram
1476 2293 1583 2326 saepe

120 2348 215 2373 tener
246 2339 377 2373 nostris
409 2340 452 2373 ab
487 2340 637 2375 ovilibus
661 2341 796 2377 imbuet
817 2353 946 2387 agnus.
997 2343 1078 2377 Noc
1108 2353 1237 2386 param
1272 2343 1440 2376 rationes
1476 2351 1582 2373 meas

120 2398 360 2433 conturbavit
395 2398 586 2432 discessus
617 2410 663 2433 ex
696 2399 766 2434 hac
798 2402 876 2433 vita
911 2400 1085 2441 illorum,
1134 2400 1194 2444 qui
1239 2401 1431 2433 ἐκιυπωταὶ
1471 2397 1580 2431 huius

121 2457 247 2500 operis
282 2466 367 2489 esse
402 2456 617 2498 debebant,
659 2456 969 2490 STEPHANUM
1003 2457 1110 2497 dico,
1158 2462 1197 2490 et
1230 2459 1578 2491 COMMELINUM,

122 2515 193 2548 Hic
219 2514 318 2547 enim
346 2518 431 2556 post
456 2513 598 2546 obitum
626 2514 728 2547 illius
753 2515 958 2548 editionem
987 2515 1116 2557 operis
1150 2516 1249 2549 ultro
1283 2516 1320 2546 in
1354 2525 1394 2545 se.
1430 2524 1581 2556 recepe-

123 2578 191 2606 rat.
241 2572 401 2604 Divinae
426 2576 553 2604 tamen
579 2571 758 2606 bonitatis
783 2576 1084 2615 temperamento
1119 2572 1301 2616 singulari
1337 2570 1475 2604 factum
1509 2577 1580 2607 est,

123 2637 162 2664 ut
186 2629 359 2673 quicquid
387 2633 445 2661 est
472 2627 581 2661 huius
599 2629 870 2662 lucubrationis
891 2630 1120 2673 Vitebergae
1144 2630 1294 2665 tandem
1316 2628 1361 2662 ad
1382 2628 1493 2661 linem
1515 2627 1577 2660 de-

122 2691 295 2727 ductum,
333 2687 520 2720 officinam
558 2685 867 2730 typographicam
895 2688 966 2719 iam
995 2687 1082 2720 olim
1110 2687 1336 2720 destinatam
1365 2685 1460 2728 apud
1492 2684 1577 2717 hae-

124 2746 235 2779 redes
267 2743 533 2777 Weclielianos
564 2744 652 2776 Cui
667 2753 741 2780 vn.
773 2743 1009 2777 Maximum
1053 2750 1092 2778 et
1123 2744 1248 2777 lotis.
1282 2745 1461 2777 Acsssu
1491 2742 1577 2783 FF..
