1859 3326
326 193 418 236 174
779 185 1302 228 ANNOTATIONES

322 305 532 344 secundnm
550 301 770 341 Diodorum
799 314 876 339 non
900 306 1054 338 tantum
1076 299 1124 338 ad
1142 301 1456 351 septemtrionem
1479 299 1615 351 templi
1633 297 1765 337 Ham-

323 365 449 401 monis
477 361 748 406 consederint,
783 359 855 396 sed
881 364 923 395 et
947 358 1087 395 saltem
1115 370 1166 394 ea:
1187 364 1310 408 parte
1338 358 1477 408 aliqua
1506 356 1555 393 ad
1577 369 1766 402 occasum,

324 422 414 458 dam
433 431 459 457 a
483 418 762 469 septemtrione
782 415 1023 451 occidentali
1033 426 1115 464 per
1128 414 1282 463 fleaeum
1301 415 1493 464 quendam
1513 414 1624 449 circa
1638 412 1765 449 Ham-

323 487 473 513 monem
493 486 534 511 se
555 471 828 524 porrigebant
844 471 946 507 satis
974 470 1089 518 longo
1115 476 1154 506 t1
1156 475 1251 507 acta
1273 471 1313 506 in
1335 471 1560 516 meridiem,
1579 476 1648 505 sen
1677 470 1765 506 dum

324 533 481 580 longius
508 528 747 567 recedebant
775 540 801 564 a
826 525 999 564 littorali
1019 532 1058 562 tr
1060 532 1156 562 acta
1176 527 1232 563 ad
1247 527 1555 563 mediterr-anea
1601 524 1763 562 Sensum

326 589 430 626 hunc
460 592 501 623 et
532 598 674 623 nexum
702 584 772 620 Vir
797 573 852 619 Cl.
881 594 957 619 non
977 583 1213 633 perspexit.
1253 595 1321 619 cer
1324 588 1360 618 te
1380 584 1420 618 in
1440 582 1620 619 versione
1639 583 1766 618 minus

324 648 518 682 accurate
538 653 639 692 e.zpr
642 641 748 677 essit.
786 639 984 676 Vertenda
1006 640 1106 674 enim
1126 643 1375 689 erantpostr
1378 649 1488 674 ema:
1532 637 1580 674 azl
1600 643 1765 685 septem-

324 703 504 745 trionem,
523 698 608 734 scil.
628 696 772 746 templi,
805 693 956 731 habitat
975 694 1138 744 Libyum
1159 706 1254 744 gens
1268 720 1279 741 ‚
1309 705 1404 742 quae
1426 692 1642 732 Nomadum
1661 706 1766 730 more

324 759 443 801 vivit,
470 761 508 791 et
525 765 641 804 gem,
668 763 764 800 quae
786 750 928 787 dicitur
946 749 1231 799 Nasamonum,
1263 763 1359 799 quae
1378 748 1427 786 ad
1448 749 1768 786 mediterraneum

325 812 501 860 Africae
524 815 698 847 tractum
716 808 911 858 pertingit.
939 804 1043 843 Curt.
1063 806 1177 843 vind.
1196 818 1231 855 p.
1245 808 1264 846 1
1277 805 1512 854 53.‚quibus
1532 805 1630 842 nihil
1648 805 1767 842 addo:

325 868 478 908 abunde
500 868 602 902 enim
622 862 853 914 inpeditiora
873 874 969 912 quae
988 863 1240 910 videbantur,
1269 862 1478 900 declarant.
1520 861 1571 899 W
1574 871 1656 898 Ess

443 937 548 976 198.
580 934 655 973 45·
692 929 779 972 Καὶ
808 927 860 970 τὰ
892 924 1155 984 φυλακτηρια
1186 931 1270 970 τῶν
1293 924 1460 977 τόπων]
1490 927 1692 978 Expressit
1708 934 1769 964 to-

328 1001 411 1031 tum
439 991 542 1028 hunc
573 992 698 1027 locum
728 987 883 1024 Curtius
908 988 947 1024 L.
967 986 1033 1026 IV.
1059 989 1098 1027 7.
1123 988 1201 1028 21.
1236 981 1506 1039 Φυλακτηρια
1534 987 1769 1022 munimenta

324 1056 419 1087 sunt
438 1055 550 1096 atque
571 1058 691 1091 arces,
707 1058 727 1081 e
752 1045 890 1093 quibus
910 1045 1054 1091 templo
1074 1044 1192 1080 robur
1211 1049 1249 1080 et
1266 1043 1510 1092 praesidium.
1535 1041 1593 1078 Ita
1611 1040 1769 1078 Aeschi-

325 1118 397 1143 nes
432 1104 478 1140 de
511 1103 601 1153 ch.
628 1103 713 1138 fals.
740 1114 776 1150 p.
797 1101 871 1139 45.
902 1095 1164 1152 (gihun-cnecon
1183 1105 1297 1137 vocat
1318 1112 1379 1135 eas
1400 1100 1536 1146 urbes,
1565 1098 1702 1145 quibus
1721 1096 1769 1132 ad

326 1161 360 1199 'l
365 1161 411 1197 he
415 1161 612 1209 rmopylas
632 1157 795 1194 Graecia
813 1162 894 1192 erat
911 1155 1116 1201 munitior,
1143 1155 1325 1203 losephus
1345 1155 1475 1203 Antiq.
1500 1153 1582 1190 Iud.
1609 1153 1653 1192 L.
1678 1152 1768 1189 XV.

328 1220 371 1258 7.
406 1220 448 1256 8.
486 1216 568 1268 (pv).
573 1208 746 1265 ακτήοια
775 1225 882 1250 arces
913 1224 1029 1260 prope
1057 1211 1453 1261 Hierosolymitanum
1481 1210 1686 1258 templum,
1730 1214 1770 1245 et

324 1273 438 1312 brevi
459 1278 545 1319 post
565 1276 698 1307 auctor
719 1271 800 1318 ipse
820 1262 1081 1321 φυλακτηοια
1103 1269 1187 1307 τῶν
1206 1263 1566 1319 ὸοριφοοοιντων,
1584 1266 1770 1302 munitio-

325 1343 409 1374 nes,
439 1331 481 1365 in
505 1327 642 1375 quibus
659 1327 846 1362 satellites
867 1324 1120 1370 excubabant,
1147 1334 1303 1373 prorsus
1321 1329 1365 1360 ut
1381 1321 1636 1371 Philosophus
1653 1321 1768 1358 Polit.

325 1386 368 1424 L.
389 1384 478 1423 Vll.
505 1385 576 1424 12.
605 1389 643 1419 et
663 1382 797 1419 Liban.
820 1380 866 1418 T.
889 1380 936 1417 Il.
957 1392 994 1428 p.
1018 1381 1121 1420 133.
1150 1380 1287 1417 WVESS.

443 1452 548 1492 199.
574 1451 645 1490 56.
678 1442 920 1501 Προϊούσης
941 1445 985 1486 δὲ
1004 1449 1078 1498 τῆς
1099 1441 1256 1499 ἡμέρας
1273 1445 1364 1497 eta]
1389 1444 1526 1484 Fontis
1544 1446 1771 1483 miraculum

327 1510 412 1546 sine
444 1519 604 1544 numero
637 1506 845 1553 scriptores
873 1507 1095 1554 tetigerunt.
1133 1502 1243 1540 Conf.
1259 1503 1477 1568 Interpret.
1512 1503 1560 1539 ad
1580 1501 1702 1539 Curtii
1727 1502 1770 1538 L

328 1565 394 1602 lV.
422 1566 462 1604 7-
486 1566 560 1603 22.
588 1561 699 1606 Quod
718 1560 781 1598 hic
801 1573 893 1597 vero
923 1555 1149 1626 προὶούσης
1178 1558 1222 1598 δὲ
1249 1575 1326 1611 7]μ.·;
1312 1556 1407 1612 c'ootg
1453 1559 1494 1596 id
1511 1558 1770 1595 Historiarum

326 1622 479 1671 parenti
503 1618 701 1656 Herodoto
722 1616 763 1654 Ῑ-
783 1616 846 1653 IV·
874 1618 978 1657 181.
1013 1613 1166 1668 ἆγορης
1186 1615 1230 1654 de*
1251 1594 1524 1666 πληθυούσης
1562 1617 1586 1651 i.
1610 1628 1641 1651 e.
1662 1614 1772 1651 horis

328 1678 487 1727 aliquot
513 1681 606 1712 ante
637 1674 860 1721 meridiem,
898 1679 942 1710 ut
967 1672 1124 1710 docetur
1153 1685 1176 1709 a
1195 1671 1286 1709 Des.
1307 1671 1478 1709 Heraldo
1497 1671 1657 1709 Advers.
1677 1669 1719 1707 L
1742 1669 1771 1707 Ι.

440 1732 576 1770 WEss.

333 1735 407 1774 10
447 1800 552 1840 199.
574 1798 646 1838 61
680 1792 819 1848 Μέχρι
839 1790 978 1846 μέσων
1002 1791 1182 1848 νυκτῶν]
1216 1792 1402 1846 Magister
1417 1790 1585 1831 Thomas
1609 1790 1682 1831 hoc
1698 1794 1768 1831 At-

329 1858 420 1894 ticis
447 1856 540 1903 suis,
567 1861 610 1891 ut
632 1854 860 1904 legitimum.>
888 1853 1069 1901 inculcat,
1095 1847 1364 1902 μεσονύκτιον
1388 1851 1508 1899 poetis
1529 1852 1770 1900 relinquens:

329 1916 393 1950 cui
425 1925 528 1948 nunc
557 1910 708 1959 quidem
738 1907 837 1945 nihil
865 1920 1058 1957 reponam.
1087 1908 1185 1945 Nam
1206 1908 1393 1956 Stephani
1415 1901 1681 1958 μεσονύκτιον
1705 1905 1772 1942 de-

327 1970 400 2006 bili
425 1967 668 2005 auctoritatis
686 1966 844 2002 tibicine
863 1964 1064 2002 suffultum
1085 1971 1156 2001 est.
1194 1963 1290 2002 Vide
1316 1964 1480 2001 inferius
1508 1963 1550 2002 L.
1573 1961 1671 2001 XX.
1693 1965 1768 2005 49.

324 2025 466 2063 Wsss.

450 2089 552 2131 199.
582 2089 654 2129 63.
677 2082 745 2126 Ἐκ
776 2081 1026 2139 σμαράγδων
1046 2083 1118 2125 και
1136 2101 1258 2126 τινων
1276 2080 1437 2136 ἄλλων]
1477 2084 1702 2135 Smaragdo
1732 2093 1775 2124 et

330 2149 494 2198 gemmis
515 2149 817 2194 coagmentatus
833 2144 932 2192 apud
952 2142 1142 2180 Curtium:
1168 2143 1269 2191 quod
1291 2156 1376 2180 cum
1395 2143 1442 2179 ob
1463 2144 1593 2179 oculos
1618 2143 1772 2180 haberet

331 2205 383 2243 N.
407 2202 666 2248 Blancardus,
698 2213 777 2236 non
805 2200 995 2237 dubitavit
1026 2200 1093 2238 καὶ
1121 2198 1254 2238 λίθων
1277 2196 1413 2237 ἄλλων
1443 2197 1562 2235 ethic
1582 2199 1770 2250 restingere

331 2261 382 2297 ad
408 2260 507 2295 Arri
500 2271 560 2295 ‘.1n
585 2269 695 2293 suum
718 2270 753 2306 p
780 2258 881 2296 162.
910 2254 1006 2293 Mihi
1027 2256 1196 2293 nondum
1214 2257 1414 2303 persuasit.
1457 2256 1561 2298 Quae
1580 2257 1680 2292 enim
1701 2268 1770 2292 ne-

331 2316 494 2354 cessitas
513 2326 646 2350 vocem
669 2315 847 2360 scriptori
869 2315 1068 2362 ingerere,
1092 2324 1203 2360 quam
1224 2314 1302 2361 ipse
1325 2310 1614 2361 intelligendam
1633 2313 1773 2348 lectori

330 2367 514 2419 reliquit?
538 2366 612 2407 Ἐκ
632 2362 880 2419 σμαράγὸιυν
901 2368 973 2407 καί
996 2383 1117 2408 τινων
1137 2365 1272 2406 ἄλλω)
1299 2380 1348 2404 ez·
1378 2368 1604 2416 smaragdis
1623 2374 1664 2404 et
1681 2369 1773 2418 qui*

332 2429 494 2465 busdam
514 2426 621 2471 aliis,
649 2426 790 2472 lapillis
810 2425 958 2461 scilicet
979 2425 1149 2461 eiusdem
1170 2423 1381 2474 dignitatis.
1418 2395 1550 2460 Moxv‘
1529 2419 1610 2462 υπὸ
1633 2421 1770 2478 ιερέων

334 2496 384 2521 ex:
405 2482 501 2533 Reg.
530 2483 567 2520 1.
590 2486 628 2516 et
646 2479 763 2516 Basil
783 2481 882 2517 citra
901 2479 1056 2518 dubium
1074 2485 1215 2517 iustum
1235 2486 1305 2518 ost.
1329 2478 1465 2518 XVEss.

450 2549 554 2590 199.
583 2549 656 2587 70.
697 2544 937 2597 Παρθένων
954 2546 1240 2600 καὶγυναικῶν
1267 2568 1315 2575 -—-
1339 2542 1525 2603 ᾀδόντων
1544 2543 1645 2598 etc]
1676 2543 1771 2584 Cur-

333 2608 413 2645 tius
434 2607 585 2649 itemm,
616 2610 833 2652 sequuntur
851 2609 1057 2641 matronae
1077 2606 1141 2641 vir
1141 2606 1328 2654 ginesque
1343 2610 1446 2655 patr
1450 2605 1486 2639 io
1506 2616 1613 2639 more
1632 2605 1771 2640 incon-

335 2666 460 2702 (licum
481 2661 673 2712 quoddam
693 2672 851 2696 carmen
874 2668 1071 2699 canentes.
1103 2660 1181 2710 Leg
1166 2674 1203 2696 re
1226 2673 1319 2697 vero
1340 2658 1531 2714 ᾀὸουσῶν
1555 2677 1602 2686 -·-
1625 2674 1692 2697 και
1718 2679 1766 2687 —2

336 2717 645 2768 καθῑμ7ουσῶν
666 2712 752 2769 (σὼ)
775 2729 848 2753 τοι)
871 2717 921 2754 θε
926 2712 984 2754 όν.
1025 2716 1148 2753 Probe
1157 2690 1321 2765 mquidem
1346 2702 1441 2752 ¹novi
1468 2726 1562 2762 quae
1586 2715 1631 2751 de
1649 2728 1771 2765 gene-

334 2776 392 2812 ris
413 2775 587 2823 enallage
605 2783 655 2807 ex
674 2770 887 2808 Atticorum
907 2785 978 2808 usu
996 2772 1045 2809 ad
1065 2773 1221 2809 Homer.
1240 2783 1276 2821 p.
1299 2773 1323 2811 7
1329 2770 1403 2810 03.
1429 2777 1695 2807 conmentatus
1715 2776 1772 2808 est

335 2828 586 2877 Eustathius,
611 2826 679 2865 sed
703 2826 803 2865 nihil
830 2840 875 2865 ea
903 2827 1061 2877 iuvant,
1095 2840 1218 2877 neque
1248 2828 1340 2865 haec
1368 2826 1570 2877 Sophoclis
1598 2827 1703 2865 Aiac.
1733 2841 1770 2864 v.
