<?xml version="1.0" encoding="UTF-8"?>
<!DOCTYPE html PUBLIC "-//W3C//DTD XHTML 1.0 Transitional//EN"
    "http://www.w3.org/TR/xhtml1/DTD/xhtml1-transitional.dtd">
<html xmlns="http://www.w3.org/1999/xhtml" xml:lang="en" lang="en">
 <head>
  <title>
</title>
<meta http-equiv="Content-Type" content="text/html;charset=utf-8" />
  <meta name='ocr-system' content='tesseract 3.04.00' />
  <meta name='ocr-capabilities' content='ocr_page ocr_carea ocr_par ocr_line ocrx_word'/>
</head>
<body>
  <div class='ocr_page' id='page_1' title='image "./bibliothecahisto05dioduoft_0217.png"; bbox 0 0 1891 3310; ppageno 0'>
   <div class='ocr_carea' id='block_1_1' title="bbox 390 178 1526 230">
    <p class='ocr_par' dir='ltr' id='par_1_1' title="bbox 390 178 1526 230">
     <span class='ocr_line' id='line_1_1' title="bbox 390 178 1526 230; baseline -0.006 -8"><span class='ocrx_word' id='word_1_1' title='bbox 390 183 453 223; x_wconf 79' lang='lat' dir='ltr'><strong>IN</strong></span> <span class='ocrx_word' id='word_1_2' title='bbox 489 178 1210 223; x_wconf 72' lang='lat' dir='ltr'><strong>mn.xvi1.cAr.93.-96.</strong></span> <span class='ocrx_word' id='word_1_3' title='bbox 1432 187 1526 230; x_wconf 75' lang='lat'><strong>207</strong></span> 
     </span>
    </p>
   </div>
   <div class='ocr_carea' id='block_1_2' title="bbox 76 292 1531 629">
    <p class='ocr_par' dir='ltr' id='par_1_2' title="bbox 79 292 1531 462">
     <span class='ocr_line' id='line_1_2' title="bbox 84 292 1531 346; baseline 0 -9"><span class='ocrx_word' id='word_1_4' title='bbox 84 299 125 337; x_wconf 88' lang='grc'><strong>3.</strong></span> <span class='ocrx_word' id='word_1_5' title='bbox 147 297 242 344; x_wconf 84' lang='grc'><strong>24.,</strong></span> <span class='ocrx_word' id='word_1_6' title='bbox 268 304 336 335; x_wconf 83' lang='lat' dir='ltr'><strong>aut</strong></span> <span class='ocrx_word' id='word_1_7' title='bbox 355 296 499 335; x_wconf 80' lang='lat' dir='ltr'><strong>erravit</strong></span> <span class='ocrx_word' id='word_1_8' title='bbox 517 302 662 334; x_wconf 80' lang='lat' dir='ltr'>auctor.</span> <span class='ocrx_word' id='word_1_9' title='bbox 695 292 869 332; x_wconf 79' lang='lat' dir='ltr'><strong>Curtium</strong></span> <span class='ocrx_word' id='word_1_10' title='bbox 887 299 990 331; x_wconf 81' lang='lat' dir='ltr'><strong>certe</strong></span> <span class='ocrx_word' id='word_1_11' title='bbox 1017 294 1057 330; x_wconf 87' lang='lat' dir='ltr'><strong>in</strong></span> <span class='ocrx_word' id='word_1_12' title='bbox 1076 307 1244 332; x_wconf 86' lang='lat' dir='ltr'><strong>errorem</strong></span> <span class='ocrx_word' id='word_1_13' title='bbox 1264 295 1411 346; x_wconf 83' lang='lat' dir='ltr'><strong>induit,</strong></span> <span class='ocrx_word' id='word_1_14' title='bbox 1437 297 1531 337; x_wconf 86' lang='lat' dir='ltr'><strong>haec</strong></span> 
     </span>
     <span class='ocr_line' id='line_1_3' title="bbox 80 349 1530 403; baseline 0.003 -13"><span class='ocrx_word' id='word_1_15' title='bbox 80 356 234 392; x_wconf 80' lang='lat' dir='ltr'><strong>brevius</strong></span> <span class='ocrx_word' id='word_1_16' title='bbox 263 355 439 403; x_wconf 82' lang='lat' dir='ltr'><strong>exposita</strong></span> <span class='ocrx_word' id='word_1_17' title='bbox 463 355 517 390; x_wconf 84' lang='lat' dir='ltr'><strong>ita</strong></span> <span class='ocrx_word' id='word_1_18' title='bbox 535 354 808 402; x_wconf 82' lang='lat' dir='ltr'><strong>accipientem,</strong></span> <span class='ocrx_word' id='word_1_19' title='bbox 835 351 945 400; x_wconf 79' lang='lat' dir='ltr'><strong>quasi</strong></span> <span class='ocrx_word' id='word_1_20' title='bbox 976 349 1130 389; x_wconf 79' lang='lat' dir='ltr'><strong>Acesini</strong></span> <span class='ocrx_word' id='word_1_21' title='bbox 1149 353 1264 389; x_wconf 83' lang='lat' dir='ltr'><strong>unice</strong></span> <span class='ocrx_word' id='word_1_22' title='bbox 1291 356 1421 393; x_wconf 88' lang='lat' dir='ltr'><strong>omnia</strong></span> <span class='ocrx_word' id='word_1_23' title='bbox 1435 368 1530 394; x_wconf 89' lang='lat' dir='ltr'><strong>con-</strong></span> 
     </span>
     <span class='ocr_line' id='line_1_4' title="bbox 79 408 805 462; baseline -0.003 -14"><span class='ocrx_word' id='word_1_24' title='bbox 79 417 272 462; x_wconf 82' lang='lat' dir='ltr'><strong>gruerent.</strong></span> <span class='ocrx_word' id='word_1_25' title='bbox 297 410 383 448; x_wconf 88' lang='lat' dir='ltr'><strong>Vid.</strong></span> <span class='ocrx_word' id='word_1_26' title='bbox 401 408 431 446; x_wconf 86' lang='lat' dir='ltr'>F</span> <span class='ocrx_word' id='word_1_27' title='bbox 434 408 639 447; x_wconf 84' lang='lat' dir='ltr'><strong>reinshem.</strong></span> <span class='ocrx_word' id='word_1_28' title='bbox 670 408 805 446; x_wconf 55' lang='lat' dir='ltr'><strong>WVESS.</strong></span> 
     </span>
    </p>

    <p class='ocr_par' dir='ltr' id='par_1_3' title="bbox 76 471 1529 629">
     <span class='ocr_line' id='line_1_5' title="bbox 192 471 1529 529; baseline -0.003 -10"><span class='ocrx_word' id='word_1_29' title='bbox 192 478 298 519; x_wconf 83' lang='grc'><strong>234.</strong></span> <span class='ocrx_word' id='word_1_30' title='bbox 328 477 402 517; x_wconf 86' lang='grc'><strong>42.</strong></span> <span class='ocrx_word' id='word_1_31' title='bbox 430 474 557 525; x_wconf 76' lang='grc' dir='ltr'>Πεζοὶ</span> <span class='ocrx_word' id='word_1_32' title='bbox 577 473 653 527; x_wconf 75' lang='grc' dir='ltr'><strong>μὲν</strong></span> <span class='ocrx_word' id='word_1_33' title='bbox 675 473 838 519; x_wconf 71' lang='grc' dir='ltr'><em>πλείω-ς</em></span> <span class='ocrx_word' id='word_1_34' title='bbox 859 473 942 512; x_wconf 78' lang='grc' dir='ltr'><strong>τῶν</strong></span> <span class='ocrx_word' id='word_1_35' title='bbox 968 471 1247 527; x_wconf 78' lang='grc' dir='ltr'>τρισμυρίων]</span> <span class='ocrx_word' id='word_1_36' title='bbox 1273 473 1407 529; x_wconf 84' lang='lat' dir='ltr'><strong>Longe</strong></span> <span class='ocrx_word' id='word_1_37' title='bbox 1426 480 1529 518; x_wconf 80' lang='lat' dir='ltr'><strong>infra</strong></span> 
     </span>
     <span class='ocr_line' id='line_1_6' title="bbox 80 528 1527 578; baseline 0.003 -7"><span class='ocrx_word' id='word_1_38' title='bbox 80 534 182 572; x_wconf 89' lang='lat' dir='ltr'><strong>hunc</strong></span> <span class='ocrx_word' id='word_1_39' title='bbox 211 546 408 571; x_wconf 88' lang='lat' dir='ltr'><strong>numerum</strong></span> <span class='ocrx_word' id='word_1_40' title='bbox 442 532 596 570; x_wconf 84' lang='lat' dir='ltr'><strong>Curtius</strong></span> <span class='ocrx_word' id='word_1_41' title='bbox 625 539 684 570; x_wconf 88' lang='lat' dir='ltr'><strong>est</strong></span> <span class='ocrx_word' id='word_1_42' title='bbox 703 531 747 571; x_wconf 87' lang='lat' dir='ltr'><strong>L.</strong></span> <span class='ocrx_word' id='word_1_43' title='bbox 781 528 852 569; x_wconf 85' lang='lat' dir='ltr'><strong>IX.</strong></span> <span class='ocrx_word' id='word_1_44' title='bbox 885 529 926 570; x_wconf 88' lang='grc'><strong>3.</strong></span> <span class='ocrx_word' id='word_1_45' title='bbox 951 530 1041 578; x_wconf 75' lang='grc'><strong>21·,</strong></span> <span class='ocrx_word' id='word_1_46' title='bbox 1070 532 1219 570; x_wconf 79' lang='lat' dir='ltr'><strong>tametsi</strong></span> <span class='ocrx_word' id='word_1_47' title='bbox 1247 531 1341 571; x_wconf 88' lang='lat' dir='ltr'><strong>haec</strong></span> <span class='ocrx_word' id='word_1_48' title='bbox 1363 533 1527 575; x_wconf 88' lang='lat' dir='ltr'><strong>Diodori</strong></span> 
     </span>
     <span class='ocr_line' id='line_1_7' title="bbox 76 589 546 629; baseline -0.009 0"><span class='ocrx_word' id='word_1_49' title='bbox 76 593 178 629; x_wconf 83' lang='lat' dir='ltr'><strong>clare</strong></span> <span class='ocrx_word' id='word_1_50' title='bbox 204 593 385 628; x_wconf 85' lang='lat' dir='ltr'><strong>imitetur.</strong></span> <span class='ocrx_word' id='word_1_51' title='bbox 411 589 546 627; x_wconf 71' lang='lat' dir='ltr'><strong>Wssss.</strong></span> 
     </span>
    </p>
   </div>
   <div class='ocr_carea' id='block_1_3' title="bbox 78 649 1527 821">
    <p class='ocr_par' dir='ltr' id='par_1_4' title="bbox 78 649 1527 821">
     <span class='ocr_line' id='line_1_8' title="bbox 190 649 1527 708; baseline -0.003 -10"><span class='ocrx_word' id='word_1_52' title='bbox 190 658 296 699; x_wconf 84' lang='lat'><strong>234.</strong></span> <span class='ocrx_word' id='word_1_53' title='bbox 323 658 398 697; x_wconf 85' lang='lat'><strong>47.</strong></span> <span class='ocrx_word' id='word_1_54' title='bbox 439 655 523 696; x_wconf 80' lang='grc' dir='ltr'><strong>Καὶ</strong></span> <span class='ocrx_word' id='word_1_55' title='bbox 554 653 774 696; x_wconf 76' lang='grc' dir='ltr'><em>διακοσίων</em></span> <span class='ocrx_word' id='word_1_56' title='bbox 800 653 876 706; x_wconf 75' lang='grc' dir='ltr'><strong>μὲν</strong></span> <span class='ocrx_word' id='word_1_57' title='bbox 908 649 1133 708; x_wconf 76' lang='grc' dir='ltr'><em>ἀφράκτων</em></span> <span class='ocrx_word' id='word_1_58' title='bbox 1153 655 1253 707; x_wconf 87' lang='lat' dir='ltr'><strong>ete.]</strong></span> <span class='ocrx_word' id='word_1_59' title='bbox 1299 656 1344 696; x_wconf 92' lang='lat' dir='ltr'><strong>ln</strong></span> <span class='ocrx_word' id='word_1_60' title='bbox 1374 658 1527 699; x_wconf 83' lang='lat' dir='ltr'><strong>diversa</strong></span> 
     </span>
     <span class='ocr_line' id='line_1_9' title="bbox 79 709 1526 763; baseline -0.001 -12"><span class='ocrx_word' id='word_1_61' title='bbox 79 714 159 752; x_wconf 83' lang='lat' dir='ltr'><strong>abit</strong></span> <span class='ocrx_word' id='word_1_62' title='bbox 179 715 365 751; x_wconf 77' lang='lat' dir='ltr'><strong>Arrianus</strong></span> <span class='ocrx_word' id='word_1_63' title='bbox 381 710 538 763; x_wconf 58' lang='lat' dir='ltr'><strong>&#39;Avaffi</strong></span> <span class='ocrx_word' id='word_1_64' title='bbox 560 712 603 752; x_wconf 88' lang='lat' dir='ltr'><strong>L.</strong></span> <span class='ocrx_word' id='word_1_65' title='bbox 627 713 689 750; x_wconf 82' lang='lat' dir='ltr'><strong>Vl.</strong></span> <span class='ocrx_word' id='word_1_66' title='bbox 712 715 756 755; x_wconf 85' lang='lat'><strong>2.</strong></span> <span class='ocrx_word' id='word_1_67' title='bbox 795 718 833 748; x_wconf 83' lang='lat' dir='ltr'><strong>nt</strong></span> <span class='ocrx_word' id='word_1_68' title='bbox 853 709 1114 755; x_wconf 83' lang='lat' dir='ltr'><strong>Curtiushinc</strong></span> <span class='ocrx_word' id='word_1_69' title='bbox 1144 716 1307 761; x_wconf 83' lang='lat' dir='ltr'><strong>sumpsit</strong></span> <span class='ocrx_word' id='word_1_70' title='bbox 1326 717 1431 754; x_wconf 78' lang='lat' dir='ltr'><strong>mille</strong></span> <span class='ocrx_word' id='word_1_71' title='bbox 1451 731 1526 755; x_wconf 71' lang='lat' dir='ltr'><strong>na-</strong></span> 
     </span>
     <span class='ocr_line' id='line_1_10' title="bbox 78 766 1304 821; baseline -0.001 -12"><span class='ocrx_word' id='word_1_72' title='bbox 78 772 210 821; x_wconf 77' lang='lat' dir='ltr'><strong>vigia,</strong></span> <span class='ocrx_word' id='word_1_73' title='bbox 241 770 377 819; x_wconf 86' lang='lat' dir='ltr'><strong>quibus</strong></span> <span class='ocrx_word' id='word_1_74' title='bbox 401 769 598 807; x_wconf 84' lang='lat' dir='ltr'><strong>Oceanum</strong></span> <span class='ocrx_word' id='word_1_75' title='bbox 616 769 790 808; x_wconf 86' lang='lat' dir='ltr'><strong>aditurus</strong></span> <span class='ocrx_word' id='word_1_76' title='bbox 809 766 1029 806; x_wconf 82' lang='lat' dir='ltr'><strong>Alexander</strong></span> <span class='ocrx_word' id='word_1_77' title='bbox 1046 775 1140 806; x_wconf 84' lang='lat' dir='ltr'><strong>erat.</strong></span> <span class='ocrx_word' id='word_1_78' title='bbox 1169 769 1304 808; x_wconf 67' lang='lat' dir='ltr'><strong>Wssss.</strong></span> 
     </span>
    </p>
   </div>
   <div class='ocr_carea' id='block_1_4' title="bbox 56 831 1529 1801">
    <p class='ocr_par' dir='ltr' id='par_1_5' title="bbox 56 831 1529 1450">
     <span class='ocr_line' id='line_1_11' title="bbox 189 831 1526 892; baseline -0.001 -13"><span class='ocrx_word' id='word_1_79' title='bbox 189 839 298 879; x_wconf 84' lang='lat'><strong>234.</strong></span> <span class='ocrx_word' id='word_1_80' title='bbox 329 838 406 877; x_wconf 82' lang='lat'><strong>49.</strong></span> <span class='ocrx_word' id='word_1_81' title='bbox 462 834 549 884; x_wconf 80' lang='grc' dir='ltr'><strong>Τὰς</strong></span> <span class='ocrx_word' id='word_1_82' title='bbox 576 835 654 888; x_wconf 76' lang='grc' dir='ltr'><strong>μὲν</strong></span> <span class='ocrx_word' id='word_1_83' title='bbox 690 831 804 887; x_wconf 77' lang='grc' dir='ltr'><em>παρὰ</em></span> <span class='ocrx_word' id='word_1_84' title='bbox 835 831 907 874; x_wconf 70' lang='grc' dir='ltr'><strong>τὸν</strong></span> <span class='ocrx_word' id='word_1_85' title='bbox 938 833 1129 886; x_wconf 84' lang='grc' dir='ltr'>ποταμὸν</span> <span class='ocrx_word' id='word_1_86' title='bbox 1157 837 1398 886; x_wconf 70' lang='grc' dir='ltr'><em>κτισθείσας</em></span> <span class='ocrx_word' id='word_1_87' title='bbox 1417 839 1526 892; x_wconf 68' lang='lat' dir='ltr'><strong>ete-,J</strong></span> 
     </span>
     <span class='ocr_line' id='line_1_12' title="bbox 80 889 1529 944; baseline 0.001 -13"><span class='ocrx_word' id='word_1_88' title='bbox 80 894 199 941; x_wconf 77' lang='lat' dir='ltr'><strong>Vere,</strong></span> <span class='ocrx_word' id='word_1_89' title='bbox 226 894 338 931; x_wconf 85' lang='lat' dir='ltr'><strong>modo</strong></span> <span class='ocrx_word' id='word_1_90' title='bbox 369 892 589 944; x_wconf 83' lang='lat' dir='ltr'><strong>Hydaspem</strong></span> <span class='ocrx_word' id='word_1_91' title='bbox 620 893 816 942; x_wconf 83' lang='lat' dir='ltr'><strong>intelligas</strong></span> <span class='ocrx_word' id='word_1_92' title='bbox 846 889 1006 927; x_wconf 85' lang='lat' dir='ltr'><strong>fluvium</strong></span> <span class='ocrx_word' id='word_1_93' title='bbox 1037 905 1122 929; x_wconf 87' lang='lat' dir='ltr'><strong>cum</strong></span> <span class='ocrx_word' id='word_1_94' title='bbox 1153 891 1344 932; x_wconf 82' lang='lat' dir='ltr'><strong>Strabone</strong></span> <span class='ocrx_word' id='word_1_95' title='bbox 1370 895 1417 936; x_wconf 88' lang='lat' dir='ltr'><strong>L.</strong></span> <span class='ocrx_word' id='word_1_96' title='bbox 1438 897 1529 935; x_wconf 87' lang='lat' dir='ltr'><strong>XV.</strong></span> 
     </span>
     <span class='ocr_line' id='line_1_13' title="bbox 78 946 1525 1002; baseline -0.001 -12"><span class='ocrx_word' id='word_1_97' title='bbox 78 964 112 1000; x_wconf 88' lang='lat' dir='ltr'><strong>p.</strong></span> <span class='ocrx_word' id='word_1_98' title='bbox 141 951 298 999; x_wconf 84' lang='lat'><strong>1023.,</strong></span> <span class='ocrx_word' id='word_1_99' title='bbox 324 951 439 987; x_wconf 86' lang='lat' dir='ltr'><strong>aliter</strong></span> <span class='ocrx_word' id='word_1_100' title='bbox 467 956 596 987; x_wconf 88' lang='lat' dir='ltr'><strong>tamen</strong></span> <span class='ocrx_word' id='word_1_101' title='bbox 626 947 804 993; x_wconf 78' lang='lat' dir='ltr'><strong>Curtius,</strong></span> <span class='ocrx_word' id='word_1_102' title='bbox 838 959 861 983; x_wconf 81' lang='lat' dir='ltr'><strong>n</strong></span> <span class='ocrx_word' id='word_1_103' title='bbox 892 946 1035 984; x_wconf 87' lang='lat' dir='ltr'><strong>Nostro</strong></span> <span class='ocrx_word' id='word_1_104' title='bbox 1066 950 1106 985; x_wconf 88' lang='lat' dir='ltr'><strong>in</strong></span> <span class='ocrx_word' id='word_1_105' title='bbox 1134 949 1307 989; x_wconf 81' lang='lat' dir='ltr'><strong>fraudem</strong></span> <span class='ocrx_word' id='word_1_106' title='bbox 1337 951 1525 1002; x_wconf 89' lang='lat' dir='ltr'><strong>inpulsus.</strong></span> 
     </span>
     <span class='ocr_line' id='line_1_14' title="bbox 76 1000 1525 1056; baseline 0.003 -12"><span class='ocrx_word' id='word_1_107' title='bbox 76 1007 135 1044; x_wconf 86' lang='lat' dir='ltr'><strong>De</strong></span> <span class='ocrx_word' id='word_1_108' title='bbox 153 1007 305 1044; x_wconf 88' lang='lat' dir='ltr'><strong>urbium</strong></span> <span class='ocrx_word' id='word_1_109' title='bbox 332 1007 549 1043; x_wconf 87' lang='lat' dir='ltr'><strong>nominibus</strong></span> <span class='ocrx_word' id='word_1_110' title='bbox 578 1004 667 1056; x_wconf 88' lang='lat' dir='ltr'><strong>quid</strong></span> <span class='ocrx_word' id='word_1_111' title='bbox 699 1000 840 1041; x_wconf 62' lang='lat' dir='ltr'><strong>multa?</strong></span> <span class='ocrx_word' id='word_1_112' title='bbox 874 1002 1051 1041; x_wconf 78' lang='lat' dir='ltr'><strong>Nicaeae</strong></span> <span class='ocrx_word' id='word_1_113' title='bbox 1079 1004 1175 1042; x_wconf 85' lang='lat' dir='ltr'><strong>citra</strong></span> <span class='ocrx_word' id='word_1_114' title='bbox 1196 1006 1352 1044; x_wconf 88' lang='lat' dir='ltr'><strong>dubium</strong></span> <span class='ocrx_word' id='word_1_115' title='bbox 1373 1016 1441 1046; x_wconf 87' lang='lat' dir='ltr'><strong>est.</strong></span> <span class='ocrx_word' id='word_1_116' title='bbox 1480 1009 1525 1048; x_wconf 88' lang='lat' dir='ltr'><strong>In</strong></span> 
     </span>
     <span class='ocr_line' id='line_1_15' title="bbox 76 1059 1526 1115; baseline 0.002 -15"><span class='ocrx_word' id='word_1_117' title='bbox 76 1066 197 1101; x_wconf 85' lang='lat' dir='ltr'><strong>altero</strong></span> <span class='ocrx_word' id='word_1_118' title='bbox 217 1062 474 1115; x_wconf 79' lang='lat' dir='ltr'><strong>Bucephalae</strong></span> <span class='ocrx_word' id='word_1_119' title='bbox 493 1064 686 1108; x_wconf 81' lang='lat' dir='ltr'><strong>variatur,</strong></span> <span class='ocrx_word' id='word_1_120' title='bbox 708 1060 809 1110; x_wconf 84' lang='lat' dir='ltr'><strong>quod</strong></span> <span class='ocrx_word' id='word_1_121' title='bbox 832 1073 969 1109; x_wconf 84' lang='lat' dir='ltr'><strong>equum</strong></span> <span class='ocrx_word' id='word_1_122' title='bbox 990 1059 1245 1109; x_wconf 82' lang='lat' dir='ltr'><strong>Bucephalum</strong></span> <span class='ocrx_word' id='word_1_123' title='bbox 1268 1070 1307 1099; x_wconf 91' lang='lat' dir='ltr'><strong>et</strong></span> <span class='ocrx_word' id='word_1_124' title='bbox 1326 1063 1526 1115; x_wconf 88' lang='lat' dir='ltr'><strong>Bucepha-</strong></span> 
     </span>
     <span class='ocr_line' id='line_1_16' title="bbox 77 1111 1522 1168; baseline 0.001 -11"><span class='ocrx_word' id='word_1_125' title='bbox 77 1120 151 1158; x_wconf 85' lang='lat' dir='ltr'><strong>lam</strong></span> <span class='ocrx_word' id='word_1_126' title='bbox 173 1122 385 1168; x_wconf 85' lang='lat' dir='ltr'><strong>promiscue</strong></span> <span class='ocrx_word' id='word_1_127' title='bbox 403 1119 590 1157; x_wconf 83' lang='lat' dir='ltr'><strong>dixerint.</strong></span> <span class='ocrx_word' id='word_1_128' title='bbox 636 1118 722 1154; x_wconf 89' lang='lat' dir='ltr'><strong>Vid.</strong></span> <span class='ocrx_word' id='word_1_129' title='bbox 754 1111 957 1154; x_wconf 66' lang='lat' dir='ltr'><strong>Davisium</strong></span> <span class='ocrx_word' id='word_1_130' title='bbox 976 1116 1026 1153; x_wconf 86' lang='lat' dir='ltr'><strong>ad</strong></span> <span class='ocrx_word' id='word_1_131' title='bbox 1045 1116 1204 1157; x_wconf 84' lang='lat' dir='ltr'><strong>Maxim.</strong></span> <span class='ocrx_word' id='word_1_132' title='bbox 1237 1117 1332 1168; x_wconf 88' lang='lat' dir='ltr'><strong>Tyr.</strong></span> <span class='ocrx_word' id='word_1_133' title='bbox 1358 1119 1522 1160; x_wconf 77' lang='lat' dir='ltr'><strong>Dissert-</strong></span> 
     </span>
     <span class='ocr_line' id='line_1_17' title="bbox 78 1171 1524 1227; baseline -0.002 -13"><span class='ocrx_word' id='word_1_134' title='bbox 78 1174 185 1214; x_wconf 74' lang='lat' dir='ltr'><strong>xlv.</strong></span> <span class='ocrx_word' id='word_1_135' title='bbox 205 1191 242 1227; x_wconf 91' lang='lat' dir='ltr'><strong>p.</strong></span> <span class='ocrx_word' id='word_1_136' title='bbox 268 1177 372 1215; x_wconf 77' lang='lat'><strong>549.</strong></span> <span class='ocrx_word' id='word_1_137' title='bbox 410 1175 513 1214; x_wconf 87' lang='lat' dir='ltr'><strong>Hinc</strong></span> <span class='ocrx_word' id='word_1_138' title='bbox 534 1175 625 1212; x_wconf 89' lang='lat' dir='ltr'><strong>urbs</strong></span> <span class='ocrx_word' id='word_1_139' title='bbox 647 1172 920 1226; x_wconf 72' lang='lat' dir='ltr'><strong>Bucephalus,</strong></span> <span class='ocrx_word' id='word_1_140' title='bbox 943 1171 1200 1225; x_wconf 74' lang='lat' dir='ltr'><strong>Bucephala,</strong></span> <span class='ocrx_word' id='word_1_141' title='bbox 1228 1176 1345 1214; x_wconf 82' lang='lat' dir='ltr'><strong>etiam</strong></span> <span class='ocrx_word' id='word_1_142' title='bbox 1367 1176 1524 1217; x_wconf 74' lang='grc' dir='ltr'><strong><em>Βουκε-</em></strong></span> 
     </span>
     <span class='ocr_line' id='line_1_18' title="bbox 77 1228 1523 1286; baseline 0.001 -16"><span class='ocrx_word' id='word_1_143' title='bbox 77 1231 209 1286; x_wconf 78' lang='grc' dir='ltr'>φαλιά</span> <span class='ocrx_word' id='word_1_144' title='bbox 231 1233 271 1269; x_wconf 83' lang='grc' dir='ltr'><strong>ἰη</strong></span> <span class='ocrx_word' id='word_1_145' title='bbox 293 1232 395 1270; x_wconf 86' lang='lat' dir='ltr'><strong>Plut.</strong></span> <span class='ocrx_word' id='word_1_146' title='bbox 427 1232 474 1269; x_wconf 90' lang='lat' dir='ltr'><strong>de</strong></span> <span class='ocrx_word' id='word_1_147' title='bbox 494 1232 606 1268; x_wconf 86' lang='lat' dir='ltr'><strong>Alex.</strong></span> <span class='ocrx_word' id='word_1_148' title='bbox 627 1230 730 1268; x_wconf 88' lang='lat' dir='ltr'><strong>Fort.</strong></span> <span class='ocrx_word' id='word_1_149' title='bbox 749 1244 785 1280; x_wconf 89' lang='lat' dir='ltr'><strong>p.</strong></span> <span class='ocrx_word' id='word_1_150' title='bbox 813 1231 918 1270; x_wconf 78' lang='lat'><strong>328.</strong></span> <span class='ocrx_word' id='word_1_151' title='bbox 936 1228 980 1268; x_wconf 88' lang='lat' dir='ltr'><strong>F.</strong></span> <span class='ocrx_word' id='word_1_152' title='bbox 1012 1242 1081 1280; x_wconf 90' lang='lat' dir='ltr'><strong>pro</strong></span> <span class='ocrx_word' id='word_1_153' title='bbox 1109 1231 1419 1285; x_wconf 65' lang='grc' dir='ltr'><em>Βουκεφαλεία,</em></span> <span class='ocrx_word' id='word_1_154' title='bbox 1447 1246 1523 1284; x_wconf 86' lang='lat' dir='ltr'><strong>quo</strong></span> 
     </span>
     <span class='ocr_line' id='line_1_19' title="bbox 77 1285 1525 1338; baseline -0.003 -12"><span class='ocrx_word' id='word_1_155' title='bbox 77 1289 190 1327; x_wconf 86' lang='lat' dir='ltr'><strong>modo</strong></span> <span class='ocrx_word' id='word_1_156' title='bbox 219 1290 260 1325; x_wconf 87' lang='lat' dir='ltr'><strong>in</strong></span> <span class='ocrx_word' id='word_1_157' title='bbox 279 1288 469 1326; x_wconf 87' lang='lat' dir='ltr'><strong>Strabone</strong></span> <span class='ocrx_word' id='word_1_158' title='bbox 496 1302 544 1325; x_wconf 88' lang='lat' dir='ltr'><strong>ex</strong></span> <span class='ocrx_word' id='word_1_159' title='bbox 563 1286 759 1336; x_wconf 85' lang='lat' dir='ltr'><strong>Stephano</strong></span> <span class='ocrx_word' id='word_1_160' title='bbox 782 1288 843 1323; x_wconf 87' lang='lat' dir='ltr'><strong>vir</strong></span> <span class='ocrx_word' id='word_1_161' title='bbox 861 1298 1029 1323; x_wconf 82' lang='lat' dir='ltr'><strong>summus</strong></span> <span class='ocrx_word' id='word_1_162' title='bbox 1057 1286 1226 1338; x_wconf 81' lang='lat' dir='ltr'><strong>refingit.</strong></span> <span class='ocrx_word' id='word_1_163' title='bbox 1278 1285 1344 1327; x_wconf 64' lang='lat' dir='ltr'><strong>T&amp;</strong></span> <span class='ocrx_word' id='word_1_164' title='bbox 1361 1288 1525 1330; x_wconf 73' lang='grc' dir='ltr'><em>Βουκέ-</em></span> 
     </span>
     <span class='ocr_line' id='line_1_20' title="bbox 75 1341 1524 1399; baseline 0.001 -15"><span class='ocrx_word' id='word_1_165' title='bbox 75 1346 192 1399; x_wconf 80' lang='grc' dir='ltr'>φαλα</span> <span class='ocrx_word' id='word_1_166' title='bbox 212 1344 361 1383; x_wconf 87' lang='lat' dir='ltr'><strong>Aelian.</strong></span> <span class='ocrx_word' id='word_1_167' title='bbox 383 1345 484 1382; x_wconf 86' lang='lat' dir='ltr'><strong>Hist.</strong></span> <span class='ocrx_word' id='word_1_168' title='bbox 506 1344 578 1381; x_wconf 84' lang='lat' dir='ltr'><strong>An.</strong></span> <span class='ocrx_word' id='word_1_169' title='bbox 596 1343 638 1381; x_wconf 87' lang='lat' dir='ltr'><strong>L.</strong></span> <span class='ocrx_word' id='word_1_170' title='bbox 659 1342 766 1380; x_wconf 75' lang='lat' dir='ltr'><strong>XVI.</strong></span> <span class='ocrx_word' id='word_1_171' title='bbox 790 1343 832 1382; x_wconf 87' lang='lat'><strong>3.</strong></span> <span class='ocrx_word' id='word_1_172' title='bbox 879 1341 951 1379; x_wconf 84' lang='lat' dir='ltr'><strong>His</strong></span> <span class='ocrx_word' id='word_1_173' title='bbox 971 1341 1090 1390; x_wconf 82' lang='lat' dir='ltr'><strong>adde,</strong></span> <span class='ocrx_word' id='word_1_174' title='bbox 1117 1355 1213 1393; x_wconf 84' lang='lat' dir='ltr'><strong>quae</strong></span> <span class='ocrx_word' id='word_1_175' title='bbox 1235 1342 1524 1385; x_wconf 77' lang='lat' dir='ltr'><strong>Freinshemius</strong></span> 
     </span>
     <span class='ocr_line' id='line_1_21' title="bbox 56 1398 1337 1450; baseline -0.002 -10"><span class='ocrx_word' id='word_1_176' title='bbox 56 1402 265 1442; x_wconf 78' lang='lat' dir='ltr'><strong>‚conduxit</strong></span> <span class='ocrx_word' id='word_1_177' title='bbox 285 1401 332 1439; x_wconf 88' lang='lat' dir='ltr'><strong>ad</strong></span> <span class='ocrx_word' id='word_1_178' title='bbox 354 1409 565 1439; x_wconf 82' lang='lat' dir='ltr'><strong>extremum</strong></span> <span class='ocrx_word' id='word_1_179' title='bbox 586 1414 666 1450; x_wconf 85' lang='lat' dir='ltr'><strong>cap.</strong></span> <span class='ocrx_word' id='word_1_180' title='bbox 690 1401 730 1439; x_wconf 90' lang='lat'><strong>3.</strong></span> <span class='ocrx_word' id='word_1_181' title='bbox 761 1398 935 1437; x_wconf 86' lang='lat' dir='ltr'><strong>Curtiani</strong></span> <span class='ocrx_word' id='word_1_182' title='bbox 955 1399 1044 1436; x_wconf 85' lang='lat' dir='ltr'><strong>libri</strong></span> <span class='ocrx_word' id='word_1_183' title='bbox 1062 1402 1169 1438; x_wconf 89' lang='lat' dir='ltr'><strong>noni.</strong></span> <span class='ocrx_word' id='word_1_184' title='bbox 1199 1400 1337 1441; x_wconf 80' lang='lat' dir='ltr'><strong>WEss.</strong></span> 
     </span>
    </p>

    <p class='ocr_par' dir='ltr' id='par_1_6' title="bbox 72 1463 1526 1801">
     <span class='ocr_line' id='line_1_22' title="bbox 190 1463 1526 1522; baseline -0.001 -13"><span class='ocrx_word' id='word_1_185' title='bbox 190 1470 297 1509; x_wconf 86' lang='grc'><strong>234.</strong></span> <span class='ocrx_word' id='word_1_186' title='bbox 326 1471 399 1510; x_wconf 82' lang='grc'><strong>60.</strong></span> <span class='ocrx_word' id='word_1_187' title='bbox 441 1466 551 1515; x_wconf 73' lang='grc' dir='ltr'><em>Τοὺς</em></span> <span class='ocrx_word' id='word_1_188' title='bbox 580 1463 909 1518; x_wconf 67' lang='grc' dir='ltr'>ὀνομαζομένους</span> <span class='ocrx_word' id='word_1_189' title='bbox 931 1464 1110 1518; x_wconf 67' lang='lat' dir='ltr'><strong>Elssovg]</strong></span> <span class='ocrx_word' id='word_1_190' title='bbox 1141 1467 1286 1506; x_wconf 90' lang='lat' dir='ltr'><strong>lustum</strong></span> <span class='ocrx_word' id='word_1_191' title='bbox 1307 1468 1378 1507; x_wconf 87' lang='lat' dir='ltr'><strong>hoc</strong></span> <span class='ocrx_word' id='word_1_192' title='bbox 1396 1472 1526 1522; x_wconf 81' lang='lat' dir='ltr'><strong>gentis</strong></span> 
     </span>
     <span class='ocr_line' id='line_1_23' title="bbox 76 1521 1526 1577; baseline -0.005 -14"><span class='ocrx_word' id='word_1_193' title='bbox 76 1535 216 1563; x_wconf 87' lang='lat' dir='ltr'><strong>nomen</strong></span> <span class='ocrx_word' id='word_1_194' title='bbox 244 1525 418 1573; x_wconf 84' lang='lat' dir='ltr'><strong>videtur,</strong></span> <span class='ocrx_word' id='word_1_195' title='bbox 445 1526 524 1562; x_wconf 84' lang='lat' dir='ltr'><strong>nisi</strong></span> <span class='ocrx_word' id='word_1_196' title='bbox 545 1526 578 1562; x_wconf 91' lang='lat' dir='ltr'><strong>si</strong></span> <span class='ocrx_word' id='word_1_197' title='bbox 598 1523 731 1573; x_wconf 68' lang='grc' dir='ltr'><strong><em>Σίβας</em></strong></span> <span class='ocrx_word' id='word_1_198' title='bbox 759 1524 995 1571; x_wconf 83' lang='lat' dir='ltr'><strong>praetuleris.</strong></span> <span class='ocrx_word' id='word_1_199' title='bbox 1031 1521 1170 1575; x_wconf 67' lang='grc' dir='ltr'><strong><em>’Ίβους</em></strong></span> <span class='ocrx_word' id='word_1_200' title='bbox 1188 1528 1393 1577; x_wconf 76' lang='lat' dir='ltr'><strong>progenuit</strong></span> <span class='ocrx_word' id='word_1_201' title='bbox 1415 1540 1526 1576; x_wconf 69' lang='lat' dir='ltr'><strong>prae..</strong></span> 
     </span>
     <span class='ocr_line' id='line_1_24' title="bbox 78 1580 1525 1628; baseline 0.002 -10"><span class='ocrx_word' id='word_1_202' title='bbox 78 1582 249 1619; x_wconf 87' lang='lat' dir='ltr'><strong>cedentis</strong></span> <span class='ocrx_word' id='word_1_203' title='bbox 278 1584 386 1619; x_wconf 81' lang='lat' dir='ltr'><strong>vocis</strong></span> <span class='ocrx_word' id='word_1_204' title='bbox 416 1582 573 1628; x_wconf 84' lang='lat' dir='ltr'><strong>sibilus,</strong></span> <span class='ocrx_word' id='word_1_205' title='bbox 602 1580 693 1617; x_wconf 89' lang='lat' dir='ltr'><strong>huic</strong></span> <span class='ocrx_word' id='word_1_206' title='bbox 723 1592 869 1616; x_wconf 80' lang='lat' dir='ltr'><strong>summa</strong></span> <span class='ocrx_word' id='word_1_207' title='bbox 898 1581 1039 1617; x_wconf 89' lang='lat' dir='ltr'><strong>iniuria</strong></span> <span class='ocrx_word' id='word_1_208' title='bbox 1070 1580 1232 1618; x_wconf 83' lang='lat' dir='ltr'><strong>ablatus.</strong></span> <span class='ocrx_word' id='word_1_209' title='bbox 1276 1581 1388 1620; x_wconf 90' lang='lat' dir='ltr'><strong>Certe</strong></span> <span class='ocrx_word' id='word_1_210' title='bbox 1410 1583 1525 1622; x_wconf 74' lang='lat' dir='ltr'><strong>Sibos</strong></span> 
     </span>
     <span class='ocr_line' id='line_1_25' title="bbox 72 1634 1525 1689; baseline 0.003 -13"><span class='ocrx_word' id='word_1_211' title='bbox 72 1638 242 1688; x_wconf 78' lang='lat' dir='ltr'><strong>adpellat</strong></span> <span class='ocrx_word' id='word_1_212' title='bbox 259 1638 420 1676; x_wconf 79' lang='lat' dir='ltr'><strong>Orosius</strong></span> <span class='ocrx_word' id='word_1_213' title='bbox 437 1638 480 1677; x_wconf 84' lang='lat' dir='ltr'><strong>L.</strong></span> <span class='ocrx_word' id='word_1_214' title='bbox 500 1638 567 1675; x_wconf 87' lang='lat'><strong>111.</strong></span> <span class='ocrx_word' id='word_1_215' title='bbox 593 1634 819 1686; x_wconf 75' lang='grc' dir='ltr'><strong>19.,Σίβας</strong></span> <span class='ocrx_word' id='word_1_216' title='bbox 829 1634 969 1672; x_wconf 85' lang='lat' dir='ltr'><strong>Strabo</strong></span> <span class='ocrx_word' id='word_1_217' title='bbox 979 1635 1068 1676; x_wconf 90' lang='lat' dir='ltr'><strong>XV.</strong></span> <span class='ocrx_word' id='word_1_218' title='bbox 1091 1649 1123 1685; x_wconf 87' lang='lat' dir='ltr'><strong>p·</strong></span> <span class='ocrx_word' id='word_1_219' title='bbox 1140 1639 1275 1678; x_wconf 87' lang='lat'>1008.</span> <span class='ocrx_word' id='word_1_220' title='bbox 1289 1645 1372 1689; x_wconf 82' lang='lat' dir='ltr'><strong>etp·</strong></span> <span class='ocrx_word' id='word_1_221' title='bbox 1390 1641 1525 1680; x_wconf 85' lang='grc'><strong>1026-</strong></span> 
     </span>
     <span class='ocr_line' id='line_1_26' title="bbox 74 1692 1524 1745; baseline 0.001 -14"><span class='ocrx_word' id='word_1_222' title='bbox 74 1702 186 1744; x_wconf 86' lang='lat' dir='ltr'><strong>atque</strong></span> <span class='ocrx_word' id='word_1_223' title='bbox 216 1707 264 1731; x_wconf 87' lang='lat' dir='ltr'><strong>ex</strong></span> <span class='ocrx_word' id='word_1_224' title='bbox 286 1693 478 1745; x_wconf 83' lang='lat' dir='ltr'><strong>Dionysio</strong></span> <span class='ocrx_word' id='word_1_225' title='bbox 508 1692 750 1743; x_wconf 80' lang='lat' dir='ltr'><strong>StephanuS‚</strong></span> <span class='ocrx_word' id='word_1_226' title='bbox 779 1698 888 1730; x_wconf 76' lang='lat' dir='ltr'><strong>vetus</strong></span> <span class='ocrx_word' id='word_1_227' title='bbox 914 1693 1032 1730; x_wconf 83' lang='lat' dir='ltr'><strong>etiam</strong></span> <span class='ocrx_word' id='word_1_228' title='bbox 1061 1696 1317 1743; x_wconf 81' lang='lat' dir='ltr'><strong>epigramma,</strong></span> <span class='ocrx_word' id='word_1_229' title='bbox 1342 1695 1524 1734; x_wconf 86' lang='lat' dir='ltr'><strong>Herculis</strong></span> 
     </span>
     <span class='ocr_line' id='line_1_27' title="bbox 74 1748 1524 1801; baseline -0.001 -13"><span class='ocrx_word' id='word_1_230' title='bbox 74 1752 224 1788; x_wconf 82' lang='lat' dir='ltr'><strong>labores</strong></span> <span class='ocrx_word' id='word_1_231' title='bbox 246 1753 495 1801; x_wconf 82' lang='lat' dir='ltr'><strong>conplexum,</strong></span> <span class='ocrx_word' id='word_1_232' title='bbox 527 1753 567 1788; x_wconf 87' lang='lat' dir='ltr'><strong>in</strong></span> <span class='ocrx_word' id='word_1_233' title='bbox 587 1749 758 1786; x_wconf 81' lang='lat' dir='ltr'><strong>Reinesii</strong></span> <span class='ocrx_word' id='word_1_234' title='bbox 778 1749 954 1796; x_wconf 81' lang='lat' dir='ltr'><strong>inscript.</strong></span> <span class='ocrx_word' id='word_1_235' title='bbox 974 1748 1074 1787; x_wconf 89' lang='lat' dir='ltr'><strong>Clas.</strong></span> <span class='ocrx_word' id='word_1_236' title='bbox 1099 1748 1163 1786; x_wconf 89' lang='lat' dir='ltr'><strong>1V.</strong></span> <span class='ocrx_word' id='word_1_237' title='bbox 1187 1760 1262 1787; x_wconf 78' lang='grc' dir='ltr'><strong>ΧΠ.</strong></span> <span class='ocrx_word' id='word_1_238' title='bbox 1291 1763 1324 1800; x_wconf 89' lang='lat' dir='ltr'><strong>p.</strong></span> <span class='ocrx_word' id='word_1_239' title='bbox 1347 1752 1451 1791; x_wconf 82' lang='lat'><strong>347.</strong></span> <span class='ocrx_word' id='word_1_240' title='bbox 1482 1758 1524 1789; x_wconf 86' lang='lat' dir='ltr'><strong>et</strong></span> 
     </span>
    </p>
   </div>
   <div class='ocr_carea' id='block_1_5' title="bbox 74 1804 1527 1855">
    <p class='ocr_par' dir='ltr' id='par_1_7' title="bbox 74 1804 1527 1855">
     <span class='ocr_line' id='line_1_28' title="bbox 74 1804 1527 1855; baseline 0.003 -11"><span class='ocrx_word' id='word_1_241' title='bbox 74 1806 193 1845; x_wconf 88' lang='lat' dir='ltr'><strong>Donii</strong></span> <span class='ocrx_word' id='word_1_242' title='bbox 211 1806 353 1846; x_wconf 87' lang='lat' dir='ltr'><strong>Clas.1.</strong></span> <span class='ocrx_word' id='word_1_243' title='bbox 373 1819 408 1855; x_wconf 93' lang='lat' dir='ltr'><strong>p.</strong></span> <span class='ocrx_word' id='word_1_244' title='bbox 423 1808 496 1846; x_wconf 87' lang='lat'><strong>34.</strong></span> <span class='ocrx_word' id='word_1_245' title='bbox 523 1806 633 1845; x_wconf 85' lang='grc' dir='ltr'><strong>ΕΠΙ</strong></span> <span class='ocrx_word' id='word_1_246' title='bbox 653 1805 779 1844; x_wconf 86' lang='grc' dir='ltr'><strong>ΊῸΝ</strong></span> <span class='ocrx_word' id='word_1_247' title='bbox 796 1804 994 1843; x_wconf 84' lang='grc' dir='ltr'><em>ΙΝΛΟΝ</em></span> <span class='ocrx_word' id='word_1_248' title='bbox 1011 1804 1191 1845; x_wconf 84' lang='grc' dir='ltr'><em>ΗΛΘΕ</em></span> <span class='ocrx_word' id='word_1_249' title='bbox 1204 1807 1527 1848; x_wconf 84' lang='lat' dir='ltr'><strong><em>JIOTAMON</em></strong></span> 
     </span>
    </p>
   </div>
   <div class='ocr_carea' id='block_1_6' title="bbox 18 1858 1526 1904">
    <p class='ocr_par' dir='ltr' id='par_1_8' title="bbox 18 1858 1526 1904">
     <span class='ocr_line' id='line_1_29' title="bbox 18 1858 1526 1904; baseline -0.001 0"><span class='ocrx_word' id='word_1_250' title='bbox 18 1892 21 1894; x_wconf 96' lang='lat'>-</span> <span class='ocrx_word' id='word_1_251' title='bbox 72 1863 187 1904; x_wconf 82' lang='grc' dir='ltr'><strong>ΚΑΙ</strong></span> <span class='ocrx_word' id='word_1_252' title='bbox 208 1863 417 1902; x_wconf 90' lang='grc' dir='ltr'><em>ΠΟΛΙΝ</em></span> <span class='ocrx_word' id='word_1_253' title='bbox 433 1860 680 1902; x_wconf 75' lang='grc' dir='ltr'><em>ΗΡακλείαν</em></span> <span class='ocrx_word' id='word_1_254' title='bbox 704 1860 835 1899; x_wconf 83' lang='grc' dir='ltr'><strong>ΤΑΝ</strong></span> <span class='ocrx_word' id='word_1_255' title='bbox 857 1858 936 1899; x_wconf 90' lang='lat' dir='ltr'><strong>EN</strong></span> <span class='ocrx_word' id='word_1_256' title='bbox 963 1859 1173 1902; x_wconf 77' lang='grc' dir='ltr'><em>ΣῙΒΛΙΣ</em></span> <span class='ocrx_word' id='word_1_257' title='bbox 1193 1863 1429 1903; x_wconf 88' lang='lat' dir='ltr'><strong>OIKIZEI.</strong></span> <span class='ocrx_word' id='word_1_258' title='bbox 1469 1864 1526 1903; x_wconf 82' lang='lat' dir='ltr'><strong>lta</strong></span> 
     </span>
    </p>
   </div>
   <div class='ocr_carea' id='block_1_7' title="bbox 73 1917 1523 2305">
    <p class='ocr_par' dir='ltr' id='par_1_9' title="bbox 73 1917 1523 2305">
     <span class='ocr_line' id='line_1_30' title="bbox 75 1917 1523 1968; baseline 0.001 -12"><span class='ocrx_word' id='word_1_259' title='bbox 75 1920 203 1957; x_wconf 83' lang='lat' dir='ltr'><strong>hiatus</strong></span> <span class='ocrx_word' id='word_1_260' title='bbox 223 1926 325 1955; x_wconf 89' lang='lat' dir='ltr'><strong>recte</strong></span> <span class='ocrx_word' id='word_1_261' title='bbox 345 1920 571 1968; x_wconf 85' lang='lat' dir='ltr'><strong>explebitur.</strong></span> <span class='ocrx_word' id='word_1_262' title='bbox 608 1917 815 1955; x_wconf 83' lang='lat' dir='ltr'><strong>Heraclea</strong></span> <span class='ocrx_word' id='word_1_263' title='bbox 835 1917 1052 1965; x_wconf 83' lang='lat' dir='ltr'><strong>indicatur,</strong></span> <span class='ocrx_word' id='word_1_264' title='bbox 1080 1930 1193 1966; x_wconf 85' lang='lat' dir='ltr'><strong>quam</strong></span> <span class='ocrx_word' id='word_1_265' title='bbox 1210 1922 1251 1956; x_wconf 89' lang='lat' dir='ltr'><strong>in</strong></span> <span class='ocrx_word' id='word_1_266' title='bbox 1276 1919 1406 1957; x_wconf 78' lang='lat' dir='ltr'><strong>indiae</strong></span> <span class='ocrx_word' id='word_1_267' title='bbox 1433 1920 1523 1959; x_wconf 87' lang='lat' dir='ltr'><strong>fini-</strong></span> 
     </span>
     <span class='ocr_line' id='line_1_31' title="bbox 76 1973 1523 2024; baseline 0.001 -12"><span class='ocrx_word' id='word_1_268' title='bbox 76 1976 145 2012; x_wconf 88' lang='lat' dir='ltr'><strong>bus</strong></span> <span class='ocrx_word' id='word_1_269' title='bbox 166 1974 382 2024; x_wconf 83' lang='lat' dir='ltr'><strong>Stephanus</strong></span> <span class='ocrx_word' id='word_1_270' title='bbox 401 1978 513 2013; x_wconf 85' lang='lat' dir='ltr'><strong>sitam</strong></span> <span class='ocrx_word' id='word_1_271' title='bbox 532 1976 651 2012; x_wconf 88' lang='lat' dir='ltr'><strong>fuisse</strong></span> <span class='ocrx_word' id='word_1_272' title='bbox 671 1973 855 2022; x_wconf 84' lang='lat' dir='ltr'><strong>prodidit,</strong></span> <span class='ocrx_word' id='word_1_273' title='bbox 875 1980 912 2010; x_wconf 90' lang='lat' dir='ltr'><strong>et</strong></span> <span class='ocrx_word' id='word_1_274' title='bbox 931 1980 1020 2011; x_wconf 89' lang='lat' dir='ltr'><strong>ante</strong></span> <span class='ocrx_word' id='word_1_275' title='bbox 1039 1988 1124 2011; x_wconf 89' lang='lat' dir='ltr'><strong>eum</strong></span> <span class='ocrx_word' id='word_1_276' title='bbox 1146 1975 1295 2013; x_wconf 87' lang='lat' dir='ltr'><strong>Plinius</strong></span> <span class='ocrx_word' id='word_1_277' title='bbox 1314 1976 1355 2013; x_wconf 90' lang='lat' dir='ltr'><strong>L.</strong></span> <span class='ocrx_word' id='word_1_278' title='bbox 1368 1975 1433 2016; x_wconf 85' lang='lat' dir='ltr'><strong>Vl.</strong></span> <span class='ocrx_word' id='word_1_279' title='bbox 1451 1978 1523 2018; x_wconf 85' lang='lat'><strong>16.</strong></span> 
     </span>
     <span class='ocr_line' id='line_1_32' title="bbox 74 2031 1523 2084; baseline 0.001 -14"><span class='ocrx_word' id='word_1_280' title='bbox 74 2032 195 2070; x_wconf 88' lang='lat' dir='ltr'><strong>Porro</strong></span> <span class='ocrx_word' id='word_1_281' title='bbox 214 2033 374 2078; x_wconf 81' lang='lat' dir='ltr'><strong>vitium,</strong></span> <span class='ocrx_word' id='word_1_282' title='bbox 396 2032 496 2081; x_wconf 85' lang='lat' dir='ltr'><strong>quod</strong></span> <span class='ocrx_word' id='word_1_283' title='bbox 517 2033 646 2083; x_wconf 85' lang='lat' dir='ltr'><strong>gentis</strong></span> <span class='ocrx_word' id='word_1_284' title='bbox 667 2043 805 2068; x_wconf 86' lang='lat' dir='ltr'><strong>nomen</strong></span> <span class='ocrx_word' id='word_1_285' title='bbox 824 2031 1102 2078; x_wconf 79' lang='lat' dir='ltr'><strong>maculaverat,</strong></span> <span class='ocrx_word' id='word_1_286' title='bbox 1130 2031 1329 2083; x_wconf 86' lang='lat' dir='ltr'><strong>detergere</strong></span> <span class='ocrx_word' id='word_1_287' title='bbox 1349 2034 1523 2084; x_wconf 85' lang='lat' dir='ltr'><strong>aggressi</strong></span> 
     </span>
     <span class='ocr_line' id='line_1_33' title="bbox 74 2086 1520 2135; baseline 0.001 -10"><span class='ocrx_word' id='word_1_288' title='bbox 74 2095 163 2125; x_wconf 90' lang='lat' dir='ltr'><strong>sunt</strong></span> <span class='ocrx_word' id='word_1_289' title='bbox 181 2088 345 2125; x_wconf 87' lang='lat' dir='ltr'><strong>feliciter</strong></span> <span class='ocrx_word' id='word_1_290' title='bbox 363 2088 425 2126; x_wconf 89' lang='lat' dir='ltr'><strong>Fr.</strong></span> <span class='ocrx_word' id='word_1_291' title='bbox 445 2087 643 2126; x_wconf 83' lang='lat' dir='ltr'><strong>Fabricius</strong></span> <span class='ocrx_word' id='word_1_292' title='bbox 661 2087 708 2123; x_wconf 83' lang='lat' dir='ltr'><strong>ad</strong></span> <span class='ocrx_word' id='word_1_293' title='bbox 729 2086 910 2124; x_wconf 83' lang='lat' dir='ltr'><strong>Orosium</strong></span> <span class='ocrx_word' id='word_1_294' title='bbox 931 2087 1014 2125; x_wconf 87' lang='lat' dir='ltr'><strong>loco</strong></span> <span class='ocrx_word' id='word_1_295' title='bbox 1034 2087 1314 2135; x_wconf 64' lang='lat' dir='ltr'><strong>dict.,S&#39;a1mas.</strong></span> <span class='ocrx_word' id='word_1_296' title='bbox 1334 2089 1376 2126; x_wconf 89' lang='lat' dir='ltr'><strong>in</strong></span> <span class='ocrx_word' id='word_1_297' title='bbox 1395 2089 1520 2127; x_wconf 77' lang='lat' dir='ltr'><strong>Solin.</strong></span> 
     </span>
     <span class='ocr_line' id='line_1_34' title="bbox 74 2141 1522 2194; baseline 0.002 -14"><span class='ocrx_word' id='word_1_298' title='bbox 74 2155 110 2194; x_wconf 89' lang='lat' dir='ltr'><strong>p.</strong></span> <span class='ocrx_word' id='word_1_299' title='bbox 135 2145 268 2190; x_wconf 57' lang='lat'><strong>700..</strong></span> <span class='ocrx_word' id='word_1_300' title='bbox 292 2141 542 2183; x_wconf 71' lang='lat' dir='ltr'><strong>&#39;Freinsherm</strong></span> <span class='ocrx_word' id='word_1_301' title='bbox 574 2151 653 2181; x_wconf 89' lang='lat' dir='ltr'><strong>not.</strong></span> <span class='ocrx_word' id='word_1_302' title='bbox 682 2143 731 2180; x_wconf 83' lang='lat' dir='ltr'><strong>ad</strong></span> <span class='ocrx_word' id='word_1_303' title='bbox 759 2142 866 2180; x_wconf 87' lang='lat' dir='ltr'><strong>Curt.</strong></span> <span class='ocrx_word' id='word_1_304' title='bbox 898 2141 969 2182; x_wconf 87' lang='lat' dir='ltr'><strong>IX.</strong></span> <span class='ocrx_word' id='word_1_305' title='bbox 991 2144 1034 2184; x_wconf 89' lang='grc'><strong>4.</strong></span> <span class='ocrx_word' id='word_1_306' title='bbox 1058 2145 1101 2184; x_wconf 90' lang='grc'><strong>2.</strong></span> <span class='ocrx_word' id='word_1_307' title='bbox 1136 2151 1179 2182; x_wconf 90' lang='lat' dir='ltr'><strong>ut</strong></span> <span class='ocrx_word' id='word_1_308' title='bbox 1198 2147 1337 2183; x_wconf 89' lang='lat' dir='ltr'><strong>mirum</strong></span> <span class='ocrx_word' id='word_1_309' title='bbox 1364 2148 1522 2184; x_wconf 88' lang='lat' dir='ltr'><strong>omnino</strong></span> 
     </span>
     <span class='ocr_line' id='line_1_35' title="bbox 73 2197 1521 2253; baseline 0.003 -15"><span class='ocrx_word' id='word_1_310' title='bbox 73 2200 242 2246; x_wconf 81' lang='lat' dir='ltr'><strong>accidat,</strong></span> <span class='ocrx_word' id='word_1_311' title='bbox 271 2197 347 2238; x_wconf 88' lang='lat' dir='ltr'><strong>Th.</strong></span> <span class='ocrx_word' id='word_1_312' title='bbox 369 2200 612 2248; x_wconf 82' lang='lat' dir='ltr'><strong>Reinesium‚</strong></span> <span class='ocrx_word' id='word_1_313' title='bbox 642 2201 961 2249; x_wconf 86' lang='lat' dir='ltr'><strong>perspicacissimi</strong></span> <span class='ocrx_word' id='word_1_314' title='bbox 989 2203 1116 2238; x_wconf 85' lang='lat' dir='ltr'><strong>virum</strong></span> <span class='ocrx_word' id='word_1_315' title='bbox 1138 2203 1307 2253; x_wconf 83' lang='lat' dir='ltr'><strong>ingenii,</strong></span> <span class='ocrx_word' id='word_1_316' title='bbox 1329 2202 1413 2242; x_wconf 89' lang='lat' dir='ltr'><strong>EN</strong></span> <span class='ocrx_word' id='word_1_317' title='bbox 1437 2202 1521 2243; x_wconf 80' lang='grc' dir='ltr'><strong>ΣΙ-</strong></span> 
     </span>
     <span class='ocr_line' id='line_1_36' title="bbox 74 2255 1167 2305; baseline 0 -9"><span class='ocrx_word' id='word_1_318' title='bbox 74 2255 225 2296; x_wconf 76' lang='grc' dir='ltr'><em>ΒΑΙΣ</em></span> <span class='ocrx_word' id='word_1_319' title='bbox 238 2258 391 2305; x_wconf 84' lang='lat' dir='ltr'><strong>antiqui</strong></span> <span class='ocrx_word' id='word_1_320' title='bbox 410 2259 610 2295; x_wconf 83' lang='lat' dir='ltr'><strong>marmoris</strong></span> <span class='ocrx_word' id='word_1_321' title='bbox 629 2257 794 2294; x_wconf 86' lang='lat' dir='ltr'><strong>tolerare</strong></span> <span class='ocrx_word' id='word_1_322' title='bbox 814 2257 999 2296; x_wconf 84' lang='lat' dir='ltr'><strong>noluisse.</strong></span> <span class='ocrx_word' id='word_1_323' title='bbox 1031 2256 1167 2296; x_wconf 79' lang='lat' dir='ltr'><strong>WESS.</strong></span> 
     </span>
    </p>
   </div>
   <div class='ocr_carea' id='block_1_8' title="bbox 73 2319 1525 2870">
    <p class='ocr_par' dir='ltr' id='par_1_10' title="bbox 73 2319 1525 2870">
     <span class='ocr_line' id='line_1_37' title="bbox 186 2319 1522 2379; baseline 0.001 -16"><span class='ocrx_word' id='word_1_324' title='bbox 186 2324 292 2363; x_wconf 84' lang='lat'><strong>235.</strong></span> <span class='ocrx_word' id='word_1_325' title='bbox 326 2324 400 2364; x_wconf 85' lang='grc'><strong>73.</strong></span> <span class='ocrx_word' id='word_1_326' title='bbox 450 2320 717 2375; x_wconf 75' lang='grc' dir='ltr'><em>Καταλαβών</em></span> <span class='ocrx_word' id='word_1_327' title='bbox 752 2343 799 2351; x_wconf 84' lang='grc'><strong>-·</strong></span> <span class='ocrx_word' id='word_1_328' title='bbox 826 2319 1109 2374; x_wconf 73' lang='grc' dir='ltr'><em>Ἀγαλασσεΐς</em></span> <span class='ocrx_word' id='word_1_329' title='bbox 1138 2319 1396 2377; x_wconf 70' lang='grc' dir='ltr'><em>ἠθροικότας</em></span> <span class='ocrx_word' id='word_1_330' title='bbox 1418 2323 1522 2379; x_wconf 60' lang='grc' dir='ltr'><strong>αα]</strong></span> 
     </span>
     <span class='ocr_line' id='line_1_38' title="bbox 75 2378 1522 2434; baseline 0.003 -18"><span class='ocrx_word' id='word_1_331' title='bbox 75 2379 109 2416; x_wconf 90' lang='lat' dir='ltr'>A</span> <span class='ocrx_word' id='word_1_332' title='bbox 129 2378 263 2417; x_wconf 87' lang='lat' dir='ltr'><strong>Curtio</strong></span> <span class='ocrx_word' id='word_1_333' title='bbox 280 2387 505 2428; x_wconf 82' lang='lat' dir='ltr'><strong>vertuntur,</strong></span> <span class='ocrx_word' id='word_1_334' title='bbox 532 2392 592 2418; x_wconf 77' lang='lat' dir='ltr'><strong>XL</strong></span> <span class='ocrx_word' id='word_1_335' title='bbox 614 2381 795 2432; x_wconf 81' lang='lat' dir='ltr'><strong>peditum</strong></span> <span class='ocrx_word' id='word_1_336' title='bbox 820 2382 945 2418; x_wconf 82' lang='lat' dir='ltr'><strong>millia</strong></span> <span class='ocrx_word' id='word_1_337' title='bbox 971 2383 1057 2419; x_wconf 82' lang='lat' dir='ltr'><strong>alia</strong></span> <span class='ocrx_word' id='word_1_338' title='bbox 1076 2394 1174 2431; x_wconf 76' lang='lat' dir='ltr'><strong>gens</strong></span> <span class='ocrx_word' id='word_1_339' title='bbox 1202 2383 1243 2419; x_wconf 83' lang='lat' dir='ltr'><strong>in</strong></span> <span class='ocrx_word' id='word_1_340' title='bbox 1267 2384 1360 2434; x_wconf 79' lang='lat' dir='ltr'><strong>ripa</strong></span> <span class='ocrx_word' id='word_1_341' title='bbox 1381 2383 1522 2432; x_wconf 83' lang='lat' dir='ltr'><strong>flumi—</strong></span> 
     </span>
     <span class='ocr_line' id='line_1_39' title="bbox 76 2437 1521 2489; baseline 0.003 -17"><span class='ocrx_word' id='word_1_342' title='bbox 76 2449 166 2473; x_wconf 85' lang='lat' dir='ltr'><strong>num</strong></span> <span class='ocrx_word' id='word_1_343' title='bbox 194 2443 452 2488; x_wconf 82' lang='lat' dir='ltr'><strong>opposuerat,</strong></span> <span class='ocrx_word' id='word_1_344' title='bbox 489 2450 607 2489; x_wconf 81' lang='lat' dir='ltr'><strong>quam</strong></span> <span class='ocrx_word' id='word_1_345' title='bbox 629 2450 742 2474; x_wconf 84' lang='lat' dir='ltr'><strong>amne</strong></span> <span class='ocrx_word' id='word_1_346' title='bbox 769 2445 959 2489; x_wconf 77' lang='lat' dir='ltr'><strong>superato</strong></span> <span class='ocrx_word' id='word_1_347' title='bbox 991 2440 1030 2475; x_wconf 81' lang='lat' dir='ltr'><strong>in</strong></span> <span class='ocrx_word' id='word_1_348' title='bbox 1054 2437 1208 2487; x_wconf 78' lang='lat' dir='ltr'><strong>fugam</strong></span> <span class='ocrx_word' id='word_1_349' title='bbox 1232 2440 1426 2489; x_wconf 78' lang='lat' dir='ltr'><strong>conpulit,</strong></span> <span class='ocrx_word' id='word_1_350' title='bbox 1458 2441 1521 2477; x_wconf 80' lang='lat' dir='ltr'><strong>in-</strong></span> 
     </span>
     <span class='ocr_line' id='line_1_40' title="bbox 74 2494 1525 2545; baseline 0.001 -15"><span class='ocrx_word' id='word_1_351' title='bbox 74 2494 278 2543; x_wconf 79' lang='lat' dir='ltr'><strong>clusosque</strong></span> <span class='ocrx_word' id='word_1_352' title='bbox 307 2494 504 2531; x_wconf 70' lang='lat' dir='ltr'><strong>moenibus</strong></span> <span class='ocrx_word' id='word_1_353' title='bbox 541 2499 754 2545; x_wconf 82' lang='lat' dir='ltr'><strong>oppugnat.</strong></span> <span class='ocrx_word' id='word_1_354' title='bbox 790 2494 962 2544; x_wconf 77' lang='lat' dir='ltr'><strong>puberes</strong></span> <span class='ocrx_word' id='word_1_355' title='bbox 998 2494 1212 2541; x_wconf 69' lang='lat' dir='ltr'><strong>interfecti</strong></span> <span class='ocrx_word' id='word_1_356' title='bbox 1242 2502 1358 2532; x_wconf 78' lang='lat' dir='ltr'><strong>sunt:</strong></span> <span class='ocrx_word' id='word_1_357' title='bbox 1394 2497 1525 2534; x_wconf 79' lang='lat' dir='ltr'><strong>ceteri</strong></span> 
     </span>
     <span class='ocr_line' id='line_1_41' title="bbox 73 2546 1521 2602; baseline 0.001 -16"><span class='ocrx_word' id='word_1_358' title='bbox 73 2551 293 2587; x_wconf 77' lang='lat' dir='ltr'><strong>venierunt.</strong></span> <span class='ocrx_word' id='word_1_359' title='bbox 343 2549 454 2587; x_wconf 87' lang='lat' dir='ltr'><strong>Unde</strong></span> <span class='ocrx_word' id='word_1_360' title='bbox 476 2551 659 2597; x_wconf 81' lang='lat' dir='ltr'><strong>conficio,</strong></span> <span class='ocrx_word' id='word_1_361' title='bbox 686 2563 801 2588; x_wconf 88' lang='lat' dir='ltr'><strong>voces</strong></span> <span class='ocrx_word' id='word_1_362' title='bbox 833 2549 889 2596; x_wconf 81' lang='grc' dir='ltr'><strong>εἷς</strong></span> <span class='ocrx_word' id='word_1_363' title='bbox 918 2548 969 2589; x_wconf 79' lang='grc' dir='ltr'><strong>τὰ</strong></span> <span class='ocrx_word' id='word_1_364' title='bbox 990 2546 1172 2602; x_wconf 75' lang='grc' dir='ltr'><em>σπήλαια</em></span> <span class='ocrx_word' id='word_1_365' title='bbox 1202 2550 1294 2598; x_wconf 78' lang='grc' dir='ltr'><strong>καὶ,</strong></span> <span class='ocrx_word' id='word_1_366' title='bbox 1321 2564 1415 2601; x_wconf 87' lang='lat' dir='ltr'><strong>quas</strong></span> <span class='ocrx_word' id='word_1_367' title='bbox 1444 2552 1521 2589; x_wconf 80' lang='lat' dir='ltr'><strong>fide</strong></span> 
     </span>
     <span class='ocr_line' id='line_1_42' title="bbox 74 2605 1522 2658; baseline 0.001 -15"><span class='ocrx_word' id='word_1_368' title='bbox 74 2607 376 2644; x_wconf 80' lang='lat' dir='ltr'><strong>membranarum</strong></span> <span class='ocrx_word' id='word_1_369' title='bbox 394 2606 551 2654; x_wconf 82' lang='lat' dir='ltr'><strong>induxi,</strong></span> <span class='ocrx_word' id='word_1_370' title='bbox 582 2605 629 2643; x_wconf 85' lang='lat' dir='ltr'><strong>ab</strong></span> <span class='ocrx_word' id='word_1_371' title='bbox 651 2620 696 2643; x_wconf 90' lang='lat' dir='ltr'><strong>eo</strong></span> <span class='ocrx_word' id='word_1_372' title='bbox 718 2607 835 2642; x_wconf 81' lang='lat' dir='ltr'><strong>lectas</strong></span> <span class='ocrx_word' id='word_1_373' title='bbox 863 2619 940 2644; x_wconf 91' lang='lat' dir='ltr'><strong>non</strong></span> <span class='ocrx_word' id='word_1_374' title='bbox 960 2617 1062 2644; x_wconf 85' lang='lat' dir='ltr'><strong>esse:</strong></span> <span class='ocrx_word' id='word_1_375' title='bbox 1093 2608 1294 2657; x_wconf 83' lang='lat' dir='ltr'><strong>scripsisse</strong></span> <span class='ocrx_word' id='word_1_376' title='bbox 1311 2614 1522 2658; x_wconf 82' lang='lat' dir='ltr'><strong>praeterea,</strong></span> 
     </span>
     <span class='ocr_line' id='line_1_43' title="bbox 74 2662 1521 2714; baseline 0.003 -16"><span class='ocrx_word' id='word_1_377' title='bbox 74 2662 360 2711; x_wconf 76' lang='lat' dir='ltr'><strong>Agalassenses</strong></span> <span class='ocrx_word' id='word_1_378' title='bbox 383 2684 430 2690; x_wconf 90' lang='lat'><strong>·—</strong></span> <span class='ocrx_word' id='word_1_379' title='bbox 456 2669 742 2714; x_wconf 79' lang='lat' dir='ltr'><strong>opposuerant,</strong></span> <span class='ocrx_word' id='word_1_380' title='bbox 772 2675 868 2713; x_wconf 85' lang='lat' dir='ltr'><strong>quos</strong></span> <span class='ocrx_word' id='word_1_381' title='bbox 897 2676 1011 2700; x_wconf 85' lang='lat' dir='ltr'><strong>amne</strong></span> <span class='ocrx_word' id='word_1_382' title='bbox 1043 2683 1091 2691; x_wconf 91' lang='lat'><strong>-·</strong></span> <span class='ocrx_word' id='word_1_383' title='bbox 1122 2665 1309 2712; x_wconf 82' lang='lat' dir='ltr'><strong>conpulit.</strong></span> <span class='ocrx_word' id='word_1_384' title='bbox 1348 2665 1521 2707; x_wconf 82' lang='lat' dir='ltr'><strong>Quorum</strong></span> 
     </span>
     <span class='ocr_line' id='line_1_44' title="bbox 76 2719 1518 2768; baseline 0.003 -14"><span class='ocrx_word' id='word_1_385' title='bbox 76 2721 180 2767; x_wconf 85' lang='lat' dir='ltr'><strong>prius</strong></span> <span class='ocrx_word' id='word_1_386' title='bbox 201 2722 396 2768; x_wconf 84' lang='lat' dir='ltr'><strong>perspicue</strong></span> <span class='ocrx_word' id='word_1_387' title='bbox 414 2721 566 2757; x_wconf 88' lang='lat' dir='ltr'><strong>elicitur</strong></span> <span class='ocrx_word' id='word_1_388' title='bbox 583 2733 631 2757; x_wconf 86' lang='lat' dir='ltr'><strong>ex</strong></span> <span class='ocrx_word' id='word_1_389' title='bbox 650 2719 847 2758; x_wconf 82' lang='lat' dir='ltr'><strong>vocabulis</strong></span> <span class='ocrx_word' id='word_1_390' title='bbox 866 2731 967 2757; x_wconf 68' lang='lat' dir='ltr'><strong>ALIA</strong></span> <span class='ocrx_word' id='word_1_391' title='bbox 989 2728 1121 2768; x_wconf 64' lang='lat' dir='ltr'><strong><em>GENS,</em></strong></span> <span class='ocrx_word' id='word_1_392' title='bbox 1151 2721 1378 2768; x_wconf 85' lang='lat' dir='ltr'><strong>posterioris</strong></span> <span class='ocrx_word' id='word_1_393' title='bbox 1399 2723 1518 2758; x_wconf 85' lang='lat' dir='ltr'><strong>vesti·-</strong></span> 
     </span>
     <span class='ocr_line' id='line_1_45' title="bbox 75 2774 1520 2828; baseline 0.003 -18"><span class='ocrx_word' id='word_1_394' title='bbox 75 2776 140 2825; x_wconf 84' lang='lat' dir='ltr'><strong>gia</strong></span> <span class='ocrx_word' id='word_1_395' title='bbox 160 2774 298 2811; x_wconf 82' lang='lat' dir='ltr'><strong>durant</strong></span> <span class='ocrx_word' id='word_1_396' title='bbox 320 2777 397 2813; x_wconf 87' lang='lat' dir='ltr'><strong>illis</strong></span> <span class='ocrx_word' id='word_1_397' title='bbox 418 2777 457 2812; x_wconf 91' lang='lat' dir='ltr'><strong>in</strong></span> <span class='ocrx_word' id='word_1_398' title='bbox 478 2777 606 2824; x_wconf 86' lang='lat' dir='ltr'><strong>libris,</strong></span> <span class='ocrx_word' id='word_1_399' title='bbox 636 2789 655 2813; x_wconf 92' lang='lat' dir='ltr'><strong>e</strong></span> <span class='ocrx_word' id='word_1_400' title='bbox 676 2775 813 2825; x_wconf 88' lang='lat' dir='ltr'><strong>quibus</strong></span> <span class='ocrx_word' id='word_1_401' title='bbox 832 2789 908 2827; x_wconf 88' lang='lat' dir='ltr'><strong>quo</strong></span> <span class='ocrx_word' id='word_1_402' title='bbox 931 2789 1044 2815; x_wconf 84' lang='lat' dir='ltr'><strong>amne</strong></span> <span class='ocrx_word' id='word_1_403' title='bbox 1063 2777 1269 2828; x_wconf 86' lang='lat' dir='ltr'><strong>profertur.</strong></span> <span class='ocrx_word' id='word_1_404' title='bbox 1310 2775 1388 2814; x_wconf 85' lang='lat' dir='ltr'><strong>Sed</strong></span> <span class='ocrx_word' id='word_1_405' title='bbox 1410 2776 1520 2815; x_wconf 87' lang='lat' dir='ltr'><strong>vide-</strong></span> 
     </span>
     <span class='ocr_line' id='line_1_46' title="bbox 75 2831 578 2870; baseline 0.004 -4"><span class='ocrx_word' id='word_1_406' title='bbox 75 2833 152 2867; x_wconf 86' lang='lat' dir='ltr'><strong>rint</strong></span> <span class='ocrx_word' id='word_1_407' title='bbox 174 2831 414 2869; x_wconf 85' lang='lat' dir='ltr'><strong>eruditiores.</strong></span> <span class='ocrx_word' id='word_1_408' title='bbox 444 2832 578 2870; x_wconf 60' lang='lat' dir='ltr'><strong>wiss.</strong></span> 
     </span>
    </p>
   </div>
  </div>
 </body>
</html>
