1859 3326
362 191 450 233 138
816 182 1344 230 ANN'OTA'l-*IONES

354 315 466 352 quem
484 301 651 342 vidimus
673 301 834 342 Athenis
857 309 1003 342 summo
1022 303 1249 355 magistratu
1266 304 1444 342 functum
1468 302 1582 342 huius
1598 304 1666 344 lib.
1688 317 1722 342 c.
1734 305 1806 346 71.

353 361 490 398 Wnss.

472 415 574 456 151·
612 416 687 455 23.
725 411 907 454 Κόίντον
931 410 1156 468 Πόπὶιον]
1194 413 1494 454 Rhodomannus
1523 416 1659 453 scribit
1687 416 1806 455 Ποτ-

351 468 531 524 τήλλιον·
569 471 670 523 quod
697 472 878 509 vitiosius
908 484 1154 520 expressum,
1192 474 1234 508 in
1263 479 1345 511 not.
1378 479 1540 511 correct.
1578 467 1805 522 Ποιτῆλιον

351 542 435 566 esse
458 529 578 565 iubet.
614 526 738 566 Credo
759 530 1027 577 properantius
1049 539 1116 575 pro
1148 527 1403 575 Ποπλίλιον,
1429 528 1501 566 hoc
1520 530 1622 565 enim
1649 529 1806 566 nomine

349 586 436 622 fuit.
469 582 665 635 Collegam
687 585 769 621 eius
790 585 1019 634 cognomine
1038 584 1328 622 Mamercinum
1355 596 1404 621 ex
1433 583 1505 621 hoc
1523 583 1691 622 Diodori
1720 586 1805 621 loco

350 643 444 678 citat
462 639 548 679 Car.
571 640 705 690 Sigon.
726 639 775 677 ad
796 639 899 678 Livii
919 639 962 676 L.
981 639 1084 678 VIII.
1110 641 1195 688 12„
1214 642 1309 678 satis
1329 652 1378 678 ex
1396 653 1500 679 vero.
1531 640 1667 679 Nostri
1684 638 1804 677 Codd.

350 699 409 735 nil
427 703 596 734 movent.
624 695 761 733 Wnss.
1847 728 1850 730 ,

468 753 570 793 151.
600 753 674 792 34.
694 746 758 790 “H
773 749 817 790 δὲ
845 747 1015 805 ἓβζρησεν
1037 748 1150 807 αὐτῷ
1182 747 1302 792 τόνδε
1325 749 1399 793 τὸν
1421 749 1642 805 χρησμὸν]
1679 751 1807 790 Habet

348 809 451 847 idem
488 810 635 846 oraculi
665 821 889 857 responsum
912 807 1076 846 Pausan.
1106 808 1149 847 L.
1180 807 1281 845 VIII.
1305 810 1345 849 7.
1374 821 1411 859 p.
1434 811 1539 850 612.
1588 808 1647 846 De
1681 809 1805 846 tauris

347 867 545 902 coronatis
573 866 696 902 multa
722 866 800 904 viri
822 864 926 903 (loeti
953 864 1001 902 ad
1021 863 1063 903 S.
1082 863 1207 903 Lucae
1235 865 1281 903 A.
1302 865 1348 903 A.
1380 878 1413 903 c.
1433 865 1544 904 XIV.
1568 867 1654 912 13„
1673 865 1741 902 sed
1761 871 1802 902 tu

345 921 469 960 Illust.
493 920 674 971 Grotium
691 920 767 958 adi.
794 920 928 959 WVESS.

463 978 569 1018 151.
601 978 672 1017 55.
714 975 1012 1027 Μετεπέμπετρ
1041 972 1140 1023 τοὺς
1168 973 1417 1027 ἰδιοξένους]
1455 976 1616 1027 Interpr.
1638 978 1806 1015 eximios

347 1035 499 1071 amicos
526 1040 568 1073 et
593 1034 767 1086 hospites
792 1034 1019 1084 singulares
1051 1040 1235 1072 verterat.
1275 1032 1338 1072 Tu
1360 1033 1450 1072 vide
1480 1034 1529 1072 ad
1560 1033 1604 1071 L.
1626 1033 1738 1072 XIII.
1762 1034 1803 1074 5.

346 1090 487 1130 wEss.

462 1146 566 1187 152.
604 1148 678 1187 66
724 1140 865 1197 'Amy
868 1159 1036 1212 ορευομε
1021 1141 1112 1184 ἔνου
1145 1141 1191 1183 δὲ
1220 1146 1296 1184 τοῦ
1326 1140 1564 1198 στεφάνου]
1609 1144 1804 1183 sollemne

344 1202 445 1240 hac'
434 1215 476 1240 1n
496 1216 562 1250 re,
591 1203 708 1240 sicuti
732 1209 770 1239 et
800 1197 1184 1255 ἀνακηούττεσθαι,
1215 1202 1385 1239 verbum.
1432 1200 1545 1240 Conf.
1569 1201 1671 1239 Sam.
1692 1202 1802 1239 Peti-

344 1266 426 1297 tum
453 1258 528 1296 LL.
558 1258 674 1296 Attic.
705 1257 747 1295 L.
768 1257 836 1297 Ill.
870 1257 949 1295 Tit
983 1259 1024 1298 6.
1052 1269 1088 1307 p.
1109 1258 1215 1297 378.
1250 1264 1288 1294 et
1322 1269 1417 1307 quae
1446 1258 1529 1295 dixi
1559 1256 1726 1296 Diatrib.
1754 1259 1800 1296 de

343 1315 427 1353 Iud.
448 1315 633 1354 Archont.
668 1328 702 1354 c.
725 1316 768 1354 2.
817 1314 913 1351 Vide
941 1327 1034 1351 vero
1060 1314 1314 1351 mobilitatem
1344 1314 1454 1364 vulgi
1481 1313 1621 1352 Attici:
1650 1317 1801 1363 procla-

340 1378 451 1409 mant
475 1367 764 1423 παοαδόσιμον
787 1365 888 1409 εἶναι
916 1370 1144 1408 insidiarum
1173 1371 1215 1406 in
1241 1369 1462 1419 Philippum
1491 1377 1707 1418 auctorem3
1732 1372 1807 1408 ubi.

341 1441 435 1466 vero
465 1428 767 1474 inaudivmunt,
795 1426 1010 1465 Pausaniae
1041 1425 1218 1463 manibus
1240 1427 1487 1474 occubuisse,
1516 1423 1644 1473 ευθυς
1673 1424 1800 1466 ἔθυον

341 1482 464 1536 εὐαγγ
457 1482 552 1523 έλια
582 1499 649 1522 και
681 1485 912 1535 στεφανοῦν
940 1481 1155 1547 ψηφισα]
1158 1496 1204 1520 το
1237 1481 1490 1521 ΙῙαυσανίαν
1522 1485 1562 1519 iu
1590 1482 1800 1520 1’1ut.De-

340 1541 596 1589 mosthenep.
620 1540 724 1580 855.
747 1539 792 1576 Ε.
833 1539 1025 1605 Nimirum
1049 1533 1069 1577 ὃ
1106 1533 1276 1588 ὸῆμός
1259 1552 1369 1576 ἔστη
1400 1535 1543 1588 όχλος,
1576 1536 1800 1590 ἀσταθμη-

339 1593 516 1636 τότατον
538 1599 706 1647 πρᾶρμα
730 1597 812 1635 τῶι
834 1610 944 1633 (snm
947 1609 1029 1633 των
1050 1609 1118 1632 και
1143 1590 1549 1641 dovzaezf.5wv021,11t
1570 1593 1799 1632 Demosthe-

340 1666 410 1690 nes
439 1653 564 1689 dicere
587 1653 746 1691 solebat.
793 1651 1026 1697 Aeschines»,
1049 1663 1097 1687 ne
1120 1650 1159 1686 id
1186 1652 1401 1701 negligam,
1431 1663 1582 1688 omnem
1614 1654 1695 1688 eius
1714 1665 1798 1688 mu-

339 1716 439 1747 tatae
466 1710 680 1747 voluntatis
707 1709 859 1758 culpam
885 1709 928 1744 in
957 1705 1258 1744 Demosthenem
1285 1707 1438 1744 confert
1467 1706 1535 1744 Or.
1563 1708 1605 1744 in
1628 1706 1795 1758 Ctesiph-

338 1779 375 1816 p.
396 1767 468 1806 76.
499 1764 637 1803 VVESS.

454 1821 559 1888 152.
592 1821 666 1862 70.
703 1815 788 1860 Διὰ
819 1820 894 1871 τῆς
922 1839 971 1847 —-
1000 1813 1169 1871 φήμης]
1201 1817 1325 1855 Omen
1352 1820 1597 1869 intelligitur.
1628 1818 1673 1856 Id
1692 1821 1795 1858 enim

337 1890 449 1927 saepe
470 1892 612 1930 (sancey,
644 1878 748 1914 utin
776 1875 1037 1925 superioribus
1068 1874 1271 1912 ostendere
1291 1877 1457 1912 memini.
1479 1849 1581 1914 0Vid.
1603 1874 1644 1912 L.
1665 1875 1793 1915 XVII.

341 1936 414 1975 10.
447 1933 608 1970 Athenis
633 1928 758 1985 ‘MP-‘²7
779 1939 935 1980 propter
958 1931 1051 1968 haec
1070 1933 1199 1967 omina
1220 1930 1303 1968 Dea
1323 1932 1573 1979 censebatur
1601 1938 1699 1968 teste
1718 1932 1794 1969 Ae-

337 1990 470 2028 schine
491 1990 557 2026 Or.
589 1992 631 2026 in
653 1988 847 2027 'limarclt
870 2000 905 2036 p.
931 1989 1001 2028 18.
1024 1994 1062 2024 et
1081 1987 1126 2023 de
1151 1986 1242 2038 Leg.
1269 1988 1357 2027 fals.
1387 2000 1423 2037 p.
1443 1989 1532 2036 47„
1566 1999 1794 2039 quamquam

336 2049 371 2085 is
391 2048 592 2084 ocs„‘³one
611 2059 703 2084 usus
721 2046 768 2083 ad
794 2046 870 2082 alia
889 2045 1020 2083 vertit.
1046 2044 1182 2081 Wass.

454 2104 557 2142 152.
590 2103 663 2142 75.
705 2097 997 2151 Νεοπτόλεμος
1028 2095 1048 2139 ὃ
1080 2096 1321 2153 τραγῳδὸς]
1361 2098 1524 2146 Omnia,
1563 2111 1659 2147 quae
1687 2099 1791 2137 hune

336 2157 631 2206 Neoptolemum
648 2159 866 2196 illuminare
887 2163 1069 2206 possunt,
1095 2156 1389 2205 diligentissime
1410 2157 1451 2192 in
1468 2160 1587 2192 unum
1606 2156 1794 2193 conduxit
1824 2187 1832 2197 .,

336 2217 399 2252 vir
419 2215 583 2252 eximius
606 2215 648 2251 P.
669 2213 888 2263 Leopardus
909 2213 1070 2250 Emend.
1090 2211 1132 2248 L.
1152 2211 1224 2248 IX.
1252 2214 1270 2251 1
1284 2213 1335 2258 5.‚
1347 2218 1459 2261 atque
1480 2215 1562 2248 eius
1589 2225 1638 2248 ex
1655 2215 1791 2262 copiis,

337 2272 412 2307 etsi
433 2271 686 2317 dissimulati,
717 2269 946 2307 Torrentius
966 2269 1014 2307 ad
1032 2268 1190 2305 Sueton.
1214 2267 1334 2318 Calig.
1355 2281 1385 2303 c.
1416 2270 1486 2307 57.
1517 2268 1652 2304 wass.

454 2329 556 2366 152.
591 2329 663 2366 78.
708 2328 804 2364 Τῶν
836 2323 1182 2377 ἐπιτεταγμένων]
1225 2323 1310 2360 Hoc
1335 2325 1430 2361 ferri
1458 2330 1607 2374 potest,
1637 2325 1669 2360 si
1698 2323 1790 2360 Phi-

335 2385 461 2432 lippus
482 2382 733 2430 Neoptolemo
752 2383 921 2418 fabulam
950 2381 1185 2418 recitandam
1204 2382 1461 2428 imperaverit.
1506 2380 1661 2429 Alioqui
1681 2393 1784 2429 prae-

335 2440 476 2476 ferrem
496 2440 580 2479 τῶν
602 2436 951 2490 ἐπιτετευγμέιίον·
981 2444 1022 2474 ut
1040 2449 1193 2474 carmen
1211 2439 1260 2473 sit
1277 2439 1429 2486 egregie
1451 2438 1648 2484 scriptum,
1669 2437 1790 2485 quod-

337 2507 410 2543 que
430 2497 573 2532 actoris
595 2508 730 2543 opera,
759 2501 803 2530 ut
823 2493 1030 2530 Terentius
1050 2495 1234 2541 loquitur,
1260 2495 1443 2529 stetisset.
1477 2492 1567 2529 Non
1585 2492 1789 2530 admodum

336 2552 491 2589 diverso
511 2564 582 2588 usu
602 2552 685 2589 τῶν
706 2547 1043 2602 ἐπιτετευγμένων
1060 2549 1233 2600 μίμησιν
1254 2549 1355 2586 dixit
1374 2550 1494 2597 princ.
1517 2547 1559 2584 L.
1583 2547 1612 2586 Ι.
1644 2546 1788 2584 Deesse

335 2621 429 2646 vero
450 2607 499 2644 ad
526 2608 737 2656 pleniorem
761 2613 991 2643 structuram
1021 2618 1254 2655 pronomen,
1281 2618 1361 2642 non
1392 2611 1450 2641 est
1480 2611 1523 2641 ut
1549 2603 1783 2641 admoneam.

334 2664 473 2703 Wssss.

452 2718 556 2759 152.
586 2719 658 2757 79.
685 2712 734 2756 ‘0
764 2715 839 2767 μὲν
868 2715 1074 2768 τεχνίτης]
1113 2716 1199 2753 Vid.
1221 2716 1363 2753 not.'in
1384 2715 1426 2752 L.
1445 2715 1508 2752 IV.
1533 2714 1571 2754 5.
1599 2713 1784 2752 Fabulam

336 2788 448 2824 quam
467 2775 643 2811 scenicus
664 2774 805 2810 artifex
826 2772 1100 2820 Neoptolemus
1121 2775 1212 2822 egit„
1245 2773 1415 2822 Cinyras
1436 2777 1535 2807 erat:
1566 2783 1652 2806 nam
1676 2770 1784 2807 Mne-

337 2838 415 2867 ster
434 2832 689 2879 pantomimus
719 2831 822 2865 illam
844 2828 1079 2878 tragoediam
1112 2842 1156 2864 eo
1181 2829 1262 2874 die‚
1291 2841 1365 2875 quo
1387 2826 1561 2877 Caligula
1585 2828 1783 2863 confectus
