1891 3310
465 159 531 200 ΙΝ
558 157 681 200 ΒΙΒ.
709 156 867 202 xvn.
897 156 1024 205 CAP.
1059 159 1132 201 53.
1443 166 1532 207 179

78 280 155 322 est,
183 274 258 311 etsi
276 272 394 313 rerba
414 284 517 311 nunc
536 271 641 311 uliud
662 272 902 323 praeferant:
949 271 1060 310 aliae
1089 271 1230 310 deinde
1246 271 1391 319 falces
1417 287 1522 314 sum-

76 333 150 368 mis
169 338 350 368 rotarum
378 329 534 367 orbibus
554 328 786 381 haerebant,
811 329 921 366 aliae
940 328 980 365 in
1006 333 1157 365 terram
1179 330 1377 378 dimissae,
1404 335 1517 381 qnid-

75 387 172 439 quid
198 387 349 424 obvium
367 387 581 423 concitatis
599 388 711 436 equis
719 384 889 431 fuisset,
915 391 1211 436 amputatur-ae.
1239 386 1343 430 Quae
1364 388 1517 435 quidem

75 443 232 480 orbibus
252 445 330 480 illis
351 442 633 490 inpeditissima
652 448 751 479 sunt.
773 440 931 478 Memini
953 440 1124 493 sollertia
1139 440 1299 478 celeber.
1319 441 1395 481 lac.
1408 442 1517 481 Peri-

75 501 181 536 zonii
199 505 326 536 rotam
346 511 427 535 esse
446 505 632 545 extusam,
645 500 752 534 cuius
764 498 921 535 summis
933 496 1089 534 orbibus
1105 498 1223 534 falces
1235 495 1404 544 haerent,
1416 499 1515 536 diffi-

73 555 139 592 cili
162 561 288 591 tamen
310 561 502 591 structura
520 561 557 590 et
576 567 647 591 usu
667 556 708 592 in
727 566 906 596 curruum
926 555 1059 601 inpetu
1085 566 1163 590 non
1180 565 1333 603 magno.
1361 556 1516 598 Quanto

72 612 301 648 concinnius
329 610 447 647 falces
477 609 687 647 haerebunt
714 611 872 647 summis
901 616 1084 647 rotarum
1108 609 1273 656 axibus,
1310 610 1447 658 quibus
1471 612 1514 649 in

71 665 165 716 Cyri
186 665 369 714 Dariique
388 666 486 715 apud
505 665 759 716 Xenophont.
780 673 819 702 et
830 665 990 702 Diodor.
1010 666 1185 703 curribus
1205 666 1354 704 adfixae
1375 666 1514 705 erant?

70 721 258 770 Equidem
284 736 367 760 cum
388 722 562 760 Curtiani
583 721 702 762 Codd.
726 733 794 771 pro
815 721 971 759 orbibus
992 722 1108 758 edant
1127 721 1262 774 opibus
1283 729 1349 759 aut
1370 723 1516 772 obibus,

68 779 267 816 adsentior
278 777 464 816 Scheflen
475 779 730 824 coniecturae,
745 777 889 816 axibus
906 778 1147 829 refingentis.
1175 778 1234 817 Ita
1246 776 1400 817 Curtius
1421 792 1515 817 con—

71 833 211 875 sentiet
239 833 411 871 Diodoro
444 836 616 885 egregie.
661 836 849 873 dimissae
884 836 924 871 in
963 841 1116 872 terram
1137 833 1280 881 falces
1307 841 1422 872 erunt
1458 833 1514 876 τὰ

27 922 30 926 «
68 887 173 942 πρὸς
197 894 288 935 ταῖς
307 890 567 929 κατακὶίσεσι
588 892 673 929 τῶν
692 884 850 937 ἀξόνων
868 884 1044 941 ξυστρα
1088 881 1236 928 Falces
1261 893 1421 929 summis
1446 905 1513 930 ro-

70 954 201 983 tarum
223 946 366 983 cca-ibus
383 945 595 984 haerentes
620 943 673 986 τὰ
694 945 739 998 ἐν
757 950 848 998 ταῖς
863 948 948 986 τῶν
968 942 1128 994 ἀξόνων
1149 944 1297 1001 ἀρχαῖς
1313 946 1511 1002 δρέπανα

68 1000 148 1040 Sed
166 1004 322 1054 longum
344 1004 457 1040 facio.
485 1003 535 1041 W
539 1013 621 1040 Ess.
992 1023 998 1028 -

178 1033 285 1100 2002·
311 1060 381 1099 58.
403 1056 476 1097 ’Έν
495 1074 537 1098 τε
558 1052 734 1104 ὅπλοις
716 1052 931 1125 {momente
949 1064 1022 1095 etc.
1041 1034 1287 1109 κοσμήσας]
1322 1055 1412 1096 Etsi
1431 1072 1516 1097 sae—

66 1125 114 1163 pe
135 1113 175 1151 in
197 1115 258 1152 his
277 1115 385 1152 libris
412 1119 580 1167 κοσμεῖν
611 1128 709 1161 τους
730 1110 988 1167 στρατιώτας
1007 1111 1119 1168 ωερε)
1124 1115 1235 1162 ειάις,
1261 1111 1361 1154 ord)
1366 1129 1410 1161 ος
1441 1132 1513 1155 αι-

65 1169 178 1222 δρῶν
202 1168 367 1222 ἀρεταῖς
385 1169 708 1223 κεκοσμημένος,
741 1177 780 1207 et
801 1171 942 1208 similia
963 1171 1059 1218 alia,
1084 1169 1213 1207 nihil
1202 1183 1244 1208 ιη
1264 1173 1424 1222 vulgato
1447 1172 1514 1208 de-

65 1233 186 1264 muto.
235 1226 442 1278 lndulgent
463 1228 538 1265 sibi
560 1229 682 1265 multa
708 1225 822 1265 huius
842 1229 997 1278 generis
1015 1228 1245 1275 scriptores,
1276 1234 1318 1264 ut
1340 1230 1515 1276 exempla

65 1296 90 1320 a
111 1281 159 1319 Τ.
179 1281 469 1320 Hemsterhusio
489 1284 679 1321 conducta
697 1284 746 1320 ad
765 1284 924 1321 Lucian.
934 1282 982 1319 D.
1002 1282 1118 1320 Mort
1138 1281 1295 1323 XXIII.
1319 1284 1360 1323 3.
1383 1291 1514 1321 osten—

65 1339 176 1377 dunt.
222 1339 368 1377 Auctor
392 1340 551 1387 ipsemet
572 1339 613 1379 ἐν
635 1340 684 1393 τῇ
704 1334 843 1393 μάχη
836 1341 952 1378 νικᾶν
974 1339 1016 1377 L.
1035 1338 1141 1376 XIV.
1162 1340 1239 1379 29.
1277 1337 1319 1377 ἐν
1348 1339 1512 1379 παιδεία

65 1393 136 1434 καὶ
165 1394 322 1434 συνέσει
349 1392 650 1447 δεδοξασμένον
681 1390 723 1432 L.
751 1385 858 1434 XVI.
892 1398 965 1440 81
1011 1409 1109 1442 τους
1138 1392 1181 1435 ἓν
1209 1383 1515 1450 ἀνδραγαθίαις

64 1449 397 1502 θαυμασθέντας
415 1450 529 1489 huius
549 1453 615 1491 lib.
634 1464 714 1501 cap.
731 1453 806 1493 40.
825 1458 898 1498 etc.
927 1451 1072 1493 Wrss.

175 1509 284 1548 202
316 1510 389 1548 62
422 1505 573 1555 Δεξιὸν
598 1507 674 1559 μὲν
701 1505 804 1559 ἔχων
826 1504 900 1549 τὸν
923 1507 1065 1561 Τίγριν
1084 1506 1179 1558 ete.]
1212 1504 1319 1545 Haec
1337 1515 1513 1558 pugnant

63 1577 114 1601 ex
136 1563 320 1601 diametro
343 1577 430 1602 cum
455 1566 525 1612 iis,
552 1577 647 1614 quae
669 1567 811 1616 pagina
830 1565 1011 1614 sequenti,
1028 1569 1183 1612 narrat,
1206 1564 1272 1602 ubi
1292 1565 1513 1602 Alexander

62 1618 226 1658 Darium
244 1627 381 1668 petens
405 1618 560 1672 Tigrim.
580 1622 832 1660 transvadare
854 1624 1007 1672 cogitur
1026 1633 1112 1657 cum
1131 1633 1271 1670 magna
1289 1619 1512 1658 difficultate

62 1683 103 1713 et
120 1677 303 1725 periculo.
345 1675 445 1715 Nam
465 1672 709 1724 Achandro,
741 1679 806 1726 qui
836 1690 859 1715 a
886 1676 1062 1728 partibus
1082 1675 1221 1726 Syriae
1240 1677 1450 1725 veniebat,
1476 1679 1511 1716 si

63 1729 323 1770 transeundus
340 1734 415 1771 fuit
435 1731 567 1784 Tigris
580 1761 591 1780 ‚
620 1739 663 1771 ut
685 1732 846 1771 Darium
865 1739 1034 1784 peteret,
1071 1743 1228 1769 necesse
1247 1740 1305 1769 est
1322 1733 1509 1783 cogitare,

62 1786 226 1828 Darium
255 1801 334 1825 non
363 1790 484 1826 fuisse
512 1793 553 1827 in
577 1789 881 1840 Mesopotamia,
907 1787 972 1826 sed
994 1791 1035 1827 in
1057 1788 1217 1838 Assyria
1235 1789 1336 1826 ultra
1357 1788 1511 1838 Tigrim

63 1844 112 1882 ad
133 1845 342 1882 Orientem.
377 1845 508 1895 Itaque
529 1845 642 1882 credo
670 1846 897 1883 mendosum
925 1858 1008 1882 esse
1031 1843 1133 1881 hunc
1160 1844 1310 1893 locum,
1335 1851 1373 1882 et
1392 1858 1509 1882 voces

64 1897 282 1953 ἀριστερὸν
319 1900 364 1940 δὲ
399 1898 471 1940 τὸν
502 1898 730 1970 Εἰᾳράτην
768 1903 890 1940 fuisse
920 1903 1225 1953 glossamentum
1263 1902 1305 1937 in
1335 1902 1510 1952 margine

65 1959 271 2007 ascriptum
298 1970 321 1994 a
354 1957 517 2007 quodam
543 1960 628 1995 viro
653 1974 703 2010 α)
706 1972 783 2011 εω7
784 1971 986 2012 ραφητῳ,
1015 1969 1117 2008 quae
1128 1963 1269 2024 postea
1293 1959 1334 2005 in
1364 1963 1512 1995 textum

64 2015 162 2050 male
194 2016 441 2061 irrepserunt.
483 2013 550 2052 Sic
579 2028 672 2066 ergo
702 2015 808 2066 lego:
852 2014 983 2061 δεξιὸν
1014 2012 1091 2065 μὲν
1126 2010 1230 2064 ἔχων
1259 2009 1334 2052 τὸν
1366 2012 1430 2052 Τι
1420 2028 1508 2065 1012

59 2065 202 2123 προῆει
224 2067 289 2107 διὰ
306 2065 463 2120 χώρας,
487 2069 636 2109 habens
664 2070 715 2109 Ἰ
699 2083 818 2121 zgrzm
847 2083 872 2108 a
903 2072 1086 2115 dextera.
1114 2068 1244 2106 PALM.
1282 2067 1372 2106 Non
1393 2070 1509 2106 laudo

63 2127 140 2164 viri
172 2125 273 2163 docti
304 2133 486 2173 conatus,
519 2128 558 2164 in
578 2129 698 2176 ipsam
719 2126 1003 2178 Geograpbiam
1023 2116 1229 2164 manifesto
1249 2123 1506 2163 incurrentes.

63 2180 109 2219 Si
137 2179 278 2218 Darius
310 2182 350 2218 in
379 2181 540 2232 Assyria
565 2183 662 2230 fuit,
705 2190 743 2221 et
766 2190 921 2233 propter
939 2183 1081 2221 flumen
1102 2180 1253 2233 Tigrim
1283 2193 1508 2232 progressus

62 2244 144 2285 est,
175 2239 311 2286 utique
336 2237 374 2276 id
397 2240 597 2277 sinistrum
621 2239 766 2279 habuit.
808 2239 1039 2289 Scripsisset
1067 2252 1158 2289 ergo
1189 2235 1406 2289 ἀριστερὸν
1431 2237 1509 2288 μὲν

62 2291 165 2344 ἔχων
182 2289 256 2334 τὸν
281 2292 436 2347 Τίγριν,
464 2308 508 2332 ea
531 2297 565 2332 si
582 2299 732 2334 auctori
755 2297 947 2333 sententia
968 2296 1142 2334 sedisset.
1170 2293 1249 2341 Sed
1270 2293 1413 2331 Darius
1434 2294 1508 2330 Ba-

62 2350 204 2400 bylone
225 2361 291 2399 per
310 2348 621 2400 Mesopotamiam
643 2352 787 2390 Ninum
814 2364 950 2390 versus
971 2352 1114 2402 pergit:
1155 2363 1231 2401 quo
1250 2350 1389 2387 itinere
1410 2352 1507 2388 sini·

64 2414 143 2443 ster
169 2407 231 2442 illi
258 2405 494 2455 Euphrates,
522 2405 655 2458 Tigris
684 2408 822 2445 dexter
851 2415 943 2445 erat.
991 2407 1192 2446 Tramittit
1223 2407 1312 2443 dein
1343 2405 1507 2457 Tigrim,

63 2474 174 2510 quem
194 2461 362 2498 fluminis
383 2464 597 2511 transitum,
624 2477 644 2500 a
665 2463 836 2502 Diodoro
858 2466 1087 2516 neglectum,
1118 2475 1166 2501 ex
1183 2465 1240 2501 rei
1259 2469 1390 2513 gestae
1412 2464 1509 2498 serie

62 2519 274 2555 adsciscere
294 2525 465 2565 oportet3
488 2526 530 2556 ut
548 2531 664 2569 prope
684 2521 825 2558 Arbela
847 2530 972 2559 castra
990 2527 1165 2557 metetur.
1196 2520 1319 2567 Atque
1339 2518 1410 2554 hoc
1423 2518 1511 2554 Pal·

63 2577 182 2611 mcrio
213 2586 288 2610 non
319 2574 625 2613 animadversum
647 2576 773 2613 fraudi
795 2578 882 2616 fuit.
931 2578 1131 2614 Praeclare
1160 2574 1337 2620 Curtius,
1366 2573 1509 2611 Darius

63 2630 265 2680 Babylone
288 2633 424 2681 copias
442 2634 574 2670 movit.
608 2633 782 2684 Astarte
804 2635 949 2671 deoetra
976 2640 1067 2670 erac
1092 2633 1246 2681 Tigris,
1274 2631 1413 2667 nobilis
1427 2631 1511 2678 fla-

65 2689 172 2733 viu-33
199 2688 353 2723 laevam
388 2688 547 2736 tegebat
572 2688 827 2740 Euphrates:
853 2703 993 2735 agmen
1017 2690 1330 2739 stlesopotamicle
1353 2699 1521 2737 camposv

63 2744 307 2793 inpleverat,
338 2742 377 2778 L.
400 2743 463 2779 lv.
485 2747 527 2783 9,
553 2746 593 2784 6.
632 2744 725 2781 Mox
746 2743 819 2783 οὐκ
839 2742 1032 2791 ἐλάττονς
1052 2747 1108 2798 τῷ
1131 2744 1253 2782 εἴκοσι
1274 2742 1420 2791 ὃῑερὶι,,
1447 2742 1512 2777 scd.

66 2811 262 2847 operarum
278 2807 445 2845 peccato.
467 2798 745 2851 Corrigendum
756 2808 884 2838 tamen
898 2801 1200 2839 Rhodomannns
1210 2800 1368 2836 monuit.
1380 2799 1513 2835 wssss.

1130 2859 1233 2896 132'g
