1891 3310
415 191 483 231 IN
512 191 624 233 LIB.
652 191 807 232 xvn.
839 192 971 234 CAP.
1003 195 1079 236 35.
1106 197 1244 238 -37.
1473 206 1560 245 163

103 302 299 342 Diodorus
327 303 529 355 pluresque
557 318 578 345 e
606 305 888 345 recentioribus
916 308 1186 359 neglexerunt.
1226 307 1288 347 En
1318 311 1387 350 tibi
1408 310 1558 356 Philon.

104 360 187 398 lud.
206 360 352 410 loseph.
374 375 409 410 p.
435 363 540 402 557.
563 361 610 399 Ε.
635 357 694 408 ὥς
722 359 889 410 ἰδόντας
913 384 962 392 ·-
984 361 1212 414 ἀπόιμῶξαι
1242 365 1310 404 καὶ
1329 366 1403 414 τὰς
1425 369 1557 423 ἔσθ-ῆ-

102 431 180 463 τας
205 413 498 469 διαρρήξαντες
529 412 778 471 ἔκδακρύειν.
820 420 982 469 Appian.
1014 420 1056 458 L.
1081 420 1110 457 l.
1135 419 1216 458 Bel.
1252 421 1365 460 Civil.
1388 438 1423 473 p.
1450 429 1554 468 656,

100 475 236 512 ταῦτα
254 470 376 512 εἰπὼν
396 471 585 526 (Merula)
605 494 653 502 ·—
674 470 750 527 τήν
768 490 812 515 τε
831 474 995 528 ἐσθῆτα
1025 474 1260 531 κατέρρηξε.
1292 486 1329 516 et
1348 491 1442 528 quos
1466 496 1558 521 con—

102 529 230 575 duxit,
267 529 544 579 discrepantem
572 528 776 569 verborum
797 545 908 569 usum
940 533 1084 582 optime
1104 535 1334 584 expediens,
1365 539 1427 574 vir
1448 551 1559 586 prae..

100 586 227 622 clarus
265 585 314 621 ad
352 585 603 634 Xenophont.
642 586 782 638 Ephes.
820 588 1034 627 Miscellan.
1076 588 1168 626 Obs.
1208 591 1293 628 Vol.
1326 591 1370 628 V.
1412 592 1554 634 '111st

101 653 136 689 p.
161 642 236 681 64.
279 640 400 678 Porro
431 645 616 680 sollemne
643 644 685 681 in
715 644 843 682 Persis
873 647 986 683 etiam
1017 648 1120 683 inter
1148 646 1312 684 feminas
1343 649 1486 698 fuisse,
1509 660 1553 689 ut

97 698 204 734 luctu
232 698 473 747 miseriisque
501 712 654 749 pressae
685 707 813 738 vestes
842 702 1076 749 lacerarent,
1114 702 1328 740 docuerunt
1357 704 1553 746 Stanleius

96 754 145 790 ad
164 752 346 803 Aeschyli
374 753 481 793 Pers.
501 767 538 794 v.
567 757 671 797 124.
693 763 732 794 et
763 758 866 799 199.
897 764 936 795 et
955 758 1093 798 cellar.
1114 760 1157 796 in
1177 759 1299 797 Curtii
1318 761 1360 799 L.
1383 761 1451 801 111.
1479 767 1497 805 1
1516 768 1549 806 Ι.

95 811 170 849 25.
201 809 340 848 Wnss.

210 867 313 906 186.
350 866 427 906 42.
471 857 599 919 'Hym
630 862 675 907 δ’
709 864 861 917 αὖτάς,
898 867 940 909 οῗ
970 868 1049 921 μὲν
1071 870 1168 922 etc.]
1217 871 1275 909 Ita
1305 873 1551 928 interpungo.

93 920 248 969 Alioqui
268 934 478 969 pronomen
506 923 764 973 redundaret,
790 926 1006 977 neglectum
1027 935 1229 978 propterea
1248 928 1420 968 Basilcae
1439 940 1553 982 atque

93 979 134 1014 in
154 976 247 1029 Reg.
270 980 336 1025 2.;
355 978 456 1027 quod
475 981 550 1018 etsi
572 979 746 1019 Diodoro
766 993 844 1021 non
864 990 1016 1032 praeter
1036 997 1205 1033 morem,
1232 994 1401 1033 praestat
1423 995 1551 1027 tamen

91 1034 211 1073 istud.
243 1033 383 1073 wass.

210 1092 313 1131 186.
350 1093 422 1131 51.
454 1087 519 1130 Τὰ
543 1112 591 1120 ·-
615 1085 775 1144 μεγάλα
797 1089 964 1146 μακρὰν
984 1091 1214 1148 ἁπῆρτητο]
1241 1094 1337 1134 Vide
1360 1098 1407 1134 ad
1426 1099 1466 1138 L.
1483 1099 1550 1138 Ill.

94 1148 168 1186 67.
187 1159 222 1196 p.
243 1146 351 1187 237.
384 1146 436 1184 At
459 1159 554 1196 quae
571 1146 730 1201 μεγάλα
753 1149 822 1188 ea'.l
852 1158 989 1188 contra
1010 1164 1106 1199 quae
1127 1157 1255 1191 statim
1280 1162 1475 1202 ponuntur
1497 1153 1550 1195 τὰ

90 1200 279 1253 πολέμια.
304 1203 395 1241 Scio
416 1217 526 1241 omne
547 1204 784 1244 admirabile
801 1214 840 1245 et
857 1211 1150 1246 memorandam
1169 1208 1273 1261 μέγα
1285 1223 1396 1260 posse
1409 1212 1498 1259 dici,
1513 1218 1551 1250 et

90 1271 187 1308 quae
205 1272 228 1297 a
247 1262 334 1297 viro
355 1263 585 1299 amicissimo
606 1262 797 1314 adscripta
821 1271 914 1301 sunt
931 1264 1092 1302 Luciani
1113 1265 1268 1316 Nigrin.
1289 1280 1321 1304 c.
1349 1269 1412 1315 1.,
1439 1282 1549 1317 prae-

88 1315 231 1352 ferrem
259 1322 386 1353 tamen
414 1317 577 1368 μείλιχα
621 1325 689 1355 aut
715 1319 916 1371 μειλίχια,
967 1323 1002 1358 si
1041 1323 1133 1358 libri
1167 1322 1403 1361 addicerent.
1455 1324 1548 1362 Mox

90 1366 288 1422 στάθμας
307 1375 391 1411 τῶν
414 1370 602 1424 δοράτων
626 1375 769 1412 Lexica
788 1376 834 1413 de
858 1377 1004 1426 capulis
1024 1379 1231 1426 accipiunt.
1270 1377 1410 1417 Melius
1425 1380 1549 1418 Inter-

90 1439 191 1476 pres.
222 1428 318 1465 Vide
339 1428 576 1480 Hesychium
599 1433 640 1468 in
662 1428 906 1485 Σαυρωτηρ.
933 1433 1074 1473 WEsS.

205 1485 308 1525 187·
339 1488 412 1526 66·
451 1486 538 1525 Καὶ
559 1491 652 1534 ταῖς
673 1507 722 1516 ·—-
744 1489 903 1541 γυναιξὶ
932 1485 1293 1542 προσπιπτούσαις
1314 1489 1418 1545 etc]
1460 1490 1545 1529 Ex-

90 1546 301 1589 spectasses
331 1541 399 1580 καὶ
427 1543 512 1582 τῶν
542 1564 591 1572 —-
624 1547 829 1596 γυναικῶν
862 1548 1212 1599 προσπιπτουσῶν
1242 1555 1313 1585 etc.
1351 1546 1427 1598 οὐχ
1459 1545 1545 1588 οἷον

89 1595 441 1648 συνεπιλαβέσθαι
469 1595 602 1647 τινὸς,
629 1607 697 1637 aut
719 1608 821 1639 certe
844 1603 1058 1640 absentiam
1081 1602 1155 1641 τοῦ
1177 1599 1300 1650 τινός.
1345 1604 1423 1641 Sed
1447 1608 1547 1655 opti—-

89 1655 163 1690 mis
196 1654 289 1691 talia
315 1655 512 1693 excidunt.
560 1654 658 1694 Vide
689 1655 783 1695 haec
810 1658 1000 1696 Herodoti
1034 1659 1075 1696 L.
1097 1659 1161 1695 Vl.
1181 1661 1256 1699 21.
1294 1660 1362 1698 καὶ.
1391 1657 1443 1713 dt>
1475 1661 1543 1700 καὶ

88 1705 306 1761 ποιήσαντι
331 1710 524 1766 Φρυνίχῳ
546 1712 688 1765 δρᾶμα
709 1732 759 1741 ·-
780 1714 848 1754 καὶ
873 1710 1106 1763 διδάξαντι,
1135 1714 1191 1761 ἑῖς
1211 1711 1371 1769 δάκρυά
1394 1732 1436 1756 τε
1458 1715 1547 1757 ἔπε-

89 1779 134 1805 σε
157 1763 204 1805 τὸ
226 1764 419 1819 θέητρον.
462 1768 642 1818 Xenoph.
669 1768 783 1821 AgeS.
812 1783 848 1820 p.
870 1771 941 1811 13.
962 1770 1021 1811 ed,
1053 1770 1175 1808 Lond.
1206 1776 1294 1817 τοῖς
1317 1770 1359 1810 δ’
1389 1767 1441 1812 αὗ
1475 1769 1544 1812 διὰ

86 1824 218 1874 γῆρας
247 1822 607 1875 καταλειπομένοις
636 1822 936 1876 αῗχμαλώτοις,
974 1825 1224 1879 προσέταξεν
1262 1827 1546 1879 &maniacam

89 1876 241 1916 αὐτῶν.
267 1878 415 1927 loseph.
434 1880 527 1920 Ant.
552 1880 596 1919 L.
617 1881 706 1921 XV.
731 1884 828 1923 2.2.
857 1876 1047 1937 “Υρκανιῇ
1070 1880 1107 1922 δ’
1129 1881 1367 1934 ἀναχθέντι,
1399 1882 1545 1939 (Βραοὶἢ

86 1946 162 1985 της
185 1953 233 1961 —
257 1932 314 1973 ἐπ’
349 1933 476 1975 αὐτὸν
509 1935 798 1989 ἐπιεικέστερον
827 1937 1109 1991 προσηνέχθη.
1151 1939 1316 1977 Pausan.
1346 1939 1388 1977 L.
1419 1941 1447 1978 Ι.
1470 1944 1545 1982 27.

89 2002 126 2040 p.
151 1991 224 2031 64.
257 1988 349 2030 οὔτε
370 1987 394 2044 ἡ
429 1991 604 2032 διδοῦσα
628 1988 773 2033 ὁποῖόν
799 2007 837 2033 τι
859 1994 1027 2036 δίδωσιν
1052 1995 1206 2042 εἰδυῖα,
1233 1994 1327 2036 οὔτε
1350 2000 1442 2044 ταῖς
1471 2013 1544 2052 ‹ff›

90 2041 260 2097 ροῦσαις
292 2046 591 2098 ἐπισταμένως.
632 2049 686 2088 Et
705 2049 869 2089 Diodori
889 2052 931 2088 L.
951 2052 1038 2089 XV.
1063 2053 1135 2092 75.
1170 2053 1386 2100 Φλιασίοις
1405 2053 1450 2093 δὲ
1470 2070 1545 2093 πο-

88 2101 353 2153 λεμουμέιόις
380 2099 445 2142 w‘tn'
468 2103 684 2158 Ἀργείων,
714 2102 865 2160 Χάρης
884 2101 950 2147 ὑπ’
973 2106 1213 2161 Ἀθηναιίιιν
1241 2109 1449 2162 πεμφθεὶς
1469 2118 1542 2148 ete.

89 2155 298 2210 ἐβοήθησε
329 2165 414 2206 τοῖς
447 2162 672 2209 Φλιασίοις.
719 2164 865 2208 Quibus
898 2165 1052 2213 quidem
1083 2165 1125 2202 in
1156 2166 1251 2202 locis
1274 2168 1306 2202 si
1328 2178 1456 2203 casum
1477 2179 1545 2215 pa*

89 2217 206 2252 trium
226 2216 303 2252 viri
321 2225 559 2265 praestantes
590 2226 629 2255 et
662 2220 757 2256 bene
780 2223 904 2270 patrio
934 2224 973 2258 in
1007 2234 1183 2258 sermone
1211 2223 1395 2259 callentes
1424 2224 1544 2260 collo-

90 2277 264 2319 cassent,
292 2285 314 2309 a
333 2272 679 2312 Grammaticorum
700 2288 776 2313 non
796 2277 1070 2314 dissensissent
1088 2278 1265 2316 decretis,
1297 2278 1432 2316 Wnss.

206 2330 308 2368 187.
339 2330 410 2369 71.
448 2327 794 2382 Καταλαβόμενοι
818 2330 892 2384 τὴν
915 2335 988 2373 τοῦ
1015 2333 1199 2387 Δαρείου
1230 2331 1407 2386 σκηνὴν]
1447 2333 1543 2371 Vide

91 2382 186 2421 mihi
203 2382 376 2421 Curtium
397 2384 438 2423 L.
459 2386 529 2426 ΙΙΙ.
557 2389 626 2428 ll.
649 2389 720 2428 23.
759 2395 796 2425 et
816 2389 920 2427 l’lut.
940 2390 1049 2427 Alex.
1068 2403 1104 2439 p.
1125 2392 1230 2431 676.
1251 2391 1298 2427 Α.
1326 2388 1460 2427 wass.

209 2442 312 2481 187.
342 2443 417 2481 77.
461 2443 641 2490 Πλείους
668 2446 752 2483 τῶν
785 2442 883 2484 δέκα
912 2443 1156 2498 μυριάδων]
1198 2446 1314 2484 Hunc
1342 2459 1542 2484 numerum

92 2498 314 2546 praeoptavi
349 2497 395 2534 ob
422 2496 564 2546 Curtii,
603 2499 800 2538 Plutarchi
828 2509 865 2538 et
895 2503 1053 2540 Arriani
1084 2515 1326 2541 consensum.
1373 2503 1542 2539 lustinus

93 2554 206 2602 longe
235 2554 336 2589 infra
364 2553 462 2591 hane
491 2556 777 2594 multitudinem
801 2565 858 2594 est
886 2558 928 2597 L.
955 2558 1023 2594 [X.
1045 2559 1085 2598 9.
1113 2561 1307 2608 variisque
1343 2559 1540 2595 doctorum

91 2611 263 2646 virorum
296 2609 527 2648 coniecturis
557 2611 604 2648 ad
629 2611 804 2650 Curtium
832 2614 873 2651 L.
894 2615 962 2651 111.
990 2615 1153 2655 11.27.
1185 2623 1223 2652 et
1252 2615 1405 2652 Arrian.
1428 2615 1470 2651 L.
1489 2614 1538 2651 ll.

98 2666 166 2705 ll.
198 2677 232 2715 p.
259 2667 332 2706 78.
363 2678 494 2703 ansam
513 2669 681 2716 praebet.
715 2667 848 2706 Wssss.

212 2722 313 2762 187.
345 2723 418 2762 83.
473 2721 827 2775 Ζ1ῑ1εταλαμβάνιιιν
851 2723 976 2765 ἄλλον
1004 2725 1046 2773 ἕξ
1069 2723 1195 2765 ἶὶλλου
1226 2728 1310 2765 τῶν
1331 2722 1433 2774 em]
1471 2721 1546 2761 Di-

94 2777 272 2814 stinctius
291 2776 480 2815 Arrianus
501 2778 603 2817 dicto
630 2782 736 2828 loco,
768 2788 806 2818 et
829 2781 976 2820 Aclian.
1008 2782 1155 2819 Histor.
1191 2780 1264 2818 An.
1298 2782 1338 2818 L.
1364 2781 1426 2817 VI.
1449 2782 1540 2828 48,

95 2844 190 2879 quos
212 2840 249 2870 et
268 2834 316 2870 ael
337 2832 460 2872 Curtii
483 2835 526 2874 L.
550 2836 616 2873 111.
644 2837 712 2878 ll.
738 2839 808 2878 12.
836 2838 1073 2876 Freinshcm.
1092 2845 1320 2876 antestatur.
1351 2837 1485 2875 W'Ess.

1168 2896 1217 2934 11
1244 2896 1263 2915 '⁸
