1891 3310
374 224 659 260 oEcoNOMIA
695 223 970 256 HISTORIAB
1007 222 1231 255 DIODORI.
1409 227 1525 258 CL111

553 320 750 357 Imutae
778 320 1025 355 australes.

158 381 256 413 'l'res
274 380 420 414 insulae
440 390 463 414 a
479 384 587 424 parte
606 379 845 414 meridionali
864 378 1015 412 Siciliae
1036 377 1132 411 sitae
1146 401 1156 419 ,
1184 376 1340 420 Melite,
1366 377 1524 425 Gaqus,

70 437 247 478 Cercina,
273 446 383 482 quam
405 437 628 472 brevissime
644 440 997 472 commemorantur.
1040 434 1129 479 Cap.
1147 434 1204 471 12.

379 513 432 549 In
457 517 578 551 mari
606 514 841 562 Tyrrheno
868 513 986 548 sitae
1011 511 1208 547 insulae.

157 571 284 606 Primo
310 575 453 607 mentio
477 576 520 608 fit
543 573 755 610 Aethaliae.
802 573 912 607 Ferri
930 572 996 605 illa
1014 571 1122 606 ferax
1143 575 1181 605 et
1200 575 1412 606 mercatura
1427 574 1524 609 cele-

66 630 156 663 bris.
210 629 388 675 Sequitur
414 632 580 674 Cyrnos,
615 631 795 665 Romanis
821 631 974 664 Corsica
1005 629 1216 673 appellata,
1263 630 1368 662 cuius
1397 632 1524 674 urbes,

66 692 288 731 proventus,
320 688 527 720 incolarum
546 689 701 731 ingenia
722 692 760 721 et
783 696 960 720 numerus
980 686 1231 722 declarantur.
1278 687 1366 731 Cap.
1386 689 1440 726 13,
1466 689 1522 725 14.

67 744 242 777 Proxima
261 749 320 778 est
337 744 524 778 Sardinia.
570 745 612 777 ln
634 755 715 778 eam
735 745 881 778 colonia
897 745 943 777 ab
964 743 1068 777 Iolao
1097 743 1277 785 deducta;
1312 745 1398 793 iude
1426 746 1525 778 inco-

65 810 123 842 lae
155 801 271 835 Iolaei
301 803 494 845 appellati.
542 800 723 844 Populum
758 802 913 845 eiusque
932 801 1147 835 libertatem
1175 800 1221 833 ab
1239 804 1397 834 externo
1416 800 1525 835 hoste

66 863 200 891 natura
230 860 313 902 ipsa
338 859 522 892 defendit.
555 860 642 906 Cap.
666 860 717 894 15.
742 877 788 884 -
822 858 980 902 Pityusa
996 868 1018 891 a
1037 850 1189 903 pinuum
1215 856 1267 890 ibi
1290 859 1526 891 nascentium

66 916 172 957 copia
188 916 390 958 appellata.
421 917 510 959 Cap.
531 918 584 951 16.

154 972 304 1005 lber-iae
330 973 548 1006 obiacentes
570 970 717 1004 insulae
746 974 834 1004 sunt
857 970 1090 1016 Gymnesiae
1116 981 1146 1005 s.
1163 970 1379 1012 Balleares3
1417 971 1527 1014 situs,

65 1029 137 1062 soli
157 1033 311 1072 natura,
335 1029 543 1063 incolarum
561 1039 698 1063 mores.
736 1029 824 1074 Cap.
840 1030 895 1068 17.
923 1031 978 1066 18.
1516 1019 1519 1023 ¹

179 1105 372 1141 Insulae
395 1105 443 1141 in
472 1105 660 1142 Oceano
685 1117 712 1144 ε.
740 1112 874 1142 extra
900 1106 1142 1142 columnas
1165 1104 1402 1140 Herculis.

155 1174 320 1217 Insignis
346 1174 614 1217 magnitudinis
639 1172 778 1215 insula,
813 1183 834 1207 e
859 1175 1018 1217 regione
1037 1172 1185 1207 Africae
1204 1173 1241 1205 in
1265 1173 1416 1206 Oceano
1440 1174 1548 1216 sita‚·

67 1231 225 1275 plurium
255 1232 401 1265 dierum
425 1232 548 1275 spatio
574 1241 597 1265 a
617 1230 743 1275 Libya
761 1230 915 1273 dissita,
945 1232 982 1264 in
1001 1230 1071 1263 hac
1088 1230 1342 1273 descriptione
1363 1231 1526 1273 primum

67 1294 224 1333 occupat
246 1289 382 1324 locum,
429 1288 522 1321 Eius
544 1287 692 1321 insulae
717 1298 864 1320 summa
880 1287 1059 1321 fertilitas
1078 1288 1342 1320 etc-amoenitas
1360 1287 1529 1321 celebra-

67 1351 146 1387 tur,
171 1356 306 1380 nomen
327 1345 590 1386 desideratur3
618 1344 718 1378 unde
737 1338 1002 1389 colligendum,
1028 1355 1110 1378 eam
1131 1344 1232 1378 fama
1250 1345 1376 1388 potius
1395 1348 1434 1377 et
1449 1355 1527 1378 ser-

69 1404 262 1445 monibus,
304 1413 413 1448 quam
452 1403 603 1446 scriptis
627 1401 851 1446 idoneisque
885 1403 1158 1443 monumentis,
1209 1402 1396 1445 cognitam
1425 1412 1525 1435 esse.

70 1460 281 1500 (Americae
299 1460 360 1493 vel
378 1459 508 1493 Indiae
530 1459 774 1493 occidentalis
792 1459 987 1493 obscurior
1009 1459 1165 1500 notitia,
1200 1467 1221 1492 e
1240 1457 1529 1502 Carthaginien-

68 1518 164 1549 sium
194 1517 499 1561 navigationibus
521 1516 688 1560 dilapsa,
724 1516 762 1549 in
780 1515 890 1549 huius
908 1516 1054 1549 insulae
1074 1524 1286 1559 anonymae
1306 1518 1344 1548 et
1362 1516 1529 1559 incogni-

66 1574 408 1625 tae-descriptione
433 1573 555 1615 latere
581 1573 761 1616 videtur.)
814 1572 908 1608 Inde
935 1569 1291 1617 Carthaginiensilmz
1316 1572 1356 1605 in
1376 1572 1527 1607 Africae

67 1641 135 1664 ora
163 1635 202 1664 et
231 1631 477 1665 occidentalis
505 1631 681 1676 Europae
710 1630 881 1675 partibus
913 1631 1141 1663 constitutae
1166 1627 1347 1670 coloniae,
1373 1630 1471 1662 urbs
1488 1631 1529 1664 in

69 1688 242 1731 Europae
262 1689 460 1731 peninsula
480 1688 598 1721 Gades
622 1687 793 1729 condita,
818 1691 858 1720 et
875 1685 961 1720 hinc
977 1688 1014 1720 in
1036 1688 1227 1724 Oceanum
1246 1690 1445 1730 susceptae
1464 1697 1529 1726 na-
1547 1721 1551 1726 ,

67 1745 279 1788 rigationes
298 1747 489 1790 expressis
507 1746 634 1779 verbis
655 1748 1009 1779 commemorantur.
1045 1744 1132 1787 Cap.
1153 1745 1209 1780 19.
1233 1746 1293 1779 20-

160 1802 236 1835 lam
257 1803 294 1835 in
313 1803 474 1835 alteram
494 1803 636 1836 Oceani
654 1807 823 1846 partem,
855 1811 950 1846 quae
971 1801 1160 1844 Europam
1182 1800 1318 1844 cingit,
1355 1811 1531 1846 progres-

68 1850 131 1893 sus
151 1860 294 1892 insulas
315 1864 352 1893 et
368 1860 620 1893 adiacentium
640 1866 829 1892 terrarum
850 1868 936 1893 oras
952 1858 1204 1903 persequitur.
1252 1857 1335 1890 Una
1359 1862 1419 1891 est
1442 1857 1530 1892 Bri-

65 1916 209 1961 tannia,
263 1917 368 1950 cuius
401 1917 548 1950 insulae
583 1916 764 1960 formam,
806 1915 1086 1959 promontoria,
1127 1913 1350 1959 populorum
1391 1926 1530 1959 mores,

67 1975 192 2007 stanni
209 1978 461 2007 mercaturam
486 1975 614 2017 paucis
641 1972 831 2007 describit.
870 1974 959 2015 Cap.
977 1975 1034 2008 21.
1058 1975 1114 2008 22.
1142 1990 1186 1997 —-·
1225 1970 1418 2016 Scythiam
1446 1984 1531 2008 ver-

67 2042 130 2064 sus
159 2032 232 2063 sita
249 2035 307 2064 est
327 2031 451 2063 insula
464 2029 633 2071 Bas-Nea,
665 2031 702 2062 in
725 2038 834 2073 quam
852 2038 957 2062 mare
972 2030 1162 2062 succinum
1184 2029 1356 2072 proiicit,
1388 2030 1530 2074 mythis

69 2089 182 2121 etiam
211 2087 456 2123 celebratum.
499 2089 588 2132 Cap.
608 2087 667 2123 23.
711 2085 804 2119 Inde
824 2086 861 2119 in
882 2085 1074 2128 proximas
1089 2086 1265 2129 Europae
1288 2096 1374 2118 oras
1397 2097 1530 2131 exspa-

69 2146 207 2187 tiatur,
240 2148 375 2189 gentes
401 2146 545 2178 vicinas
573 2145 815 2178 lustraturus.
869 2142 996 2177 Primo
1015 2141 1188 2177 Celticum
1205 2142 1296 2175 adit.
1329 2145 1417 2188 Cap.
1432 2144 1530 2181 24—

68 2201 126 2240 39.
171 2202 342 2246 Mythica
360 2203 527 2235 narratio
545 2201 592 2234 de
612 2196 771 2241 Galate,
802 2200 982 2233 Herculis
1007 2201 1106 2241 filia,
1137 2210 1160 2233 a
1179 2209 1253 2243 qua
1271 2199 1423 2234 Galatia
1447 2203 1472 2235 i.
1493 2213 1528 2240 e.

70 2260 250 2303 Galliajet
270 2259 369 2292 Galli
391 2269 527 2292 nomen
546 2257 688 2291 habere
707 2256 891 2293 dicantur.
924 2260 1013 2301 Cap.
1033 2256 1091 2294 24.
1136 2256 1268 2300 Populi
1288 2257 1430 2300 plures,
1454 2269 1531 2292 om-

69 2308 365 2356 nes'numerosk
389 2304 581 2359 praecipui
603 2315 720 2348 fluvii.
751 2315 839 2358 Cap,
858 2317 914 2351 25.
962 2314 1077 2349 Venti
1099 2313 1428 2362 ‘'vehementior-es,
1466 2316 1531 2350 fri-

69 2384 138 2417 gus
163 2374 309 2416 ingens.
355 2371 477 2415 Zytho
503 2373 631 2415 itaque
658 2382 727 2416 pro
749 2372 834 2405 vino
855 2375 1034 2414 utuntur,
1062 2371 1248 2416 vinoque,
1285 2372 1382 2416 quod
1402 2377 1531 2419 tamen

70 2429 222 2463 aliunde
241 2428 453 2462 advehitur.
477 2431 564 2472 Cap.
575 2431 630 2464 26.
665 2429 821 2473 Argenti
838 2428 943 2471 nihil,
965 2429 1049 2463 auri
1068 2438 1242 2473 magnam
1262 2430 1405 2474 copiam
1425 2434 1532 2464 terra

70 2487 228 2531 profert.
272 2485 362 2519 lude
382 2487 612 2529 compositus
630 2489 806 2518 ornatus:
829 2486 918 2529 Cap.
933 2489 990 2521 27.
1033 2486 1246 2520 Incolarum
1266 2487 1433 2529 corporis
1456 2487 1531 2521 cul-
1548 2496 1551 2502 ¹

70 2548 143 2586 tus,
166 2553 304 2577 mores,
336 2543 423 2586 Cap.
443 2546 501 2579 28.
547 2543 578 2575 Ε
596 2542 766 2575 curribus
783 2542 973 2586 pugnandi
992 2552 1092 2584 mos,
1116 2541 1283 2576 bellandi
1302 2543 1420 2583 ratio,
1447 2553 1530 2586 spo-

70 2602 205 2635 liorum
224 2600 448 2644 praecipuae
466 2599 625 2642 species.
659 2600 747 2642 Cap.
766 2601 824 2636 29.
885 2599 1078 2641 Vestitus,
1101 2609 1218 2634 arma.
1250 2599 1336 2642 Cap.
1355 2600 1409 2634 30.
1460 2599 1530 2633 Ad-

71 2663 222 2702 spectus
248 2667 395 2702 voxque
421 2655 594 2696 horrida,
626 2656 792 2699 ingenia.
837 2655 955 2690 Bardi
976 2660 1015 2690 et
1033 2657 1216 2690 Druidae.
1257 2656 1388 2690 Vates.
1428 2656 1533 2690 Divi·

74 2715 178 2748 natio
205 2724 251 2748 ex
281 2715 425 2747 occisis.
481 2711 681 2746 Poetarum
708 2713 745 2744 in
767 2714 902 2757 pugnis
919 2714 1032 2747 etiam
1052 2724 1154 2747 usus.
1189 2714 1277 2755 Cap.
1295 2714 1351 2749 31.
1397 2712 1548 2747 Celtae·

75 2775 115 2805 et
137 2770 296 2805 Galatae
326 2769 486 2812 diversi,
527 2779 552 2803 a
579 2768 759 2804 Romanis
785 2768 944 2804 confusi.
994 2770 1179 2805 Mulieres
1215 2769 1386 2811 feroces,
1422 2770 1531 2814 pueri
