1859 3326
327 180 419 221 208
785 177 1301 224 ANNOTATIONES

437 290 546 331 235.
568 289 641 332 83.
663 287 749 334 Διὰ
771 289 816 332 δὲ
828 289 904 344 τὴν
924 287 1051 344 ὀργὴν
1069 289 1284 345 ἐμπρήσας
1302 291 1378 346 τὴν
1396 289 1528 345 πόλιν]
1560 292 1638 343 Ipsi
1648 291 1781 344 despe-

328 354 413 394 ‘rata
433 349 584 388 salute·
575 360 702 398 ignem
723 348 920 385 subiecere
938 350 1072 395 tectis,
1098 351 1132 387 si
1148 349 1243 386 fides
1265 320 1400 388 Curitio
1420 349 1493 391 lX.
1510 351 1556 391 4.
1573 354 1615 392 6.
1643 350 1779 389 ἎῙΕεε.

441 405 546 443 235.
569 406 644 443 97.
678 403 740 440 Τ
716 417 766 453 ης
785 402 829 443 δὲ
850 402 1100 456 ναυαρχίδος
1119 402 1384 459 καταῤῥάκτῃ
1403 426 1451 434 --·
1467 403 1778 459 πεοιπεσουσης]

333 457 427 511 Ipse
459 472 533 496 rex
560 461 602 497 in
627 461 901 511 rapidissimo-9
923 461 1099 497 vortices
1123 462 1288 501 incidit:
1315 462 1452 512 quibus
1473 463 1625 500 intorta
1652 464 1780 510 navis,

331 516 509 566 obliqua,
551 521 593 552 et
616 515 880 565 gubernaculi
914 517 1113 571 inpatiens
1151 518 1361 567 agebatur.
1412 518 1502 558 Iam
1527 524 1682 559 vestem
1712 521 1780 557 de-

330 576 524 609 iram-zenae*
553 572 733 622 corpori,
767 573 1031 624 proiecturus
1066 579 1189 610 semet
1219 575 1258 611 in
1283 575 1456 625 flumem
1503 576 1699 626 amicique
1737 582 1782 612 ut

328 630 561 679 exciperent
585 640 691 674 eum,
718 627 828 666 haud
840 641 898 681 pv
891 628 990 666 ocul
1019 629 1192 666 nubant:
1226 632 1282 667 sic
1304 630 1487 667 Nostrum
1507 639 1661 669 secutus
1683 629 1779 669 Cur-

328 686 427 731 tius
464 679 754 737 καταὸράκτνν
783 686 978 735 eleganter
1007 687 1334 723 circumscribens.
1384 685 1445 724 Tu
1477 686 1522 724 de
1551 700 1644 725 vera
1670 690 1779 725 vocis

329 713 518 789 potenstite
540 739 697 777 consule
716 738 990 778 Eustachium
981 754 1021 778 m
1039 739 1221 792 Dionysii
1238 742 1428 792 Perieges.
1448 756 1486 781 v.
1507 745 1614 783 220
1642 743 1776 780 Wrss.

444 796 551 836 035.
583 796 626 834 9.
661 796 762 842 Τοῖς
781 798 896 843 θεοῖς
916 794 1097 863 ἐᾶυσεν]
1112 797 1217 835 Alibi
1239 798 1408 835 insimili
1426 798 1510 836 loco
1532 800 1632 836 dixit
1654 796 1730 838 ἒθτ
1724 812 1778 838 σε

329 864 525 918 σωτηρια·
553 859 735 901 sequente
766 855 857 890 item
885 856 1049 905 pag-Ina,
1078 847 1099 893 ὃ
1125 852 1169 893 ὁὲ
1189 851 1258 893 Ἀ)
1264 852 1457 920 ἔξαιδρος
1482 854 1681 895 &tuomst-5*
1672 869 1706 900 ις
1737 853 1780 893 ἐκ

328 910 404 947 τοῦ
423 903 673 959 τοαῦιιατος,
699 907 766 946 καὶ
786 903 926 956 θύσας
943 913 1030 957 τοῖς
1047 911 1163 956 θεοῖς
1182 906 1377 961 σωτήρια
1410 910 1485 947 Pro
1509 907 1756 964 Σιοακουσο.
1747 924 1781 956 ς

330 971 483 1010 antem,
520 963 622 1012 quod
647 967 777 1002 statim
804 967 996 1014 sequitur,
1033 966 1241 1004 videndum
1278 966 1379 1015 quod
1410 967 1516 1005 urbis
1551 969 1615 1006 vel
1651 969 1781 1017 potius

329 1021 502 1071 regionis
533 1032 672 1057 nomen
699 1024 836 1069 reponi
857 1024 989 1072 possit.
1023 1021 1179 1060 STEPH.

442 1071 854 1128 235.1οὉμοίως
864 1076 1041 1118 Ἀγιλλεΐ
1051 1078 1143 1131 (hay
1146 1092 1349 1129 ωνισαμετ
1353 1077 1413 1128 ος]
1440 1076 1684 1116 Describitur
1699 1080 1780 1115 cul-

328 1133 491 1170 tissimis
521 1133 696 1170 versibus
715 1147 737 1171 a
758 1133 876 1171 Poeta
896 1134 940 1171 11.
964 1136 1018 1182 (D,
1038 1135 1143 1174 305.
1173 1142 1210 1172 et
1232 1146 1309 1182 seq.
1338 1134 1378 1172 id
1404 1141 1611 1172 certamen.
1644 1133 1722 1171 WB
1726 1145 1778 1171 ss.

444 1189 551 1228 235.
585 1190 655 1228 12.
681 1185 1084 1242 »ΕπὶΣυρακούσαςῙ
1116 1189 1409 1228 Mendosissime
1425 1204 1494 1240 pro
1510 1187 1778 1241 Ὀξυδράκας.

329 1243 465 1282 Ruon.
493 1245 660 1292 Vitium,
691 1245 793 1295 quod
813 1249 855 1284 in
884 1246 1002 1296 'Cospi
1029 1245 1281 1283 libro*fuisse
1312 1259 1390 1283 non
1410 1247 1584 1296 videtur,
1617 1247 1682 1284 diu
1709 1253 1780 1294 est,

329 1315 417 1339 cum
437 1301 485 1338 ad
504 1300 686 1338 Orosium
705 1300 748 1338 L.
765 1302 831 1340 111.
851 1304 923 1343 19.
956 1303 1187 1340 emacularet
1204 1301 1267 1340 Fr.
1287 1302 1498 1340 Fabricius.
1527 1301 1650 1341 Erant
1670 1302 1780 1352 Oxy-

329 1358 466 1395 draeae
487 1360 543 1394 rei
563 1359 742 1396 militaris
770 1371 842 1396 usu
861 1366 1122 1408 praestanteS‚
1149 1365 1194 1396 ut
1216 1365 1368 1408 praeter
1389 1358 1602 1396 Diodorum
1624 1358 1778 1409 profite-

328 1421 392 1452 tur
413 1413 672 1451 Philostratus
692 1414 738 1451 de
759 1414 839 1454 Vit.
862 1416 1038 1465 Apollon.
1067 1416 1110 1454 L.
1131 1415 1181 1452 11.
1205 1416 1277 1455 33.
1309 1415 1442 1453 Wrss.
1515 1409 1520 1413 ’

441 1471 548 1509 236-
577 1470 653 1509 25.
693 1472 790 1509 Τῶν
811 1467 1126 1522 τερατοσκόπων
1147 1486 1220 1518 τις,
1245 1470 1467 1524 Δημοφῶν
1484 1466 1647 1522 ὄνομα]
1677 1469 1780 1508 Con-

329 1527 504 1564 meminit
530 1525 695 1563 hominis
715 1525 822 1564 curt.
854 1527 927 1565 1X.
950 1529 993 1568 4.
1014 1530 1089 1569 28.
1119 1535 1157 1565 et
1184 1534 1314 1565 vatem
1342 1534 1466 1566 vocat.
1504 1526 1595 1564 Fuit
1623 1539 1703 1563 non
1731 1539 1778 1563 ex

330 1595 539 1633 augurum,
569 1590 613 1619 ut
633 1581 849 1632 Interpres‚
876 1584 943 1621 sed
970 1584 1214 1632 haruspicum
1240 1586 1416 1621 natione:
1453 1596 1542 1620 nam
1573 1589 1611 1619 et
1646 1596 1715 1619 rex
1745 1584 1783 1620 si

330 1642 431 1690 quis,
457 1639 597 1688 inquit,
627 1644 663 1676 te
685 1637 951 1691 (Demophon)
972 1642 1057 1678 arti
1078 1648 1170 1689 tuae
1191 1642 1381 1678 intentum
1402 1645 1443 1676 et
1456 1646 1574 1676 extra
1593 1645 1780 1690 spectare»

330 1702 407 1733 tem
434 1696 492 1731 sic
525 1696 756 1746 interpellet
779 1697 880 1745 apud
899 1697 1061 1733 eundem
1080 1696 1278 1743 Curtium,
1301 1702 1339 1733 et
1364 1702 1515 1733 constat
1534 1707 1583 1732 ex
1603 1695 1777 1744 Appiano

331 1751 446 1789 Civil.
468 1750 566 1790 Bell.
587 1752 629 1789 L.
654 1750 703 1788 Il.
719 1765 757 1801 p.
783 1754 914 1800 852.,
945 1766 1011 1790 cor
1035 1754 1134 1789 extis
1163 1753 1328 1790 defuisse
1352 1751 1588 1790 sacrificanti
1606 1753 1647 1788 in
1668 1750 1779 1800 Oxy-

330 1807 458 1844 dracis
487 1807 731 1854 Alexandro,
765 1809 880 1857 idque
909 1816 1176 1860 argumentum
1214 1810 1437 1846 inminentis
1461 1809 1621 1857 periculi
1657 1807 1777 1845 fuisse

329 1864 529 1902 creditum.
556 1863 691 1912 Neque
711 1863 770 1901 his
788 1866 915 1902 obstat
931 1861 997 1904 διά
1015 1880 1136 1904 τινων
1155 1863 1312 1904 οἰωνῶν
1325 1863 1658 1916 προῦηλοῧσθαι,
1677 1863 1778 1911 quod

329 1923 459 1957 statim
490 1922 761 1969 consequitur:
787 1923 969 1959 latissime
993 1924 1094 1959 enim
1122 1923 1331 1971 porrigitur
1360 1920 1539 1959 vocabuli
1567 1921 1650 1956 eius
1673 1932 1779 1966 usus,

330 1976 554 2013 docentibus
585 1974 740 2015 Criticis
769 1977 817 2014 ad
843 1970 1039 2028 Aristoph.
1068 1977 1142 2017 Av.
1173 1991 1212 2016 v.
1234 1977 1339 2018 720.
1381 1983 1419 2014 et
1448 1974 1652 2027 Sophoclis
1683 1975 1778 2013 Oed.

330 2030 427 2083 Tyr.
451 2045 485 2069 v.
509 2034 582 2071 52.
613 2031 748 2070 Wssss.

442 2088 549 2127 236
578 2090 654 2129 28-
683 2083 842 2139 Aulaeo
861 2085 1022 2140 ηξιόιν]
1054 2084 1194 2139 Lege’
1171 2086 1299 2141 mstis-ov
1325 2085 1465 2126 RHOD

443 2145 550 2184 236.
584 2145 660 2185 40
695 2124 925 2197 εΑρπάσας
953 2144 1133 2195 κλίμακα
1157 2152 1228 2181 etc.
1237 2145 1253 2195 ]
1300 2142 1410 2180 Cons.
1439 2141 1586 2182 Arrian
1617 2137 1775 2192 'Avaffl

328 2199 394 2238 Vl.
417 2200 472 2246 9.,
502 2201 569 2248 qui
584 2203 626 2238 in
648 2198 776 2237 Mallis
797 2202 930 2238 urbem
950 2202 1068 2238 fuisse
1085 2203 1249 2249 positam
1268 2200 1458 2237 admonet.
1495 2199 1621 2249 Vulgo
1649 2206 1776 2236 tamen

328 2256 516 2294 Historici
545 2258 586 2293 in
619 2255 836 2306 Oxydracis
864 2271 947 2294 eam
971 2259 1123 2304 locant,
1162 2268 1237 2306 qua
1267 2257 1312 2293 de
1339 2269 1381 2292 re
1405 2253 1693 2292 Freinshemius
1729 2254 1777 2298 agl

326 2312 437 2350 Curt.
460 2311 502 2348 L.
525 2311 595 2349 IX.
627 2313 670 2354 4.
688 2315 770 2363 26.
787 2320 831 2362 ,οε
858 2312 1173 2351 Hemsterhusius
1200 2315 1243 2351 in
1268 2311 1431 2350 Luciani
1459 2309 1508 2348 D.
1531 2309 1646 2348 Mort.
1666 2309 1774 2348 le.

331 2370 371 2414 5.
398 2368 532 2406 WEss.
782 2364 786 2365 ⁷

442 2426 548 2465 236.
581 2423 653 2464 54.
685 2418 887 2472 Ἀνάξιον
914 2447 961 2454 —-
984 2427 1060 2478 τῆς
1089 2423 1197 2470 ἰδίας
1225 2419 1471 2475 εὐπραξίας]
1513 2419 1716 2469 Εὐδοξιάς
1742 2422 1777 2459 si

334 2483 400 2530 qui
417 2483 511 2519 velit
526 2493 575 2517 ex
593 2478 688 2532 Reg.
707 2484 852 2530 primo,
883 2483 942 2519 illi
960 2495 1038 2519 non
1057 2481 1261 2519 admodum
1280 2480 1519 2517 reluctabor.
1509 2491 1518 2499 ·
1549 2481 1697 2517 servari
1717 2486 1775 2529 ta-

330 2551 420 2576 men
440 2544 477 2574 et
496 2538 694 2587 vulgatum
715 2545 856 2586 potest.
888 2538 1028 2578 Wrss.

443 2594 549 2634 236
585 2594 659 2633 60
696 2590 842 2632 Τούτω
865 2597 923 2649 τῷ
946 2596 1072 2649 θυμῶ
1092 2588 1340 2646 παραστὰς]
1371 2591 1489 2628 Putes
1507 2591 1630 2640 prima
1645 2579 1773 2645 fronte

330 2645 405 2689 τοὺ
411 2664 464 2705 τῳ
485 2650 622 2686 referri
650 2656 827 2697 oportere
850 2651 897 2687 ad
928 2665 1029 2701 τειχε
1015 2666 1068 2697 ι,
1097 2657 1141 2687 ut
1162 2662 1230 2686 rex
1249 2651 1420 2685 animose
1446 2647 1493 2683 ad
1513 2658 1662 2683 murum
1687 2658 1773 2682 cor-

330 2720 421 2756 pore
443 2707 619 2756 applicito
639 2705 753 2743 Indos
772 2707 962 2743 irruentes
978 2709 1182 2756 exceperit.
1223 2698 1482 2756 Προσήρεισε
1501 2703 1560 2741 τῶ
1587 2701 1703 2752 τείχει
1725 2698 1771 2741 τὸ

333 2765 478 2811 σῶμα,
516 2768 556 2798 et
577 2761 776 2813 ἐοεισθεὶς
804 2759 908 2814 πρὸς
937 2765 994 2801 τῶ
1017 2763 1135 2813 τείχει
1165 2761 1211 2799 de
1234 2759 1453 2797 Alexandro
1482 2760 1523 2799 in
1552 2759 1774 2795 temerariae

331 2816 444 2856 huius
464 2831 614 2870 pugnae
627 2812 881 2869 dese-liptione
902 2817 1003 2857 Plut.
1022 2817 1132 2859 Alex
1155 2831 1192 2868 p.
1212 2818 1315 2857 700-
1333 2813 1398 2861 1).)
1427 2814 1578 2852 Arrian.
1598 2813 1640 2850 L.
1652 2813 1715 2851 Vl.
1730 2815 1769 2853 9.
