1859 3326
235 201 291 231 CC
510 197 827 235 *OECONOMIA
863 201 1138 235 HISTORIAE
1177 201 1419 236 DIODOIU'·¹

235 297 351 333 Asiae
372 298 411 330 et
429 297 664 341 singularum
690 298 728 332 in
755 308 801 333 ea
824 300 1126 344 provinciarum,
1159 298 1391 333 Graecarum
1415 300 1529 335 etiam
1552 300 1720 335 colonia.

207 380 210 383 Δ
237 365 320 389 rum
335 379 345 395 ,
374 354 420 388 ob
440 355 695 390 defectionem
710 381 720 398 ,
743 367 766 389 a
784 356 957 401 Pythone
977 357 1078 391 bello
1097 367 1364 401 oppressarum
1379 383 1389 400 ‚
1423 362 1462 392 et
1487 360 1593 391 iussu
1618 358 1717 392 Per-

237 412 368 446 diccae
397 418 529 447 contra
563 414 688 447 datam
718 415 831 448 lideni
862 415 1109 450 sublatarum.
1147 426 1177 447 c.
1197 417 1317 452 5-7.
1362 417 1516 461 „Atque
1546 415 1608 450 hic
1634 420 1717 453 tum

236 481 366 504 rerum
393 473 644 506 Asiaticaruni
672 475 795 505 status
823 476 949 505 erat.“
997 474 1038 518 2)
1065 472 1348 506 provinciarum
1368 474 1563 518 Europae,
1598 477 1637 507 et
1655 484 1722 508 re-

237 539 321 563 rum
350 530 401 563 ibi
428 535 636 574 gestarum.
683 531 858 574 Erumpit
881 530 1024 563 bellum
1054 529 1298 572 Lamiacum,
1335 532 1440 564 cuius
1465 532 1615 564 occasio
1641 533 1719 565 iam

241 596 358 630 supra
381 587 525 629 (XVII,
553 599 583 622 c.
601 591 694 631 111.)
721 592 1018 621 commemorata
1039 593 1110 621 est.
1155 588 1254 622 Belli
1276 599 1390 621 causa
1410 591 1422 607 ¹
1448 588 1628 624 affertur:
1662 590 1719 622 in-

238 645 328 678 sesti
346 647 472 690 populi
491 651 529 680 et
547 647 757 686 exercitus,
787 647 878 679 socii
899 647 1096 689 utriusque
1117 647 1252 691 partis,
1280 646 1417 687 duces,
1452 650 1720 684 recensentur.

238 701 392 737 Proelio
422 706 542 738 victus
568 705 786 747 Antipater,
820 703 895 736 dux
916 702 1167 736 Macedonum
1185 728 1194 744 ,
1234 703 1406 737 Lamiam
1434 704 1621 749 perfugit,
1654 705 1722 739 ubi

241 760 439 795 obsidione
459 763 626 795 inclusus
649 766 814 795 tenetur.
857 761 932 793 Sed
953 760 1052 794 facta
1074 763 1272 805 eruptione
1294 762 1525 796 Macedones
1545 764 1721 796 vincunt:

241 816 504 858 Leosthenes,
526 819 758 852 Graecorum
779 819 875 859 dux,
901 829 994 852 saxo
1014 819 1109 851 ictus
1129 820 1239 862 perit.
1292 820 1403 859 (Tum
1426 819 1720 862 Demosthenes,

239 876 287 908 ab
306 877 476 920 Harpalo
495 883 694 922 corruptus
714 877 839 910 exsilii
858 886 1020 921 poenam
1039 876 1182 922 subiit.)
1207 888 1237 914 c.
1256 880 1330 914 8-
1344 883 1398 917 13.
1429 879 1571 921 „Talis
1589 889 1719 913 rerum

237 933 277 966 in
295 934 448 977 Europa
469 938 592 968 status
614 938 742 968 erat.“

332 993 595 1037 Circumspicit
620 992 812 1028 Diodorus
837 991 950 1025 simui
979 991 1075 1025 alias
1098 996 1240 1036 partes.
1291 993 1553 1035 Ptolemaeus,
1585 997 1719 1027 nactus

239 1050 472 1093 provinc-ianr.
501 1053 734 1097 Aegyptum,
761 1054 804 1082 ut
832 1060 854 1082 a
884 1049 1088 1084 Perdiccae
1108 1052 1274 1092 insidiis,
1308 1063 1401 1096 (luas
1423 1052 1575 1092 metuit,
1602 1052 1721 1084 tutior

242 1107 305 1147 sit,
333 1108 571 1151 Antipatrum
593 1109 750 1141 foedere
765 1108 836 1141 sibi
855 1109 989 1150 iungit.
1028 1107 1286 1151 Lysimachus
1303 1109 1338 1141 in
1353 1108 1516 1141 Thracia
1535 1107 1719 1142 Seutham

238 1174 370 1208 regem
405 1166 505 1199 bello
537 1168 746 1210 impugnat.
807 1158 960 1199 Proeli'o
989 1166 1191 1199 commisso
1219 1167 1378 1198 victoria
1409 1167 1554 1199 incerta
1580 1170 1722 1199 manet.

239 1221 463 1256 Leonnatus
485 1234 530 1257 ex
551 1225 639 1257 Asia
661 1227 816 1257 vocatus
836 1224 1073 1265 Antipatrum
1094 1223 1246 1256 auxiliis
1266 1223 1433 1257 adiuvat.
1459 1235 1489 1257 c.
1512 1225 1566 1259 14.

333 1280 447 1314 Redit
466 1281 604 1315 deinde
626 1281 828 1315 historicus
852 1280 900 1313 ad
921 1280 1061 1313 bellum
1083 1280 1316 1316 Lamiacum.
1367 1281 1504 1315 Graeci
1528 1280 1721 1315 Leonnati

240 1339 368 1382 copias
391 1338 554 1372 fundunt
588 1340 712 1383 prius,
751 1348 861 1382 quani
893 1339 1092 1381 Antipatro
1119 1339 1365 1383 iungeretur,
1402 1340 1599 1384 ipsumque
1620 1340 1722 1372 occi-

238 1396 344 1430 dunt.
403 1398 603 1441 Antipater
629 1398 750 1430 victos
786 1397 971 1440 colligens
1007 1397 1177 1430 cedendo
1213 1397 1421 1430 discrimini
1457 1408 1497 1431 se
1532 1397 1720 1433 subducit.

237 1453 337 1487 Dum
371 1458 474 1487 terra
501 1456 654 1487 vincunt
683 1454 844 1495 Graeci,
879 1455 1012 1487 classis
1031 1453 1337 1497 Atheniensium,
1371 1457 1543 1500 quamvis
1564 1456 1722 1489 navibus

237 1517 371 1554 aucta,
397 1523 418 1545 a
436 1513 558 1545 classe
578 1512 852 1555 Macedonum,
876 1514 935 1546 cui
953 1513 1072 1547 Clitus
1090 1512 1308 1558 praefectus
1327 1517 1431 1557 erat,
1454 1512 1592 1558 duplici
1612 1524 1720 1558 proe-

235 1570 288 1604 lio
307 1571 452 1603 cladem
471 1572 616 1614 accipit.
643 1581 674 1604 c⁶
699 1574 753 1608 15.

332 1629 484 1662 Interea
505 1628 706 1662 Perdiccas
725 1628 865 1661 bellum
888 1631 1016 1662 movet
1041 1628 1079 1661 in
1099 1626 1348 1670 Ariarathen,
1378 1628 1638 1673 Cappadociae
1661 1639 1721 1663 re-

238 1696 324 1730 gem
338 1710 348 1727 ,
372 1697 492 1730 eoque
512 1687 633 1728 victo,
661 1684 937 1730 Cappadociam
957 1687 996 1719 in
1014 1687 1246 1730 provinciam
1266 1687 1430 1732 redigit,
1453 1688 1563 1732 eique
1580 1687 1720 1721 Eume-

238 1754 323 1776 nem
347 1744 573 1776 Cardianum
595 1743 780 1788 praeficit.
805 1754 836 1776 c.
856 1747 896 1780 16
916 1754 972 1787 pr.

334 1802 506 1835 Tandem
527 1801 899 1835 DiodorusLamiaci
915 1801 1005 1834 belli
1023 1800 1236 1843 historiam,
1263 1802 1349 1835 aliis
1368 1805 1482 1847 atque
1501 1802 1587 1836 aliis
1606 1802 1721 1847 rebus

240 1860 514 1902 interruptam,
542 1860 589 1892 ad
610 1859 723 1893 finem
747 1859 932 1902 perducit.
979 1860 1160 1893 Craterus
1184 1871 1203 1894 e
1223 1861 1354 1894 Cilicia
1374 1871 1456 1893 cum
1476 1861 1583 1894 novis
1603 1862 1722 1905 copiis

236 1918 436 1960 Antipatro
464 1917 563 1962 apud
590 1917 764 1950 Lamiam
794 1916 937 1950 auxilio
976 1917 1093 1950 venit.
1149 1917 1309 1960 Graeci,
1341 1922 1419 1953 tum
1444 1918 1591 1963 proelio
1619 1918 1724 1962 victi,

236 1986 367 2020 pacem
388 1980 523 2019 petunt
542 1979 656 2020 atque
674 1977 889 2019 impetrant.
917 1976 998 2011 c.16
1019 1975 1115 2008 med.
1134 1977 1190 2012 17.
1209 1977 1265 2011 18.
1295 1969 1300 1973 ’

330 2034 421 2066 inde
445 2035 582 2066 transit
602 2034 648 2066 ad
670 2034 808 2067 bellum
833 2033 1107 2076 Cyrenaicum,
1137 2033 1236 2077 quod
1267 2031 1401 2066 eodem
1427 2036 1599 2076 tempore
1621 2033 1724 2067 intel·

238 2091 537 2132 'l'iiimbroncm,
570 2091 730 2135 Harpali
758 2091 1069 2132 interfectorem,
1112 2091 1374 2133 (conf.XVll,
1402 2101 1432 2123 c.
1452 2091 1545 2134 108.)
1573 2089 1723 2122 Mnasi-

239 2151 334 2185 ciem
367 2155 407 2183 et
434 2150 696 2183 Ptolemaeum
717 2153 868 2193 gestum
894 2153 973 2191 est,
1007 2159 1079 2194 quo
1098 2149 1312 2193 Cyrenaica
1327 2149 1364 2182 in
1386 2147 1597 2182 Ptolemaei
1615 2150 1721 2192 pote-

237 2212 375 2242 statem
401 2208 600 2241 concessit.
636 2217 667 2239 c.
685 2209 741 2242 19.
762 2210 818 2243 ΞΟ.
847 2208 905 2242 21.
1443 2206 1445 2209 ’

329 2266 402 2298 llis
433 2266 560 2297 missis
581 2265 749 2308 vestigat
774 2275 837 2298 res
865 2275 888 2298 a
918 2263 1120 2306 Perdicca,
1149 2266 1237 2308 post
1262 2263 1501 2306 subiugatam
1530 2262 1723 2307 Cappado-

238 2323 333 2356 ciam
357 2322 414 2365 (οἵ
442 2333 471 2358 c.
488 2324 556 2361 16.)
573 2331 685 2365 porro
707 2322 745 2353 in
767 2320 910 2354 Pisidia
930 2326 1073 2365 gestas.
1099 2332 1128 2355 c.
1149 2325 1205 2357 22.
1243 2322 1339 2355 Tum
1360 2321 1436 2354 alia
1459 2321 1541 2354 eius
1562 2321 1723 2354 consilia.

238 2382 498 2425 persequitur,
537 2379 676 2423 duplici
713 2380 954 2412 matrimonio
993 2379 1105 2411 simul
1134 2380 1320 2423 Antipatri
1353 2379 1559 2411 amicitiam
1587 2388 1723 2411 conse-

237 2439 398 2481 quendi,
436 2437 549 2470 simul
575 2447 732 2481 regnum
761 2437 992 2480 occupandi3
1024 2440 1062 2470 et
1089 2436 1135 2468 ab
1157 2437 1279 2470 altera
1297 2441 1405 2480 parte
1424 2436 1622 2479 Antigoni,
1655 2436 1722 2480 qui

237 2496 346 2528 (iolas
368 2495 657 2535 animadvertit,
682 2494 844 2528 adversa
864 2495 1022 2528 consilia
1043 2505 1125 2527 cum
1148 2495 1367 2538 Antipatro,
1401 2494 1558 2527 Cratero
1579 2497 1618 2525 et
1636 2491 1724 2526 Pto·

234 2553 384 2587 lemaeo
420 2558 551 2586 contra
579 2562 663 2584 eum
694 2552 802 2585 inita.
847 2554 1046 2596 Antipater
1075 2556 1114 2585 et
1137 2553 1316 2585 Craterus
1347 2552 1517 2594 occupati
1545 2554 1657 2584 erant
1680 2551 1722 2583 in

233 2611 336 2646 bello
359 2616 491 2646 contra
509 2610 678 2652 Aetolos,
702 2620 724 2644 e
743 2609 927 2650 Lamiaco
948 2610 1049 2646 bello
1069 2610 1234 2644 residuis
1254 2620 1324 2644 nec
1341 2609 1428 2643 dum
1444 2608 1610 2644 domitis,
1644 2606 1722 2641 Sed

327 2784 347 2820 1
371 2781 517 2816 Omittit
535 2780 714 2821 Diodorus
735 2793 835 2822 eam,
865 2792 972 2826 quam
992 2794 1097 2828 supra
1112 2781 1224 2823 XVII,
1246 2782 1324 2823 111,
1349 2785 1699 2813 commemoraverat.
