1859 3326
279 220 431 254 cxxvi
918 216 952 246 Η
967 216 997 245 E
1009 215 1042 246 Y
1053 214 1085 246 N
1097 216 1128 246 E

279 319 421 363 ubique
460 319 551 351 sunt
581 314 884 361 simplicissima,
922 313 1035 363 modo
1068 311 1347 357 simplicissima
1380 313 1550 347 nostrum
1585 314 1744 360 quisque

279 376 458 422 amplecti
489 373 628 408 velletl
682 371 858 415 Inprimis
897 375 1047 413 autern,
1087 370 1191 415 quod
1232 380 1365 413 parum
1408 375 1585 405 accurate
1622 370 1746 405 adhue

277 436 422 471 factum
452 432 585 472 video,
618 431 821 464 discrimen
854 426 1131 461 observandum
1158 431 1217 461 est
1241 428 1343 461 inter
1374 426 1594 474 mythoset
1619 428 1743 462 hiero-

280 491 424 538 glypha
446 501 515 523 seu
539 488 728 534 Symbolsat,
756 494 962 528 eorumque
988 486 1349 529 interpretamenta·;
1381 485 1502 530 mythi
1529 486 1649 527 enim,
1673 496 1744 519 sel

281 550 380 594 λόγοι,
410 549 511 593 tegunt,
544 556 611 590 pro
644 541 850 577 involucris
882 542 940 574 rei
974 542 1134 575 alicuius
1167 553 1235 576 seu
1268 543 1425 587 antiqua
1459 543 1535 577 fide
1563 547 1742 577 narratae

281 617 350 640 seu
378 606 550 638 doctrina
574 602 738 634 traditae
767 602 855 632 sunt
877 596 1062 640 habendi3
1095 599 1234 632 similia
1259 598 1502 633 declarantur
1524 610 1592 643 per
1618 599 1742 634 hiero-

279 662 441 708 glypha;
479 661 525 693 ab
566 659 613 690 iis
648 657 871 700 longissime
904 655 1088 689 differunt
1128 656 1369 690 sacerdotum
1406 659 1745 704 interpretationum

281 721 439 755 Graecis
475 728 516 750 se
551 713 779 748 adeuntibus
814 714 1050 758 propinatae.
1099 713 1204 753 Quae
1239 714 1287 747 ad
1323 725 1392 748 nos
1427 725 1638 759 pervenere
1673 715 1743 748 sab

278 778 507 820 religionum
532 771 852 815 Aegyptiacarum
878 771 1049 809 nomine,
1083 781 1158 804 non
1183 775 1272 803 sunt
1296 771 1367 804 nisi
1393 773 1564 806 miscella
1589 772 1745 816 farrago

280 833 591 878 superstitionum
616 830 830 870 variarum,
868 837 918 861 ex
941 828 1122 871 diversis,
1156 830 1318 862 maxime
1345 829 1581 872 novissimis,
1612 830 1747 863 aetati-

276 889 375 930 bus,
404 898 499 933 quae
527 887 685 920 Graecis
712 887 852 931 partim
876 895 929 931 ex!
950 885 1055 930 vulgi
1079 887 1299 919 narratione
1315 909 1324 926 ‚
1349 887 1486 929 partim
1515 897 1562 921 ex
1587 889 1745 932 scripto-

281 957 365 981 rum
397 955 550 978 suorum
588 945 776 986 lectione,
815 945 1072 976 innotuerant.
1122 943 1204 983 Quo
1240 943 1323 986 ipso
1364 943 1460 977 adeo
1499 945 1739 988 intelligitur,

283 1002 542 1036 difficillimam
569 1012 654 1035 esse
688 1004 950 1046 quaestionem
972 1002 1031 1034 ‘de
1063 1001 1291 1044 religionum
1324 1000 1598 1044 Aegyptiarum
1632 1002 1746 1045 origi-

282 1061 411 1101 nibus3
441 1050 529 1091 'etsi
572 1060 767 1102 probabile
809 1057 898 1100 fiat,
946 1069 970 1091 a
1010 1057 1261 1091 crassioribus
1294 1059 1626 1100 superstitionibus
1660 1068 1745 1091 cum

283 1118 385 1150 cultu
416 1117 517 1149 vitae
552 1118 710 1150 meliore
746 1121 784 1150 ct
816 1117 1057 1150 sacerdotum
1092 1114 1228 1147 studiis
1260 1113 1308 1147 ad
1343 1115 1502 1148 meliora
1545 1125 1611 1149 eas
1657 1125 1742 1149 esse

281 1184 526 1220 progressas,
562 1178 600 1208 et
632 1174 678 1206 ab
713 1173 772 1207 his
805 1175 943 1207 iterum
985 1173 1193 1205 descivisse
1227 1171 1276 1204 ad
1319 1172 1531 1215 deteriora,
1571 1176 1746 1218 Aegypto

281 1234 442 1277 primum
476 1242 608 1275 regum
641 1232 1081 1276 iiiiquawloniiiiatioiie,
1117 1227 1317 1262 hostilibus
1348 1230 1583 1273 incursibus,
1623 1242 1747 1264 sacer·-

284 1290 412 1322 (lotum
438 1289 678 1331 impotentia,
713 1289 846 1333 opibus
874 1290 952 1322 suis
978 1289 1148 1328 deiecta,
1181 1296 1268 1319 mox
1297 1297 1366 1330 per
1393 1286 1593 1322 Persarum
1616 1289 1746 1321 imma-

284 1349 442 1380 nitatem
474 1347 607 1390 opibus
637 1348 734 1387 suis,
773 1347 959 1390 simulque
985 1344 1255 1388 religionibus,
1290 1354 1371 1377 cum
1405 1344 1582 1379 libertate
1617 1349 1746 1386 exuta,

282 1406 437 1439 tandem
463 1405 530 1437 sub
567 1404 724 1437 Graecis
754 1409 793 1437 ct
824 1403 1006 1436 Romanis
1037 1401 1202 1434 moribus
1230 1405 1268 1434 et
1293 1402 1477 1435 institutis
1505 1403 1638 1446 priscis
1663 1412 1747 1446 par·-

282 1465 351 1496 tim
384 1462 596 1495 obliteratis
631 1463 767 1505 partim
801 1461 999 1504 corruptis
1050 1458 1186 1491 Parum
1225 1459 1324 1491 enim
1352 1460 1548 1502 probabile
1581 1461 1643 1501 iit,
1679 1464 1747 1492 aut:

285 1521 332 1553 ab
359 1520 631 1562 antiquissimis
664 1519 751 1552 inde
785 1517 1019 1562 temporibus
1043 1518 1218 1549 notiones
1243 1526 1369 1549 rerum
1396 1517 1605 1551 divinarum
1633 1527 1747 1551 sanas

285 1588 330 1611 ac
362 1587 472 1609 κονιις.
508 1578 607 1609 inter
638 1577 847 1620 Aegyptios
893 1576 1058 1608 omnium
1100 1583 1229 1607 rerum
1272 1574 1387 1607 rudes
1428 1573 1568 1616 fuisse,
1605 1585 1747 1619 easque

286 1639 423 1679 postea
448 1634 535 1666 dolo
563 1627 662 1666 malo
689 1638 728 1666 et
756 1631 900 1666 artibus
925 1632 1165 1666 sacerdotum
1193 1631 1312 1664 fuisse
1334 1637 1529 1676 corruptas
1557 1638 1595 1666 et
1617 1633 1748 1666 obscu-

285 1698 411 1733 ratas,
455 1696 521 1724 aut
558 1702 580 1723 a
622 1691 840 1734 symbolicis
875 1691 1069 1723 notionum
1110 1688 1386 1722 abstractarum
1420 1689 1748 1734 designationibus

287 1750 408 1782 cultus
434 1748 550 1781 divini
578 1749 768 1782 clementa
800 1758 884 1782 esse
917 1748 1110 1792 profecta,
1142 1747 1314 1791 adeoque
1338 1747 1582 1780 animantium
1607 1749 1748 1782 cultum

286 1818 309 1840 a
334 1807 516 1850 symbolis
553 1817 702 1848 eorum,
736 1817 831 1851 quae
859 1806 1001 1837 numini
1025 1805 1275 1845 tribuuntur„
1297 1808 1362 1836 aut
1386 1805 1536 1848 propria
1560 1816 1644 1838 esse
1670 1815 1750 1838 cre·

285 1862 444 1905 duntur,
479 1865 725 1907 processisse.
773 1863 927 1896 Scriora
959 1862 1054 1896 haec
1087 1863 1213 1895 omnia
1249 1866 1288 1895 et
1321 1863 1421 1895 vitae
1459 1863 1535 1894 iam
1571 1862 1746 1896 excultae

284 1923 521 1955 incrementa
545 1932 628 1954 esse
654 1921 960 1963 debuisse‚.ipsa
985 1931 1111 1953 rerum
1138 1922 1273 1952 natura
1299 1919 1422 1952 docet.

377 1978 557 2023 Magnam
594 1977 838 2011 historiarum
872 1981 1019 2022 partem
1054 1987 1098 2010 ex
1124 1975 1368 2021 lcieroglyPlcis
1394 1981 1429 2008 el*
1451 1973 1577 2020 myh'n's
1603 1976 1749 2009 deriva-

287 2039 364 2069 tam
392 2047 476 2069 essc
502 2035 696 2079 probabile
723 2031 786 2076 fit,
816 2036 949 2076 aliam,
978 2044 1138 2079 eamque
1165 2036 1388 2074 maximam,
1422 2043 1467 2065 cx
1493 2044 1616 2066 eorum
1640 2033 1748 2067 inler-

282 2092 509 2137 premiione:
535 2104 630 2138 quae
654 2094 736 2138 ipsa
763 2094 839 2126 alia
865 2092 1071 2135 anliquior,
1100 2093 1176 2125 alia
1201 2090 1380 2124 recentior
1407 2090 1499 2131 fuit3
1532 2089 1640 2123 huius
1671 2092 1749 2136 qui·

289 2150 374 2183 dem
407 2152 614 2183 auctoritas
647 2152 751 2184 nulla
785 2161 870 2184 esse
896 2155 1042 2194 potest,
1075 2150 1146 2182 nisi
1172 2159 1282 2194 quam
1315 2149 1459 2181 veritas
1488 2151 1554 2180 aut
1576 2149 1748 2191 proxima

285 2218 378 2240 vero
406 2207 653 2251 probabilitas
677 2209 788 2251 parit.
834 2207 977 2240 Similis
999 2208 1227 2251 religionum
1261 2206 1414 2240 fortuna
1442 2205 1559 2238 fuisse
1585 2205 1747 2248 videtur,

285 2265 348 2297 vix
375 2275 450 2296 uno
474 2264 557 2297 Ioco
583 2275 627 2296 ac
649 2269 819 2308 tempore
846 2271 1018 2297 natarum
1044 2269 1110 2297 aut
1138 2264 1185 2296 ab
1210 2275 1283 2297 uno
1308 2267 1463 2297 auctore
1491 2262 1749 2306 prosectarum

288 2325 355 2354 aut
389 2320 521 2354 eodem
553 2320 684 2353 habitu
710 2323 782 2354 sibi
809 2322 1076 2355 constantium.
1120 2322 1304 2354 Fcrorum
1333 2321 1439 2355 fuere
1472 2320 1517 2352 ab
1549 2321 1655 2354 initio
1683 2319 1746 2353 ho-

286 2379 429 2411 minum
455 2389 499 2411 ac
522 2379 770 2412 barbarorum
795 2389 1048 2412 convenarum
1073 2380 1364 2421 superstitiones
1389 2379 1586 2417 diversae,
1621 2378 1748 2410 varias

287 2445 351 2468 res
376 2436 447 2468 s1bi
472 2437 509 2468 in
531 2437 609 2469 vita
636 2436 786 2477 obvias,
813 2442 851 2470 et
875 2438 913 2469 in
941 2435 999 2469 his
1023 2437 1255 2477 animantia,
1280 2437 1542 2469 venerantium
1570 2438 1626 2476 (ut
1649 2437 1749 2469 solet

288 2492 452 2526 humano
485 2495 618 2537 generi
653 2495 767 2526 insita
794 2504 878 2527 esse
904 2495 1112 2526 necessitas
1139 2494 1265 2538 aliqua
1302 2494 1448 2526 colendi
1474 2494 1636 2537 aliquid,
1664 2504 1748 2537 par-

289 2551 356 2583 tim
389 2561 412 2583 a
444 2557 547 2583 metu
579 2552 715 2594 partim
753 2549 798 2583 ab
836 2551 1051 2594 cupiditatis
1086 2561 1198 2583 caeco
1241 2551 1383 2594 impetu
1428 2550 1626 2593 profecta).
1670 2550 1747 2584 Fac

289 2607 448 2640 subinde
481 2608 590 2640 illata
623 2618 708 2640 esse
737 2619 759 2641 a
791 2608 1031 2641 sacerdotum
1071 2608 1203 2641 ordine
1241 2618 1349 2640 sacra
1390 2618 1510 2649 nova,
1555 2612 1748 2642 exstructa

289 2665 451 2708 templa,
483 2675 600 2698 novos
625 2664 729 2698 Deos
761 2666 908 2709 publice
936 2666 1009 2698 coli
1042 2670 1216 2708 coeptos3
1258 2675 1338 2698 cum
1366 2664 1496 2707 populi
1527 2665 1628 2698 nulla
1659 2670 1750 2698 esset

288 2721 463 2759 institutio
488 2721 682 2766 religiosa,
715 2733 890 2755 mansere
915 2722 1036 2766 plebis
1068 2723 1359 2766 superstitiones
1385 2723 1485 2755 inter
1506 2723 1747 2756 sacerdotum

288 2779 507 2822 religiones.
558 2782 636 2813 iam
669 2791 751 2813 cum
788 2780 825 2813 hi
857 2780 926 2813 soli
952 2780 1085 2812 literas
1112 2780 1316 2821 haberent,
1352 2790 1509 2823 cumque
1543 2780 1644 2812 inter
1667 2778 1744 2812 hie-

289 2835 476 2880 rogiyplia
510 2839 625 2871 etiam
650 2837 897 2872 animantium
926 2837 1071 2871 formae
1096 2836 1234 2871 referri
1263 2838 1494 2882 coepissent:
1524 2836 1636 2870 facile
1661 2837 1746 2869 fieri
