1859 3326
339 204 426 245 1923
797 196 1179 241 AN-xoTATic
1204 197 1311 238 ms

336 308 599 364 Ἀριάσπας,
638 322 707 360 pro
731 323 806 360 quo
833 306 1128 363 'Aptpccicmaffi
1170 318 1331 360 utroque
1352 313 1455 348 enim
1475 310 1589 349 niodo
1607 309 1788 349 ‹liceban-
1834 321 1839 331 ‘

342 380 429 417 tur,
458 368 718 406 restituendos
747 379 853 417 esse,
884 380 964 405 non
995 367 1152 405 dubium
1175 375 1233 405 est
1261 368 1305 406 L.
1328 367 1532 406 Holstenio
1553 367 1604 405 ad
1623 367 1786 417 Stepha-

343 440 446 465 num.
479 426 614 463 Vl'uss.
767 468 779 476 ἢ

457 483 563 522 223.
589 482 631 520 4.
664 481 762 520 Τῶν
782 474 950 531 ὁμόρων
967 479 1051 518 τῶν
1072 498 1120 506 -·
1143 477 1412 532 Κεὸρωσιίυν]
1446 478 1503 517 Ita
1519 486 1673 531 gentem
1694 479 1791 516 solet

346 546 483 577 auctor
505 546 543 574 ct
563 539 761 587 regionem
773 533 1018 585 Kedowot'av
1041 535 1244 584 adpellare.
1272 535 1359 573 Vid.
1376 536 1445 573 inf.
1471 550 1551 585 cap.
1568 537 1669 576 104.
1690 542 1728 572 et
1749 535 1789 572 L.

348 595 489 632 xviri.
503 596 556 641 3.,
584 607 654 630 nec
680 593 864 629 dissensit
886 591 1103 628 Alexander
1118 591 1342 642 polyhistor
1359 593 1457 641 apud
1471 592 1666 642 Stephani„
1689 593 1787 641 quod

349 655 382 690 is
404 653 548 688 frustra
576 648 754 685 mendum
778 648 898 685 fuisse
919 649 1146 697 exemplaris
1175 650 1389 697 suspicatur
1408 649 1447 684 in
1474 649 1694 702 Γεδρωσία,
1721 646 1792 684 Ce-

348 711 422 744 teri
448 709 525 742 fvi-e
557 702 789 756 l'ed'Qmoluv
809 710 847 740 et
868 703 1126 753 Γεδρωσιόυς
1141 712 1297 752 vocant,
1323 707 1380 741 uti
1401 703 1557 752 Strabo,
1583 707 1648 752 qui
1667 703 1791 740 Dran-

349 766 409 815 gis
440 764 624 798 finitimos
658 759 852 808 perhibet,
893 759 934 796 IA-
954 759 1042 799 XV.
1065 774 1102 810 p.
1133 761 1267 802 1054.
1305 767 1343 797 et
1373 760 1521 797 Aelian.
1554 760 1600 797 de
1629 759 1794 797 Animal.

351 822 393 856 L.
422 818 546 855 XVII.
571 819 612 858 6.
648 817 768 867 lunge
793 814 844 855 H.
865 815 990 853 Valeo=
1017 816 1070 853 ad
1097 816 1289 855 Ammian.
1319 816 1363 854 L.
1383 815 1533 854 XXIII.
1558 818 1602 857 6.
1627 828 1666 866 p.
1684 817 1792 857 400.

348 876 484 913 wssss.
1695 917 1698 920 ψ

462 930 569 970 223.
604 928 675 968 14.
722 923 920 980 Ἐριγύιον
949 926 1017 967 καὶ
1047 923 1321 979 Στασάνορα]
1359 926 1486 966 Huius
1516 928 1602 966 loco
1631 926 1794 979 Erigyio

350 986 543 1024 Caranum
574 992 610 1022 et
636 985 732 1022 alios
763 984 980 1036 adiungunt
1002 983 1108 1022 Curt.
1129 985 1214 1024 Vll.
1240 986 1282 1025 3.
1305 987 1347 1025 2.
1368 992 1407 1023 et
1424 985 1612 1023 Arrianus
1634 985 1700 1022 ΠΙ.
1719 987 1796 1026 28.

351 1044 486 1082 VVEss.

465 1098 572 1138 223.
606 1097 681 1137 20.
719 1092 841 1149 Πρὸς
866 1099 957 1144 ταῖς
981 1091 1127 1136 {zazou
1149 1090 1270 1147 δέκα]
1301 1094 1422 1134 Deest
1439 1097 1520 1134 eius
1539 1108 1701 1143 nomen,
1733 1093 1800 1145 qui

352 1155 477 1194 stadio
498 1155 566 1191 hac
589 1154 816 1203 Olympiade
835 1155 959 1190 victor
978 1155 1106 1190 fuerat
1127 1156 1396 1198 renuntiatus,
1436 1153 1541 1203 quod
1569 1165 1616 1189 ex
1639 1151 1799 1190 Euseliii

351 1212 544 1248 Chronico
566 1212 620 1247 ita
636 1211 812 1257 restitue,
827 1207 922 1248 καθ’
946 1207 998 1261 ἣν
1020 1205 1190 1250 στάδιον
1208 1208 1321 1248 ἐνίκα
1341 1207 1508 1250 ,Κλίτων
1528 1203 1549 1248 ὃ
1572 1203 1798 1249 Μακεδών.

352 1268 486 1306 Wisss.

465 1322 571 1363 223.
595 1322 669 1362 22.
713 1316 1112 1374 Παροπαιιιισὰὃας]
1141 1319 1197 1358 Ut
1217 1327 1385 1358 montem
1408 1314 1709 1374 Παροπᾶνισον
1730 1333 1800 1359 ve-

354 1387 479 1417 terum
521 1381 650 1427 plures
683 1381 941 1426 scripserunt,
978 1380 1033 1415 ita
1061 1379 1214 1415 accolas
1246 1373 1628 1430 Παροπανισάδας,
1663 1377 1800 1415 Ptole-

356 1449 498 1480 maeus,
526 1434 747 1471 Ammianus
768 1434 1028 1480 Marcellinus,
1056 1433 1278 1471 Marcianus
1296 1433 1544 1471 Heracleotes
1573 1441 1688 1483 atque
1720 1436 1799 1470 alii.

355 1492 460 1530 Hinc
474 1493 539 1528 illa
560 1494 600 1528 in
616 1490 847 1528 membranis
866 1490 1058 1527 discordia
1078 1497 1116 1528 et
1134 1503 1227 1528 mox
1246 1500 1328 1539 cap.
1348 1492 1420 1531 83.
1441 1490 1538 1527 Vide
1550 1489 1799 1538 Theophsi-

356 1550 453 1599 gefr.
477 1547 667 1598 Bayerum
686 1546 789 1586 Hist.
813 1545 936 1598 Regu.
957 1545 1084 1585 Bactr.
1106 1560 1141 1597 p.
1166 1548 1254 1594 10„
1283 1549 1425 1585 montis
1445 1547 1561 1584 etiam
1582 1559 1723 1584 nomen
1749 1558 1799 1583 ex

355 1605 538 1642 Indorum
557 1616 730 1640 sermone
752 1605 1017 1653 explicantem.
1048 1603 1184 1640 YVESS.

471 1661 577 1700 223.
597 1660 673 1699 24.
707 1659 1022 1709 λἰονοβολεΐται
1043 1657 1088 1698 δὲ
1109 1661 1223 1698 πᾶσα
1242 1655 1334 1711 ete]
1359 1656 1449 1695 Non
1469 1657 1674 1696 dissimilia
1687 1657 1801 1696 Stra-
1848 1675 1851 1678 ·

357 1715 407 1754 bo
427 1716 469 1753 L.
482 1715 569 1755 XV.
592 1729 627 1765 p.
651 1716 786 1755 1055.
816 1723 854 1751 et
872 1715 972 1751 Plut.
996 1715 1042 1752 de
1062 1715 1171 1751 Alex.
1193 1712 1296 1752 Fort.
1317 1728 1352 1764 p.
1375 1715 1480 1755 340.
1502 1714 1564 1762 Ε.,
1586 1722 1625 1752 et
1644 1713 1798 1752 Curtius

355 1775 532 1822 inprimis
554 1772 596 1808 L.
617 1771 699 1808 Vll.
722 1772 762 1811 3.
803 1772 905 1815 Quin
927 1770 1020 1808 haec
1050 1774 1091 1808 in
1112 1778 1284 1820 tempora
1307 1771 1393 1807 Indi
1417 1771 1604 1820 quendam
1624 1771 1798 1821 Paropa-

355 1831 443 1867 misi
462 1829 646 1866 verticem
666 1840 735 1864 suo
757 1840 943 1875 sermone,
969 1827 1118 1877 Bayero
1140 1827 1229 1864 dict.
1251 1828 1334 1864 loco
1353 1834 1465 1873 teste,
1491 1834 1659 1865 montem
1674 1828 1798 1865 laomi-

355 1899 444 1923 num
462 1886 680 1936 perniciem
701 1884 907 1933 adpellant,
938 1886 1027 1933 quia
1047 1884 1200 1921 nivibus
1223 1885 1409 1933 oppletus,
1435 1896 1705 1933 saepenumero
1724 1886 1798 1921 iter

353 1942 539 1978 facientes
560 1941 767 1988 praecipiti
794 1953 923 1976 earum
952 1942 1050 1976 mole
1071 1941 1261 1989 opprimit.
1303 1939 1403 1976 Male
1424 1953 1515 1990 ergo
1538 1939 1797 1978 Philostratus

356 1997 402 2034 de
423 1998 498 2034 Vit.
519 1995 643 2044 Apoll.
665 1995 707 2031 L.
726 1995 772 2032 ll.
799 1997 870 2037 18.
895 1997 1023 2033 nivem
1045 2009 1193 2032 omnem
1214 2009 1235 2032 a
1253 1995 1513 2044 Parapamiso,
1544 1999 1640 2044 sive,
1664 2003 1707 2033 ut
1725 2009 1795 2033 vo-

355 2067 442 2091 care
469 2054 625 2099 maluit,
653 2050 849 2098 Caucaso,
878 2053 1102 2102 longissime
1129 2053 1327 2088 amolitur:
1367 2063 1439 2087 nec
1458 2053 1595 2088 melius
1625 2053 1797 2089 instituit

355 2110 601 2147 doctissimus
628 2107 683 2146 Io.
706 2106 877 2144 Clericus
890 2134 902 2153 ,
922 2110 962 2143 in
983 2105 1115 2144 Curtio
1136 2108 1183 2143 ob
1201 2106 1269 2143 has
1288 2108 1398 2143 nives
1417 2107 1584 2143 taxando
1612 2111 1797 2157 asperior,

353 2168 461 2202 cuius
483 2166 769 2200 criminationes
787 2166 820 2200 si
839 2163 1135 2213 diligentissime
1156 2168 1304 2199 retusas
1325 2163 1529 2210 desideres,
1553 2165 1709 2201 consule
1721 2164 1795 2201 Iac.

351 2220 596 2258 Perizoniuzn
626 2219 673 2256 ad
702 2219 851 2256 Aelian.
882 2218 970 2256 Var.
1002 2218 1104 2255 Hist.
1126 2218 1169 2255 L.
1198 2217 1290 2257 XII.
1315 2219 1387 2258 37.
1417 2220 1515 2257 etin
1541 2217 1646 2257 Curt.
1679 2219 1796 2258 Vind.

352 2291 388 2328 p.
414 2278 514 2318 120.
544 2287 648 2324 seqq.
678 2274 813 2312 WEss.
1754 2319 1756 2321 Ι
1808 2316 1811 2323 ¹

463 2333 570 2372 223.
591 2333 667 2371 28.
692 2328 761 2369 Ἐκ
781 2328 971 2368 πλίνθων
994 2350 1041 2358 -
1067 2322 1241 2380 ἐχούσας
1261 2324 1483 2383 καμάραν]
1515 2329 1667 2370 Mecum
1685 2334 1742 2370 ita
1762 2324 1796 2372 si

351 2389 654 2437 interpunxeris,
680 2388 787 2423 nulla
808 2388 1056 2424 innovatione
1078 2398 1173 2434 opus
1194 2387 1279 2423 erit.
1314 2385 1491 2434 Curtius,
1518 2385 1702 2426 Nostrum
1724 2402 1795 2426 ae·-

355 2447 545 2491 mulatus,
572 2445 756 2492 tuguria,
787 2443 935 2491 inquit,
964 2443 1092 2479 latere
1107 2443 1241 2492 primo
1263 2448 1434 2489 struunt,
1462 2450 1505 2480 et
1518 2446 1617 2494 quia
1628 2444 1793 2490 fertilis

355 2509 416 2538 est
431 2508 544 2538 terra
569 2500 787 2544 materiae,
834 2500 874 2534 in
895 2500 998 2535 nudo
1022 2501 1143 2535 etiam
1166 2501 1308 2536 montis
1328 2500 1445 2537 dorso
1468 2512 1592 2550 usque
1613 2502 1671 2538 ad
1688 2513 1793 2538 sum-

352 2572 453 2595 mum
481 2557 756 2602 aedificiorum
776 2554 997 2604 fastigium
1020 2555 1153 2592 eodem
1176 2556 1372 2592 laterculo
1397 2561 1575 2592 utuntur.
1609 2556 1790 2594 Ceterum

352 2621 560 2651 structura
589 2613 713 2649 latior
742 2610 790 2647 ab
818 2612 910 2656 imo,
942 2611 1158 2661 paullatim
1181 2613 1421 2648 incremento
1443 2614 1575 2662 operis
1595 2613 1634 2648 in
1657 2616 1790 2650 artius

353 2672 530 2720 cogitur,
568 2671 624 2706 acl
644 2668 819 2704 ultimam
840 2669 879 2703 in
902 2669 1066 2703 carinae
1086 2669 1256 2704 maxime
1277 2669 1430 2704 modum
1453 2669 1557 2704 coit:
1590 2667 1646 2704 ibi
1658 2668 1789 2715 fora-

350 2729 450 2763 mine
475 2727 615 2763 relicto
637 2734 805 2770 superne
825 2723 953 2760 lamen
976 2725 1183 2769 accipiant
1198 2726 1253 2762 ad
1269 2725 1450 2760 medium.
1493 2724 1598 2767 Quae
1620 2726 1787 2762 cultissi-

347 2795 409 2820 ma
429 2784 666 2832 tuguriorum
683 2779 887 2827 descriptio
908 2777 1005 2815 nihil
1026 2779 1227 2816 admodum
1249 2780 1441 2827 discrepat
1460 2779 1506 2816 ab
1522 2779 1722 2828 aedificiis,
1744 2782 1785 2817 in

342 2851 439 2888 quae
459 2835 712 2888 Saiiiogethae
738 2834 771 2873 T
774 2838 964 2884 artarique
986 2847 1071 2872 cum
1091 2837 1255 2874 maxime
1278 2848 1360 2873 sese
1388 2833 1558 2883 abdunt,
1589 2849 1674 2874 cum
1693 2850 1784 2873 cura
