1891 3310
291 128 356 170 ΙΝ
384 125 736 168 ΕΧΟΕΒΡὶΤΑ
767 125 850 167 DE
879 124 1046 174 vtR'r.
1073 126 1155 166 ET
1185 127 1306 168 V1T.
1433 132 1531 175 ⁴463

82 242 209 281 Siculi
227 242 503 293 persei-ipset·
497 268 525 291 ,
553 247 597 280 ut
614 242 673 280 ait
690 238 888 279 Diodorus
916 240 982 278 lib
992 238 1109 280 ΧΧΙ
1136 239 1346 280 Laudatur
1365 255 1388 280 a
1404 242 1532 283 Scho-

80 302 191 347 liaste
221 301 415 351 Apollonii
445 300 508 336 li
519 297 600 336 ΙΙΙ.
631 299 779 350 Argon.
809 298 948 345 initio,
983 296 1173 343 Καλλίας
1202 296 1245 337 ἐν
1268 293 1429 338 δεκάται
1440 303 1530 340 τῶν

79 356 170 409 περὶ
195 354 273 409 'A7
274 353 483 396 αθοκλεά.
521 361 559 392 et
590 367 612 392 a
639 354 754 392 Festo
769 354 986 423 Pompeio'
975 366 1016 391 m
1036 367 1073 392 v.
1111 351 1257 402 Roma,
1286 361 1324 392 et
1343 356 1389 393 ab
1410 356 1532 394 Athe-

77 425 174 450 naeo
195 414 260 450 lib.
260 373 363 452 7Xll.
390 414 460 453 11.
493 410 587 450 Ka)
591 410 715 458 λιάς
697 426 739 450 εν
760 405 885 464 ὀγδόῃ
904 412 988 450 τῶν
1008 409 1099 463 περὶ
1114 407 1386 463 Ἀγαθοκλέα.
1417 413 1530 450 deni-

77 482 150 519 que
168 483 190 507 a
210 469 406 507 Macrobio
427 471 468 505 in
488 468 552 505 lib.
567 467 611 505 V.
637 467 798 506 Saturn.
817 481 899 516 cap.
916 468 986 508 19.
1019 467 1168 505 varas.
1215 465 1274 505 De
1287 466 1408 505 Callia
1434 470 1530 507 benc

80 526 267 564 Valesius.
315 524 361 562 Si
393 531 521 562 tamen
549 525 659 572 plura
689 527 810 570 velis,
855 524 902 562 G.
931 524 985 561 lo.
1021 523 1224 561 Vossium
1254 523 1360 564 Hist.
1390 523 1528 562 Graec.

76 581 120 621 L.
136 583 164 621 1.
203 585 268 623 ll.
298 583 378 618 noli
413 582 623 632 negligere.
690 580 834 619 Reddit
864 580 1036 619 eiusdem
1056 593 1205 618 nomen
1234 579 1404 632 Scymno
1432 581 1529 619 Chio

77 653 112 677 v
134 639 235 680 125.
255 640 317 676 vir
340 651 525 688 magnus,
555 639 686 675 nescio
706 651 755 675 an
775 639 887 677 male.
949 638 1092 676 WESS.

190 696 295 735 561.
330 695 400 733 53.
438 691 529 733 Οτι
561 691 599 734 οἳ
628 689 915 747 μισθοᾳυροι]
963 693 1238 742 Mamertinos,
1274 706 1438 744 nequam
1459 692 1531 733 ho·-

74 753 219 798 mines,
249 764 353 798 esse,
381 764 430 788 ex
448 749 583 802 Eclog.
603 752 674 791 13.
709 750 876 789 L.XX1.
903 751 1066 788 videbis.
1122 751 1258 789 WEss.

190 809 294 848 561.
327 809 400 848 60.
456 804 779 858 Φυλαττομὲνου
819 806 875 853 εἷς
914 804 1112 857 Πέλλαν]
1172 807 1262 845 Non
1293 807 1435 844 oblitus
1471 813 1530 845 est

72 863 301 901 Plutarchus
324 864 369 900 de
392 863 621 913 Lysimacho
641 877 876 910 memorare,
915 861 1101 911 Seleuco,
1131 871 1174 900 ut
1190 863 1428 901 Demetrium
1464 878 1529 901 oc-

74 921 239 969 cideret,
279 933 346 970 per
362 921 509 971 legatos
530 923 726 971 ingentem
744 922 944 968 pecuniam
973 919 1180 966 offerente,
1217 927 1256 957 at
1290 920 1530 959 Demetrium

70 990 149 1013 non
180 976 330 1024 Pellae,
371 976 437 1013 sed
467 979 508 1014 in
539 976 778 1013 Chersoneso
800 975 939 1026 Syriae
971 983 1208 1013 asservatum
1239 977 1417 1015 adfirmat
1448 977 1526 1015 vit.

73 1033 221 1069 Demct.
250 1046 285 1082 p.
311 1034 439 1080 9143
496 1045 566 1070 nec
597 1040 746 1084 purrnat
789 1040 917 1070 tamen
949 1035 1216 1070 contrariusve
1247 1033 1419 1071 Diodoro
1448 1041 1528 1072 est:

71 1091 201 1127 eadem
223 1092 325 1126 enim
344 1091 433 1126 urbs
455 1088 729 1127 Chersonesus
737 1089 896 1140 Syriae,
934 1090 1040 1126 Pella
1059 1096 1098 1125 et
1118 1089 1297 1139 Apamea.
1362 1090 1530 1139 Stepha-

66 1159 144 1183 nus
165 1147 210 1182 de
231 1145 400 1194 Apamea
421 1145 581 1197 Syriae,
617 1141 775 1198 ἐκῖήθη
797 1161 865 1184 και
890 1146 953 1185 Xe
937 1140 1163 1199 ερυόνησος
1192 1143 1271 1185 ἀπὸ
1299 1149 1374 1199 τῆς
1393 1162 1529 1196 περιο-

65 1205 145 1254 χῆς
171 1204 254 1241 τῶν
282 1198 447 1241 ὑδατωι
457 1230 468 1249 ,
511 1218 580 1241 και
610 1203 756 1242 He‘ma.
787 1199 867 1242 ἀπὸ
902 1205 976 1253 τῆς
1011 1200 1054 1241 ἓν
1084 1203 1346 1242 Μακεὸοιία.
1390 1204 1528 1254 quibus

67 1260 236 1310 gemina,
262 1262 323 1297 uti
343 1259 420 1298 viri
438 1259 543 1296 docti
564 1265 770 1307 noverunt,
797 1258 1023 1297 Eustathius
1044 1259 1093 1297 ad
1107 1245 1345 1311 Dionysium
1366 1274 1405 1300 v.
1421 1262 1528 1302 918·

64 1316 203 1355 Wssss.

184 1372 289 1412 562.
322 1372 396 1412 73.
431 1366 506 1420 (Ως
543 1368 605 1411 ἂν
631 1367 912 1424 γεγαμηκότος
950 1369 1082 1412 αὐτοῦ
1116 1372 1401 1426 Στρατονίκην
1434 1373 1527 1424 etc.]

69 1427 114 1466 Id
141 1429 297 1476 quidem
321 1442 468 1466 verum.
518 1428 596 1467 Sed
627 1428 830 1467 Seleucum
858 1431 958 1467 serio
985 1430 1174 1480 cogitasse
1193 1429 1243 1466 de
1264 1429 1464 1468 Demetrio
1486 1433 1529 1468 in

70 1483 321 1522 Macedoniae
341 1498 503 1537 regnum
522 1478 763 1523 restituendo
783 1487 922 1524 merito
944 1486 1108 1524 dubites.
1156 1487 1252 1525 Vide
1272 1489 1401 1539 potius
1422 1488 1528 1526 Plut.

65 1539 218 1579 Demet.
240 1543 396 1590 p.914.
421 1549 460 1579 et
479 1554 584 1593 seqq.
643 1542 784 1581 WEss.

181 1599 286 1639 562.
319 1600 391 1639 76.
422 1595 515 1638 ‘'Ou
542 1598 599 1646 εἷς
627 1596 674 1641 τὸ
701 1594 863 1653 Ῥήγιον
893 1593 1135 1653 ἀπεστάλη]
1191 1598 1289 1638 Vide
1314 1597 1451 1652 Eclog.
1483 1602 1527 1641 2.

62 1654 131 1695 lib.
143 1653 281 1694 ΧΧΙΙ.
310 1656 466 1706 p.494.
523 1656 658 1694 Wssss.

180 1712 285 1752 562.
319 1715 392 1753 88.
432 1707 839 1765 Ἐξαργυρισάμενος
867 1709 942 1758 τὰς
971 1714 1055 1752 τῶν
1090 1732 1138 1741 --
1170 1707 1363 1764 κτήσεις]
1412 1710 1525 1751 Conf.

64 1769 192 1806 virum
212 1770 328 1819 longe
350 1769 611 1807 doctissimum
633 1769 681 1807 ad
700 1767 951 1818 Xenophont.
972 1768 1113 1817 Ephes.
1137 1770 1178 1806 in
1200 1768 1414 1806 Miscellan.
1445 1769 1528 1806 Ob-

67 1831 208 1862 servat.
236 1824 321 1861 Vol.
333 1824 378 1862 V.
401 1838 434 1874 p.
452 1827 524 1866 54.
583 1825 738 1863 Tritum
759 1826 918 1863 verbum
938 1832 996 1862 est
1017 1825 1063 1862 de
1083 1826 1221 1872 rebus,
1249 1837 1345 1873 quae
1364 1833 1526 1877 argento

67 1887 345 1929 permutantur.
382 1880 564 1920 Parthen.
577 1882 724 1920 Erotic.
745 1895 826 1931 cap.
842 1885 880 1923 8.
907 1877 927 1921 ὃ
943 1877 1118 1928 Ξάνθος
1138 1880 1432 1934 ἕξηργιρίσατο
1453 1880 1527 1933 μέ-

67 1951 141 1988 ρος
171 1939 255 1977 τῶν
283 1933 567 1990 υπαργμάτων
595 1937 664 1978 καὶ
692 1934 1110 1988 κατασκευασάμενος
1142 1940 1327 1990 χρυσοῦς
1352 1938 1525 1988 χ77ιὀυς.

66 1994 111 2030 ln
124 1993 287 2044 Polybio
300 1995 482 2045 Excerpt.
501 2009 536 2063 p.
555 1997 688 2036 1466
717 1994 1003 2045 extorquendae
1024 1997 1208 2042 pecuniae
1228 1997 1309 2032 vim
1329 1998 1524 2044 exprimit,

64 2048 201 2102 ἐπειδη
232 2048 276 2089 δὲ
305 2046 464 2098 πάντας
496 2051 766 2105 εςηογυρισαι
770 2066 814 2090 το
845 2047 951 2090 κατὰ
979 2048 1026 2090 τὸ
1059 2048 1263 2097 δυνατὸν,
1309 2059 1526 2103 postquam

66 2119 197 2144 omnes
225 2119 304 2158 pro
335 2110 450 2146 virili
475 2111 707 2161 spoliarant
728 2109 915 2161 pecunia.
972 2107 1025 2144 Et
1059 2107 1207 2156 loseph.
1238 2107 1329 2145 Ant.
1362 2108 1444 2145 lud.
1480 2109 1523 2146 Ι..

64 2163 175 2201 XIV·
200 2164 270 2203 14.
292 2166 333 2204 6.
363 2162 642 2217 ἀποχοώντως
662 2163 938 2218 ἠργυρισαντο
963 2161 1037 2204 τὸν
1071 2161 1333 2217 Ἀντίγονοιω
1385 2165 1525 2214 quibus

66 2221 221 2272 gemina
242 2220 284 2260 L.
301 2221 329 2259 Ι.
352 2221 451 2259 Belli
472 2222 557 2259 lud
580 2235 662 2272 cap.
686 2224 755 2263 15.
776 2224 820 2261 2.
881 2221 1019 2258 VVESS.

181 2277 284 2317 562.
329 2272 645 2324 LAndvrcov
685 2275 902 2332 (ἕτοᾲιων)
942 2274 1075 2317 ὄντων
1113 2273 1219 2330 πρὸς
1259 2270 1521 2330 ἀπόστασιν]

66 2331 246 2370 Secunda
276 2347 356 2372 vox
384 2334 538 2373 Valesio
569 2336 751 2383 debetur,
787 2346 883 2384 quae
913 2336 945 2370 si
967 2334 1140 2380 abesset,
1171 2337 1365 2371 sententia
1390 2336 1524 2374 eadem

63 2390 178 2429 foret.
237 2385 355 2430 Εἶναι
377 2388 481 2442 πρός
499 2407 537 2431 τι
561 2395 624 2431 vel
642 2389 746 2446 πρός
769 2406 846 2430 ‘ctu
871 2391 1074 2437 dicuntur,
1107 2392 1171 2438 qui
1193 2391 1250 2427 illi
1271 2392 1329 2426 rei
1352 2391 1521 2431 student.

63 2444 185 2499 Προς
205 2443 418 2501 &guffvozg'
398 2464 449 2500 ην
471 2448 703 2487 Heliodorus
724 2448 766 2487 L.
783 2447 835 2485 X.
859 2462 892 2499 p.
912 2448 1016 2487 509
1031 2473 1043 2493 .,
1084 2444 1188 2499 πρὸς
1220 2444 1361 2493 ἄλὶοις
1387 2448 1524 2498 μείζο-

67 2516 131 2541 σιν
155 2500 211 2543 ὢν
235 2503 431 2544 κατέλυσε
452 2503 525 2545 τὸν
544 2505 638 2555 βίον
659 2505 799 2544 Strabo
824 2505 866 2543 L.
880 2504 932 2541 Χ.
952 2517 988 2553 p.
1003 2504 1094 2543 699
1120 2510 1193 2540 etc.
1249 2502 1387 2539 XVEss.

182 2561 285 2601 562.
315 2561 358 2600 4.
396 2558 487 2601 ‘'O-ct
519 2563 784 2612 Πτολεμαῖος
811 2556 831 2600 ὃ
864 2558 959 2612 etc.]
1007 2559 1083 2596 Hic
1106 2566 1165 2596 est
1186 2559 1427 2597 Ptolemaeus
1450 2557 1521 2596 Ce-

65 2627 234 2663 raunus,
263 2619 473 2656 Ptolemaei
494 2619 588 2669 Lagi
608 2618 731 2665 filius,
762 2620 827 2666 qui
849 2620 976 2654 occiso
997 2615 1160 2654 Seleuco
1181 2629 1249 2653 rex
1271 2615 1520 2654 Macedoniae

67 2672 113 2708 ab
137 2677 309 2712 exercitu
332 2675 547 2712 declaratus
567 2683 625 2712 est
644 2674 933 2726 Lysimachiae,
974 2685 1134 2721 cumque
1163 2673 1359 2710 biennium
1380 2686 1520 2723 magna

68 2741 152 2766 cum
173 2731 397 2770 crudelitate
417 2739 630 2784 regnasset,
653 2732 808 2768 tandem
828 2744 850 2768 a
872 2731 997 2768 Gallis
1015 2733 1099 2767 acie
1121 2737 1319 2779 superatus
1341 2742 1385 2766 ac
1408 2730 1519 2766 foede

68 2791 270 2826 truncatus
301 2796 360 2827 est
385 2789 616 2841 Olympiade
633 2798 779 2828 cxxlv.
808 2801 912 2826 anno
933 2787 990 2831 4.,
1006 2799 1086 2825 non
1105 2794 1232 2825 autem
1252 2788 1294 2826 2.
1325 2792 1368 2823 ut
1387 2799 1519 2837 perpe-
