1891 3310
490 175 554 215 IN
585 174 701 214 LIB.
729 174 832 216 XV.
861 173 1247 220 CAP.12.-14.
1534 181 1588 223 11

129 297 337 330 correctus.
376 288 523 328 Urbem
544 288 679 327 habuit
701 289 994 340 cognominem,
1023 301 1136 339 quam
1157 288 1326 328 Romani
1354 291 1401 330 ob
1424 293 1592 344 insigni-

129 356 209 386 tam
237 347 428 384 Demetrii
457 346 589 384 Pharii
614 347 838 397 perfidiam,
876 348 960 384 solo
988 354 1205 396 aequarunt
1243 348 1345 398 apud
1375 348 1592 400 Appianum

129 405 240 456 lllyr.
265 418 300 454 p.
323 405 362 444 5.
382 403 440 440 ed.
461 402 669 442 Hoeschel.
699 403 840 440 VVESS.

245 461 315 501 13.
346 462 420 501 81.
452 457 543 511 Τὴν
566 457 882 511 ὀνομαζομένην
898 456 1086 512 Λισσόν]
1115 458 1205 500 Vid.
1229 467 1308 498 not.
1330 460 1378 498 ad
1400 460 1594 501 Hieroclis

131 514 363 568 Synecdem.
394 529 431 565 p
453 517 560 557 656.
588 515 803 567 Dionysius
821 517 890 553 sub
911 516 1013 553 idem
1039 524 1186 566 tempus
1206 519 1247 554 in
1270 521 1444 567 opposita
1468 522 1595 556 conti-

130 581 247 611 nente
268 574 401 611 urbem
422 573 580 611 Adriam
600 576 682 611 sive
704 572 889 610 Hadriam
909 573 1096 611 condidit.
1127 573 1405 641 Εῒγηιοίοβιιετ
1426 571 1595 645 Ἀὸριας

129 627 178 669 τὰ
199 628 272 669 πέ)
263 645 328 683 α)
331 645 389 677 ος.
428 626 654 676 Διονύσιος
675 628 863 676 §manag
893 625 1120 680 τύραννος,
1155 627 1201 676 ὃς
1232 625 1434 698 πρότερον
1459 630 1522 700 ἐπὶ
1545 634 1597 687 τῇ

127 683 374 738 Ὀλυμπιάδι
398 682 550 726 πόλίν
538 684 692 726 ἔκτισεν
713 683 884 739 Ἀδρίαν
912 685 954 725 ἓν
987 689 1046 726 τῶ
1070 684 1225 726 Ἰοιικῶ
1255 683 1328 726 κό)
1333 703 1420 742 πω,
1450 685 1520 741 ἀφ’
1545 688 1596 741 ἧς

131 742 200 783 καὶ
221 741 267 783 τὸ
291 742 468 796 πέλαγος
480 741 649 795 Ἀὸριας
671 744 867 782 καλεῖται.
897 743 1213 782 Annusincertus
1235 750 1313 782 est:
1332 744 1477 782 excidit
1495 747 1598 784 enim

133 813 184 843 ex
201 799 427 851 Etymologi
450 800 589 839 verbis.
619 799 727 838 Satis
750 807 878 838 tamen
899 813 948 837 ex
968 813 1098 838 rerum
1118 800 1219 850 apud
1240 800 1426 838 Nostrum
1447 815 1599 840 succes-

133 857 244 895 sione
266 859 447 908 adparet,
477 858 524 894 ab
544 855 701 907 Olymp.
718 867 866 895 xcvm.
896 870 975 894 non
996 859 1160 895 multum
1180 858 1338 895 afuisse.
1373 858 1511 898 WVESS.

251 915 324 956 13.
352 915 425 955 83.
453 909 744 953 Κατεσκεύασε
764 910 914 966 νεώρια
926 911 1022 966 etc.]
1058 914 1200 951 Omnia
1221 914 1314 952 haec
1334 917 1491 952 omnino
1511 928 1600 964 per-

133 972 262 1008 tinent
279 971 494 1021 referrique
514 970 563 1007 ad
582 970 716 1008 urbem
735 969 1022 1021 Syracusanam
1040 971 1196 1011 debent.
1225 970 1268 1009 ld
1288 980 1439 1023 praeter
1458 972 1602 1012 flumen

134 1026 336 1078 Anapum,
362 1027 464 1077 quod
487 1039 604 1078 prope
626 1025 843 1078 Syracusas
867 1028 1090 1075 labebatur,
1117 1028 1285 1066 ambitus
1305 1029 1435 1076 urbis,
1461 1032 1602 1069 ceteris

135 1084 278 1123 Graeci
296 1086 466 1123 nominis
486 1084 638 1135 oppidis
658 1085 775 1136 longe
798 1086 984 1133 amplior,
1013 1085 1172 1122 suadet:
1203 1099 1292 1123 nam
1312 1084 1423 1123 Lisso
1443 1087 1602 1126 minime

136 1144 336 1179 convenit.
374 1140 493 1178 Aliud
524 1148 652 1178 tamen
681 1143 836 1180 censuit
860 1141 1109 1180 doctissimus
1128 1140 1318 1180 Cellarius
1339 1141 1484 1195 Geogr.
1504 1143 1600 1186 Ant.

136 1197 182 1237 L.
215 1197 266 1236 ΙΙ
291 1202 332 1239 8.
361 1212 397 1248 p
422 1199 530 1239 618.
564 1197 703 1235 Wnss.

256 1257 328 1296 13.
360 1256 435 1295 93.
472 1250 662 1301 Λεύκιος
695 1250 924 1307 Οὖαλεριος
949 1251 1018 1294 καὶ
1051 1247 1201 1302 Αυλος
1228 1249 1453 1307 Μάλλιος]
1496 1255 1606 1296 Fasti

137 1310 295 1350 Liviani
324 1312 418 1350 dant
446 1310 537 1348 huic
563 1325 667 1349 anno
699 1312 877 1349 tribunos
904 1313 1070 1350 militum
1097 1313 1294 1350 consulari
1324 1320 1537 1362 potestate,
1567 1321 1606 1352 et

139 1370 257 1420 longe
279 1368 433 1418 quidem
454 1370 564 1406 alios.
598 1368 728 1406 Paene
759 1371 935 1418 suspicor
965 1372 1006 1406 in
1028 1368 1173 1416 Fastis,
1201 1381 1297 1418 quos
1319 1369 1515 1408 Diodorus
1536 1371 1607 1409 lna-

139 1426 249 1473 buit,
281 1439 412 1463 errore
443 1426 608 1475 quodam
638 1425 708 1463 hos
730 1427 910 1462 consules
938 1439 1022 1462 esse
1050 1429 1249 1476 repetitos.
1296 1426 1424 1464 Habet
1452 1429 1607 1468 eosdem

140 1482 186 1522 L.
204 1483 313 1520 XiV.
330 1484 435 1524 103.
459 1489 497 1519 et
517 1482 769 1520 succedentes
789 1482 925 1519 itidem
946 1482 990 1520 L.
1009 1482 1192 1520 Lucretio
1212 1490 1249 1520 et
1269 1483 1409 1522 Servio
1430 1483 1606 1535 Sulpicio

142 1553 175 1576 e.
197 1541 272 1580 99.
311 1539 539 1589 Sequuntur
566 1539 719 1576 eosdem
750 1552 783 1576 o.
817 1541 921 1580 107.
959 1539 1110 1576 tribuni
1135 1541 1329 1588 militum,
1366 1553 1462 1590 quos
1493 1541 1607 1580 huius

143 1597 235 1634 libri
254 1611 288 1636 c.
318 1599 337 1637 1
351 1597 391 1636 5.
415 1595 596 1646 reperies.
635 1597 744 1642 Quae
765 1597 920 1644 quidem
942 1603 1049 1634 certo
1068 1597 1252 1635 videntur
1271 1611 1354 1635 esse
1373 1599 1535 1647 indicio,
1565 1601 1608 1637 in

143 1652 312 1692 Diodori
328 1653 456 1690 Fastis
472 1653 811 1703 perturbatissima
842 1655 974 1691 onmia
990 1654 1125 1693 fuisse.
1156 1654 1295 1694 WEss.

260 1711 332 1751 13.
367 1710 443 1750 95.
480 1708 625 1749 Δι’κων
648 1706 962 1763 Συρακούσιος]
1002 1709 1127 1747 Domo
1149 1712 1226 1748 fuit
1245 1710 1517 1759 CauloniateS,
1543 1711 1613 1749 sed

144 1769 328 1818 praemiis
347 1773 591 1817 expugnatus
603 1765 893 1817 Syracusanum
916 1780 956 1803 se
978 1766 1158 1817 deinceps
1178 1767 1365 1816 adpellari
1384 1782 1518 1818 passus
1539 1776 1611 1808 est.

148 1824 348 1861 Victorias
374 1824 590 1872 reportavit
619 1825 742 1860 sacris
778 1825 820 1860 in
851 1824 1128 1861 certaminibus
1160 1826 1311 1873 plures,
1351 1825 1564 1874 descriptas
1591 1839 1616 1863 a

148 1881 342 1919 Pausania
361 1879 403 1916 L.
427 1878 493 1916 Vl.
516 1880 558 1919 3.
591 1891 629 1928 p.
652 1879 764 1920 459.
801 1886 841 1917 et
868 1879 942 1917 hoc
969 1882 1264 1932 epigrammate,
1294 1882 1485 1932 necdum,
1512 1882 1616 1933 quod

150 1940 292 1985 sciam,
320 1937 445 1973 edito.

318 1992 417 2043 Εἶμὶ
438 1991 583 2032 Λικων
602 1988 695 2039 υἱὸς
713 1989 1054 2061 Καλλιμβρότου
1085 2009 1221 2048 αυταρ
1242 1992 1386 2035 ἐνίκων

323 2045 564 2100 Τετράκις
546 2063 588 2087 ἑν
610 2047 777 2105 Νεμέα,
806 2049 869 2096 δὶς
889 2046 1119 2102 Ὀλυμπια,
1145 2048 1313 2091 πεντάκι
1333 2053 1497 2100 Πυθοῖ,

387 2105 490 2157 Τρις
513 2102 549 2144 ὁ
579 2090 764 2161 'Io-Quin,
785 2108 979 2160 στεφανῶ
1003 2105 1039 2146 (5¹
1064 2104 1169 2147 ἄστυ
1192 2108 1478 2161 Συρακοσιων.

151 2162 237 2201 Hoc
269 2170 399 2200 tamen
428 2162 661 2200 Pausaniam
694 2165 799 2200 inter
828 2170 868 2200 et
896 2166 1185 2215 epigrammatis
1213 2173 1411 2204 auctorem
1440 2169 1620 2214 interest,

154 2221 257 2270 quod
274 2222 333 2258 illi
350 2218 496 2260 Δι’κων
524 2221 578 2257 sit
596 2215 916 2289 Καλὶιβρότου,
948 2223 1212 2272 victoriasque
1240 2223 1449 2261 abstulisse
1469 2223 1621 2261 dicatur

149 2274 406 2328 Ὀλυμπικὰς
423 2274 528 2328 μίαν
557 2273 632 2328 μὲν
665 2274 707 2315 ἓν
736 2277 878 2325 παισὶ,
909 2273 984 2318 δυο
1022 2274 1066 2317 δ’
1100 2275 1232 2326 &mag
1261 2274 1440 2331 ἀνδρῶν.
1488 2279 1622 2329 Itaque

156 2337 198 2372 in
217 2334 410 2371 Pausania
429 2332 574 2373 Δι’κων
597 2329 949 2386 Καλλιμβρότου,
976 2341 1016 2372 et
1043 2336 1086 2372 in
1104 2338 1392 2387 epigrammatis
1421 2350 1537 2375 versu
1558 2350 1624 2374 se-

157 2391 284 2429 cundo
305 2390 394 2444 τρὶς
418 2385 626 2441 Ὀλύμπια
655 2390 824 2429 fortasse
843 2393 966 2430 satius
994 2393 1071 2430 erit
1101 2393 1293 2442 scribere,
1314 2401 1357 2431 ut
1378 2396 1453 2432 iste
1474 2394 1625 2432 dissen-

159 2461 224 2486 sus
245 2449 420 2486 tollatur
447 2446 588 2485 Wssss

278 2505 352 2545 14.
390 2500 487 2544 12.’
488 2500 622 2554 Εχων
642 2498 822 2556 τριήρεις
839 2500 1068 2557 εξήκοντα]
1097 2503 1261 2545 Centum
1283 2507 1504 2545 triremibus
1524 2506 1624 2546 hanc

160 2561 397 2612 Dionysium
423 2560 709 2610 expeditionem
740 2563 962 2613 ingressum
990 2563 1135 2611 fuisse,
1162 2563 1384 2602 Aristotelis
1413 2565 1624 2601 Oeconom.

161 2618 206 2656 L.
228 2617 276 2656 ΙΙ.
297 2630 332 2667 p.
355 2618 462 2658 689.
483 2617 542 2654 ed.
574 2616 638 2654 Du
659 2618 759 2655 Vall.
778 2625 817 2656 et
835 2619 1022 2670 Polyaen.
1045 2618 1167 2658 Strat.
1188 2621 1234 2658 V.
1254 2623 1298 2662 2.
1313 2623 1388 2661 21.
1416 2623 1625 2659 memoriae

163 2675 462 2713 mandaverunt.
500 2672 646 2712 Caussa
669 2682 752 2713 erat
772 2677 955 2726 speciosa.
991 2675 1184 2715 Piraticae
1211 2678 1418 2715 studebant
1438 2677 1559 2715 Tusci
1581 2690 1627 2715 eo

166 2740 337 2783 tempore
352 2759 366 2779 ,
391 2743 615 2779 arcemque,
640 2732 745 2769 unde
766 2739 1031 2782 erumperent,
1061 2733 1219 2786 Pyrgos
1246 2736 1433 2786 legerant.
1464 2733 1628 2773 Servius

170 2795 387 2840 opportune
409 2790 452 2825 in
475 2788 570 2826 Aen.
594 2786 650 2825 X.
674 2789 778 2830 184.
817 2789 894 2827 hoc
922 2791 1130 2830 castellam
1158 2789 1320 2845 (Pyrgi)
1349 2792 1630 2830 nobilissimum

164 2847 260 2895 fuit
291 2858 336 2884 eo
372 2850 570 2897 tempore,
595 2856 670 2897 quo
709 2845 829 2885 Tusci
845 2848 1074 2900 piraticam
1103 2855 1395 2888 exercuerunt:
1428 2861 1521 2887 nam
1548 2849 1634 2888 illic
