1891 3310
395 202 460 244 IN
489 201 606 243 LIB.
628 201 765 243 XIX.
797 198 1192 245 GAP.²‘7‘T.ss-79.
1446 208 1539 251 313

79 318 159 356 tior
185 324 244 356 est
263 311 378 367 atque
406 317 518 355 omni·
532 315 759 355 schedarum
779 323 954 355 veterum
974 317 1192 365 patrocinio
1215 314 1352 355 caret.
1375 316 1537 359 Res'se-

81 377 163 413 cius
184 376 226 414 in
241 373 297 411 H.
312 373 501 423 Stephani
520 373 909 423 hal›et²‘expositione,
936 375 997 411 cui
1016 379 1056 409 et
1065 371 1185 410 Codd.
1207 377 1419 412 auctoritas
1441 390 1538 426 pon-

79 430 151 469 dus
170 430 308 479 addit,'
333 437 372 468 et
391 428 628 468 Graecorum
647 441 759 479 saepe
780 442 828 467 ex
852 442 925 467 usu
945 429 1123 467 ordinem
1150 430 1356 469 verborum
1379 435 1539 471 varian-

77 491 174 526 tium
193 486 443 524 consuetudo.
485 485 597 523 Illam
615 499 708 538 ergo
727 488 960 538 amplector,
988 491 1118 523 cetera
1136 487 1276 526 lectori
1295 488 1450 540 integra
1471 502 1537 527 re-

75 543 272 594 linquens.
295 543 432 581 VVESS.

117 609 119 617 '
191 601 298 640 379.
333 599 403 642 15.
445 595 738 650 Πλείσταρχον
753 595 829 649 μὲν
851 594 1046 638 ἀπέλιπεν
1065 595 1129 636 ἐπὶ
1146 598 1223 650 τῆς
1243 619 1291 627 -
1312 599 1536 653 φρουρᾶς]

79 654 288 694 Cassandri
311 656 432 693 frater
461 653 714 692 Plistarclms
744 656 841 702 fuit,
874 655 920 692 de
948 667 1024 707 quo
1044 655 1256 693 Pausanias
1278 653 1322 694 L.
1343 655 1376 695 Ι.
1402 657 1473 698 15.
1497 662 1537 695 et

76 709 181 750 Plut.
199 712 370 750 Demetr.
393 724 429 761 p.
449 711 559 762 903.
575 712 697 760 plura.-
727 710 865 748 Wess.

192 770 300 809 379.
325 768 399 808 31.
437 764 621 807 Alemone
644 788 694 795 —
716 765 822 806 κατὰ
844 762 963 806 πόλιν
987 764 1044 813 εἷς
1066 763 1144 819 τὴν
1163 766 1414 819 χειμασίαν]
1445 767 1536 806 Vid.

77 825 128 864 ad
148 825 192 863 L.
211 824 301 864 XV.
319 825 391 865 38.
421 822 527 861 Novi
544 823 662 872 probe
673 823 795 860 illust.
815 822 1007 874 Scaligeri
1027 823 1224 861 decretum
1243 826 1284 862 in
1304 825 1388 862 Act.
1413 825 1534 864 Liter.

79 879 395 919 Schurzsseischii
415 892 449 928 p.
464 881 556 925 277
573 880 675 928 quod
696 880 884 916 sermonis
903 893 976 916 usu
996 892 1076 916 non
1094 879 1240 917 firmari
1257 881 1537 920 animadverto.

76 932 178 976 Eece
197 938 269 974 tibi
289 936 494 986 Polybium
517 934 695 984 Excerpt.
716 948 751 984 p.
776 936 911 976 1421.
932 932 1008 974 σὺν
1030 933 1074 975 δὲ
1098 932 1262 983 τούτοις
1280 937 1348 976 καὶ
1371 937 1537 985 πλείους

75 990 240 1045 ἑτέρους
259 991 535 1044 ἒξηρίθμηται
557 991 736 1030 ΚΑΤΑ
756 991 969 1031 ΠΟΛῙΝ
984 987 1212 1042 ὀνομάζων.
1242 994 1308 1030 ubi
1330 991 1437 1033 κατὰ
1460 990 1537 1033 πό-

74 1051 148 1095 λιν,
173 1051 273 1086 eitra
302 1049 607 1086 controversiam
635 1055 693 1085 est
713 1061 764 1085 ea:
788 1049 958 1097 singulis
992 1049 1157 1116 oppidis.
1191 1048 1300 1086 Adde
1322 1049 1471 1099 Ioseph.
1491 1050 1537 1088 L.

75 1105 126 1143 11.
157 1104 201 1142 Β
234 1105 264 1143 1.
296 1117 377 1154 cap.
408 1105 480 1145 10
512 1105 554 1144 3.
604 1099 773 1144 πάντων
800 1101 879 1171 γὰρ
911 1105 997 1144 τῶν
1026 1099 1369 1171 υποτεταγμένιιψ
1398 1105 1537 1146 ἐθνῶν

74 1162 255 1211 ΚΑΤΑ
284 1160 497 1202 HOAIN
521 1155 916 1212 συγκαθιδρυκότων
946 1175 1035 1206 τοις
1064 1156 1206 1206 ἄλλοις
1233 1163 1352 1208 θεοῖς
1373 1161 1442 1201 καὶ
1461 1159 1540 1208 τὰς

74 1217 294 1271 Καίσαρος
316 1213 486 1263 εἰκόνας.
534 1217 586 1253 Et
603 1216 789 1254 Basilium
811 1216 864 1256 M.
887 1217 934 1254 de
956 1216 1107 1267 Spiritu
1129 1215 1275 1255 Sancto
1300 1231 1331 1255 c.
1359 1220 1400 1258 7.
1430 1214 1540 1257 κατά

73 1288 120 1314 τε
136 1271 280 1327 χώραν
301 1273 369 1313 καὶ
391 1273 478 1313 ΚΑ
485 1274 568 1313 TA
587 1273 799 1313 HOAIN
812 1269 945 1327 ταύτῃ
966 1271 1184 1325 κέγοηνται
1203 1288 1255 1328 τῃ
1280 1276 1413 1329 φωνῇ.
1459 1273 1540 1313 Sed

76 1331 234 1369 desino:
259 1344 356 1381 quae
376 1332 470 1367 alias
492 1329 675 1378 conduxi,
701 1330 853 1368 abunde
873 1336 975 1368 sunt.
1006 1329 1148 1367 Wssss.

191 1400 297 1439 379.
326 1399 401 1438 43.
436 1394 669 1450 Ἐπίκαιρος
695 1394 773 1450 γὰρ
806 1414 832 1450 η
862 1393 983 1444 πόλις
1012 1395 1098 1436 ἐστὶ
1129 1398 1229 1444 εἴα]
1269 1398 1330 1436 Ad
1352 1398 1538 1437 Graeciae

76 1457 334 1504 principatum
363 1454 609 1492 retinendum
637 1453 819 1491 Chalcide
846 1453 946 1491 nihil
972 1460 1123 1502 poterat
1151 1467 1234 1491 esse
1269 1458 1540 1504 opportunius.

76 1511 292 1562 Philippus,
315 1511 454 1548 Persei
475 1518 593 1558 pater,
616 1518 818 1560 propterea
833 1515 921 1548 ‘eam
940 1512 1043 1547 inter
1060 1507 1137 1556 τὰς
1155 1508 1285 1557 πέδας
1304 1513 1379 1563 τῆς
1391 1507 1540 1550 Ἑλλά-

77 1566 151 1614 δος
183 1571 264 1605 sive
296 1568 503 1609 Graeciae
536 1568 729 1618 conpedes
758 1580 837 1604 non
868 1569 1051 1604 inmerito
1072 1567 1298 1604 numerabat
1328 1567 1429 1616 apud
1460 1569 1540 1606 Po-

76 1620 159 1673 lyb.
185 1624 227 1661 L.
247 1623 376 1661 XVII.
402 1625 488 1673 ll.,
522 1622 678 1661 Livium
699 1623 741 1661 L.
758 1623 943 1661 XXXII.
964 1624 1037 1663 37.
1072 1622 1174 1660 Plut.
1193 1622 1360 1664 Flamin.
1382 1626 1539 1674 p.374.

74 1678 126 1719 D.
153 1681 253 1724 ,Mox
272 1677 481 1731 Πολέμων
502 1682 645 1717 rectius
664 1680 932 1733 Πτολεμαῖος
951 1682 1037 1717 erit.
1066 1678 1207 1718 Wnss.

193 1749 301 1789 380.
332 1750 405 1789 62.
444 1746 529 1787 Καὶ
557 1749 641 1787 τῶν
666 1744 922 1787 Ὀπουντίων
949 1743 1003 1786 τὰ
1025 1736 1310 1799 Κασσάνδρου
1333 1742 1540 1801 φρονούν-

76 1804 185 1855 των]
219 1804 265 1842 In
296 1803 356 1841 his
377 1803 478 1841 nihil
510 1811 570 1841 est
603 1804 706 1853 quod
724 1803 905 1841 offendat.
958 1801 1003 1840 Si
1026 1804 1093 1852 qui
1116 1807 1246 1841 tamen
1267 1816 1355 1842 cum
1373 1803 1470 1858 Reg.
1495 1806 1536 1846 l.

79 1863 225 1900 sentire
246 1862 406 1908 malint,
437 1861 617 1898 fruantur
637 1861 802 1898 arbitrio
827 1872 910 1898 suo.
934 1858 1074 1899 WESS.

193 1930 299 1970 380.
324 1929 396 1969 85.
426 1927 513 1968 Καὶ
531 1922 605 1967 τὸν
628 1929 704 1980 τῆς
726 1925 934 1978 Κερανιάς
954 1922 1181 1979 δυνάστην]
1198 1926 1369 1977 Margini
1389 1926 1539 1965 adseri-

77 1991 184 2036 ptam
209 1986 414 2022 lectionem
436 1985 684 2035 comprobare
707 1984 864 2022 videtur
883 1986 995 2021 locus
1017 1984 1172 2034 quidam
1191 1997 1226 2033 p.
1249 1984 1369 2030 705„
1401 1985 1442 2020 in
1463 1996 1540 2032 quo

79 2054 221 2079 nomen
240 2042 342 2079 idem
365 2043 529 2093 legitur,
556 2041 623 2078 sed
645 2054 731 2078 cum
750 2055 810 2080 νν.
848 2040 908 2078 lbi
930 2046 1058 2078 autem
1080 2053 1168 2078 eum
1188 2038 1395 2092 Κερυννία
1415 2053 1540 2090 copu-

79 2098 185 2136 latur
203 2111 283 2136 non
302 2097 509 2137 Λαπιθία
535 2098 604 2135 sed
621 2093 844 2144 Λάπιθος.
872 2096 950 2135 Pro
972 2093 1046 2145 quo
1067 2096 1278 2134 secundum
1299 2094 1539 2146 Stephanum

78 2150 302 2206 Λάπηθος
332 2154 577 2192 scribendum
603 2155 726 2192 fuerit
754 2166 821 2203 per
844 2169 887 2206 η.
917 2152 1019 2191 Nam
1041 2155 1102 2191 illi
1123 2148 1250 2192 Δάνῃ
1250 2154 1346 2203 χθος
1365 2153 1456 2189 urbs
1480 2158 1542 2189 est

80 2208 214 2261 Cypri,
241 2209 441 2277 Λαπίθη
451 2210 690 2248 Thessaliae.
727 2209 840 2260 Apud
862 2209 1094 2249 Strabonem
1112 2208 1177 2263 (L.
1196 2204 1306 2248 XIV.
1327 2220 1364 2258 p-
1385 2205 1541 2261 1001.)

81 2270 269 2316 scriptum
290 2273 348 2305 est
364 2262 601 2314 Λάπαθος.
631 2267 790 2306 STEPH

191 2335 304 2375 ..380
329 2337 402 2376 86.
447 2332 541 2375 Τὸν
557 2336 631 2375 τοῦ
658 2332 887 2385 Mazcgmg]
920 2332 965 2372 Si
982 2332 1055 2372 hoe
1075 2346 1157 2372 non
1178 2339 1238 2372 est
1257 2334 1429 2384 parentis
1449 2330 1541 2370 Sta-

84 2390 202 2428 sioeci
222 2394 440 2439 proprium,
465 2398 510 2429 ut
540 2389 614 2432 τὸν
643 2394 727 2431 τῶν
757 2388 906 2439 ῘΥΙαοιέ
905 2404 984 2438 ων,
1013 2391 1163 2428 scilicet
1179 2388 1368 2441 βασιλέα,
1397 2392 1538 2438 legam,

87 2454 192 2484 certa
211 2448 363 2484 ratione
382 2448 563 2488 adducor.
606 2448 680 2485 Est
710 2450 812 2485 enim
843 2444 1017 2498 Μαοιον
1050 2445 1140 2500 (pro
1163 2459 1236 2496 quo
1257 2447 1350 2484 alibi
1371 2440 1541 2493 Magnae

87 2515 286 2571 perperam
305 2507 346 2540 in
367 2503 530 2541 historia.
545 2511 678 2542 nostra
699 2500 862 2555 legitur)
882 2504 974 2540 urbs
989 2501 1121 2554 Cypri,
1142 2506 1250 2541 cuius
1272 2504 1417 2553 gentile
1437 2503 1473 2540 71
1476 2501 1542 2538 Ια-

87 2556 222 2612 ριεὺς,
255 2566 298 2596 ut
317 2559 534 2610 Stephanus
555 2561 677 2598 docet.
719 2560 808 2597 Ideo
832 2559 935 2596 haud
955 2562 1034 2597 scio
1063 2572 1114 2596 an
1137 2572 1216 2596 non
1236 2572 1350 2609 supra
1374 2572 1409 2607 p
1435 2556 1541 2596 705.

87 2615 134 2654 A.
163 2616 369 2667 legendum
395 2619 446 2654 sit
476 2618 557 2656 Mc.
547 2631 619 2669 ριε
614 2614 680 2656 ’ων
709 2629 778 2664 pro
805 2612 938 2655 Μανέ
917 2631 1013 2663 (ων,
1043 2615 1307 2653 Μανίεηείιιηι
1337 2626 1416 2650 non
1449 2612 1541 2650 Ma-

87 2674 292 2711 nausiam:
324 2686 485 2722 quorum
504 2673 606 2710 idem
627 2672 848 2710 Stasioecus
868 2684 939 2708 rex
958 2672 1014 2709 ibi
1033 2673 1268 2710 nominatur.
1291 2670 1428 2707 Ruon.
1450 2668 1542 2706 Non

88 2735 234 2779 repeto,
263 2740 360 2777 quae
378 2729 424 2766 de
446 2729 624 2781 Lapetlm
642 2735 680 2766 et
696 2729 847 2776 fflIaziQ
875 2726 994 2779 Cypri
1009 2727 1174 2780 oppidis,
1204 2729 1346 2778 scripta
1366 2727 1542 2773 superius

91 2791 183 2823 sunt
202 2785 252 2823 ad
273 2784 387 2823 huius
405 2787 472 2824 lib.
495 2799 528 2825 c.
553 2787 626 2826 62.
655 2785 790 2825 wass.

203 2852 310 2895 381.
341 2854 415 2894 93.
457 2850 682 2894 Ποσίὸέιον
713 2852 781 2893 καὶ
807 2848 1022 2905 ποταμοὺς
1050 2847 1238 2906 Καρῶν]
1274 2848 1365 2888 Non
1382 2847 1543 2887 memini
