1859 3326
339 232 498 271 Lxxvi
960 226 1168 258 HEYNE

338 330 569 378 ceptantium
595 327 757 361 turbam.
802 326 906 359 Inter
931 325 1077 358 iudices
1108 335 1205 358 unus
1238 328 1322 358 erat
1343 325 1546 370 praecipuo
1570 327 1670 360 inter
1694 329 1794 360 eete-

339 400 405 423 ros
438 389 520 421 loco
556 385 766 428 (Romanus
807 382 1028 416 Praetorem
1054 383 1228 426 dixisset)
1256 392 1461 426 appensam
1491 393 1538 417 ex
1565 384 1795 419 collo'Veri-

332 448 431 488 —tatis
457 456 525 478 seu
551 439 723 477 Iustitiae
744 440 952 473 icunculam
972 439 1115 473 habens
1143 440 1280 473 clausis
1307 440 1425 473 oculis
1450 441 1650 485 insignem.
1672 441 1796 485 (Sym-

338 503 503 536 bolicum
530 500 601 534 hoc
623 500 741 533 fuisse
769 499 851 542 quis
880 497 1018 541 neget'ss
1042 497 1089 530 ab
1114 496 1185 530 hoc
1211 501 1339 530 tamen
1363 502 1429 531 aut
1453 499 1567 532 simili
1593 498 1795 532 simulacro

337 561 460 605 petita
484 562 543 592 est
568 556 667 590 haud
691 555 804 587 dubie
831 555 999 588 narratio
1023 555 1070 588 de
1093 555 1300 599 priscarum
1325 560 1491 588 aetatum
1514 555 1700 592 iudicibus
1723 554 1796 589 hoc

339 605 480 660 insigni
507 615 713 647 instructis.
741 612 787 645 cf.
811 611 1002 645 Plutarch.
1035 613 1079 645 T.
1102 612 1147 645 ll.
1174 611 1314 655 p.358.
1332 611 1390 654 B.)
1417 613 1525 646 circa
1546 613 1652 646 illum
1679 614 1796 657 magi-

339 681 503 708 stratum
544 671 774 705 voluminum
811 669 1012 703 multitudo
1053 669 1227 712 dispersa
1268 668 1430 702 iacebat.
1489 671 1574 714 lpse
1615 681 1685 705 rex
1723 671 1796 704 diis

340 719 441 766 dona
471 729 630 764 ferebat.
677 728 750 760 His
775 727 984 760 accedebat
1006 727 1167 760 circulus
1193 737 1330 759 aureus
1352 727 1554 763 CCCLXV.
1579 729 1715 762 cubitis
1738 728 1798 761 di-

336 793 445 823 visus
477 787 576 821 Solis
610 795 760 819 cursum
799 785 1016 829 designans.
1065 785 1226 817 Omnino
1260 784 1527 830 Osymandyas
1553 787 1591 818 in
1616 784 1796 818 historias

339 848 484 885 relatus
511 854 596 878 esse
622 843 772 875 videtur
797 852 820 875 a
848 842 1078 883 sei-iuribus,
1111 852 1194 874 cum
1226 843 1264 874 in
1292 845 1546 876 monumentis
1570 842 1669 876 Solis
1698 854 1796 887 sym-

338 905 466 940 boium
500 913 570 935 seu
598 899 889 944 hieroglyphum
921 900 987 933 ille
1023 899 1169 945 fuisset.
1221 898 1324 932 ldem
1355 901 1390 932 in
1414 900 1630 935 Sesostride
1654 900 1795 934 factum

339 964 553 1006 suspicatus
585 968 666 991 sum
703 958 778 990 alio
813 958 907 992 loco.
966 958 1110 990 Ornata
1145 956 1239 990 haee
1272 955 1370 990 forte
1404 962 1493 990 sunt
1526 960 1594 999 iis,
1627 969 1722 1003 quae
1754 950 1794 991 in

331 1020 507 1065 ¹pluribus
533 1027 579 1049 ac
603 1016 765 1048 diversis
785 1016 1038 1048 monumentis
1063 1015 1202 1057 passim
1225 1014 1483 1048 occurrebant.
1533 1016 1674 1049 Contra
1699 1027 1794 1061 quae

337 1079 385 1111 de
421 1075 694 1119 imprecatione
731 1072 892 1113 Menae,
940 1073 1150 1105 inventoris
1182 1071 1315 1112 luxus,
1352 1076 1574 1114 narrantur,
1609 1073 1735 1118 (Diod.
1765 1074 1795 1111 Ι,

336 1136 423 1177 45.)
454 1144 501 1167 ex
537 1131 712 1164 columna
747 1130 860 1163 ducta
893 1134 999 1170 sunt,
1043 1130 1102 1162 cui
1135 1129 1359 1173 imprecatio
1396 1134 1479 1161 erat
1513 1131 1696 1174 inscripta
1731 1130 1795 1174 (cf.

333 1189 527 1235 Plutarch.
551 1199 584 1232 p.
605 1186 687 1221 354
704 1187 762 1230 A.)
1493 1228 1495 1230 Ι

430 1251 472 1283 ln
498 1234 805 1288 historiis'porro
831 1243 921 1276 illud
946 1243 1166 1284 tenendum,
1193 1243 1292 1288 quod
1319 1242 1468 1276 obvium
1496 1247 1566 1286 est,
1592 1248 1632 1278 et
1655 1256 1678 1278 a
1703 1247 1797 1280 mul-

333 1310 387 1348 tis
412 1307 674 1345 observatum,
714 1306 866 1334 veteres
900 1301 1187 1334 observationes
1221 1303 1495 1335 astronomicas
1529 1305 1568 1335 et
1608 1302 1797 1347 physicas,

337 1378 407 1412 Pel.
431 1359 683 1406 hieroglypha
711 1364 749 1392 et
776 1358 949 1402 symbola
975 1359 1158 1399 traditas,
1185 1361 1375 1402 praelixas
1402 1369 1486 1391 esse
1515 1358 1706 1407 historiis,
1734 1372 1796 1395 eo-

336 1424 423 1457 dem
449 1430 576 1462 more,
610 1429 681 1463 quo
717 1417 817 1450 idem
852 1416 950 1460 apud
978 1416 1164 1455 Graecos,
1200 1415 1429 1458 Phoenices,
1457 1420 1495 1449 et
1519 1417 1615 1450 alios
1639 1420 1796 1462 populos

336 1482 493 1516 factum.
541 1477 672 1521 ltaque
708 1485 778 1507 nec
811 1475 849 1506 in
885 1474 1053 1506 numeris
1086 1483 1269 1506 annornm
1303 1472 1534 1506 haerendum
1575 1486 1660 1509 esse
1701 1477 1798 1509 arbi-

337 1543 441 1579 tror3
477 1544 626 1569 omnem
661 1533 760 1565 enim
785 1533 822 1564 in
848 1532 894 1563 iis
919 1541 1000 1562 cum
1029 1530 1196 1564 historiis
1218 1532 1482 1573 comparandis
1507 1543 1659 1576 operam
1684 1534 1798 1567 lubri-

340 1607 423 1630 cam
454 1604 538 1627 esse
573 1601 730 1624 necesse
769 1593 849 1630 est;
881 1589 1052 1630 inprimis
1084 1599 1166 1621 cum
1198 1589 1360 1631 computi
1384 1589 1438 1621 illi
1465 1591 1708 1623 astronomici
1734 1592 1797 1623 vix

340 1654 481 1696 integri
516 1655 554 1683 et
587 1648 796 1690 incorrupti
831 1646 878 1679 ad
911 1647 1116 1688 scriptores
1152 1646 1319 1679 Graecos
1353 1647 1489 1690 perlati
1525 1647 1686 1689 fuerint}
1731 1651 1797 1682 alii

339 1716 467 1744 autem
497 1705 735 1750 computandi
761 1704 861 1737 modi
889 1703 1004 1735 fundo
1038 1703 1174 1736 idoneo
1203 1709 1370 1736 careant.
1417 1705 1524 1744 Quod
1554 1707 1801 1739 numerantur

339 1769 440 1813 apud
464 1764 702 1799 Herodotum
724 1763 769 1803 ll,
800 1761 888 1795 lssl-l.
923 1771 1040 1804 usque
1061 1760 1172 1805 [116]
1197 1761 1243 1793 ad
1271 1761 1475 1795 Sethonem
1500 1763 1655 1796 Vulcani
1676 1774 1799 1796 sacer-

342 1827 484 1865 dotem,
509 1820 687 1856 Cecxm
708 1821 977 1864 generationes
997 1829 1018 1850 a
1039 1819 1159 1861 primo
1185 1829 1291 1862 rege,
1314 1830 1386 1862 qua
1412 1820 1562 1853 tandem
1583 1831 1624 1852 fe
1644 1821 1796 1854 nimus}

340 1884 441 1929 quod
468 1884 499 1914 is
537 1889 714 1912 numerus
744 1878 975 1911 colossorum
1002 1877 1215 1919 ligneorum
1251 1876 1446 1910 visebatur
1469 1879 1505 1910 in
1535 1878 1674 1922 templo
1697 1880 1798 1911 lovis

340 1940 534 1979 Thebani,
568 1939 668 1982 iique
703 1936 923 1969 sacerdotes
957 1944 1123 1967 summos
1151 1932 1297 1966 referre
1330 1935 1564 1969 dicebantur.
1608 1937 1655 1968 At
1679 1938 1800 1980 gratis

338 1998 561 2043 sumebatur
597 1995 687 2034 hoc,
725 1993 825 2037 quod
860 2002 991 2025 omnes
1026 1995 1210 2034 perpetua
1252 1985 1457 2036 progenie,
1499 1993 1599 2026 filius
1636 1995 1797 2038 quisque

338 2057 438 2103 patri
463 2052 690 2092 succedens,
716 2052 889 2095 prognati
921 2060 1005 2082 esse
1034 2048 1267 2083 ferebantur.

432 2114 641 2147 Praeterea
676 2114 824 2148 tamen,
859 2109 897 2139 in
932 2107 1100 2140 historiis
1137 2117 1211 2139 non
1238 2116 1366 2148 secus,
1401 2117 1511 2150 quam
1540 2108 1576 2139 in
1604 2118 1798 2142 sacrorum

338 2171 500 2210 ritibus,
527 2168 573 2201 de
601 2166 734 2211 quibus
760 2176 846 2198 mox
873 2165 1012 2206 dicam,
1039 2164 1209 2203 fabulas,
1235 2163 1368 2207 quibus
1393 2165 1591 2208 plebecula
1614 2165 1799 2200 delectari

341 2229 460 2268 solet,
490 2218 765 2267 comprehendi
804 2234 914 2255 nemo
957 2226 1090 2265 neget,
1125 2221 1398 2264 nonnullasque
1430 2223 1625 2264 inventas,
1662 2225 1797 2257 saltem

342 2290 497 2320 ornatas
530 2283 578 2315 ad
610 2281 761 2314 salubre
798 2280 949 2324 aliquod
985 2279 1165 2311 monitum
1209 2288 1276 2309 seu
1321 2279 1367 2310 ad
1405 2279 1628 2323 religionem
1662 2283 1800 2325 populo

342 2340 690 2376 commendandam.
737 2340 794 2371 lta
819 2349 914 2382 quae
941 2337 986 2369 de
1013 2335 1239 2369 Sesostridis
1267 2335 1344 2368 filio
1370 2343 1573 2370 excaecato
1603 2343 1641 2371 et
1666 2344 1800 2372 sanato

342 2404 492 2447 prostat
518 2397 818 2430 narratiuncula:
850 2395 1036 2428 Herodot.
1060 2394 1107 2435 ll,
1133 2395 1227 2427 lll.
1263 2394 1375 2427 Diod.
1401 2395 1428 2435 l,
1454 2393 1517 2427 59.
1563 2396 1801 2430 Excaecatus

342 2465 542 2496 narratur,
577 2454 675 2498 quod
708 2453 834 2487 Nilum
862 2455 1003 2496 sagitta
1029 2454 1201 2495 petierit;
1237 2455 1295 2485 cui
1322 2454 1377 2485 rei
1402 2453 1525 2485 locum
1552 2453 1643 2487 dare
1667 2456 1802 2497 potuit,

344 2515 446 2562 quod
473 2512 649 2547 exstabat
682 2512 831 2555 signum
870 2521 915 2543 eo
948 2515 1069 2551 statu;
1098 2512 1144 2552 (c.
1163 2510 1231 2553 ὃὸ)
1268 2512 1391 2554 potuit
1414 2521 1562 2555 quoque
1588 2513 1716 2544 uxoris
1743 2522 1802 2544 ca-

343 2575 455 2607 stitas
487 2569 680 2603 celebrata
722 2578 806 2601 esse
853 2568 1032 2600 admixtis
1066 2567 1216 2604 fabulis,
1277 2568 1428 2609 Verbo,
1468 2568 1676 2612 releganda
1708 2569 1802 2601 talia

343 2631 495 2665 suntin
529 2638 636 2660 suum
671 2626 843 2659 ordinem
882 2630 920 2658 et
954 2626 1097 2666 locum3
1131 2637 1205 2659 non
1239 2637 1330 2660 vero
1365 2636 1412 2659 ex
1448 2625 1506 2659 his
1546 2626 1725 2659 iudicium
1753 2626 1800 2659 de

342 2690 430 2722 aliis
454 2695 610 2731 prorsus
635 2684 849 2727 disparibus
879 2682 1103 2716 faciendum.

435 2745 632 2777 Hactenus
665 2741 710 2774 de
748 2739 927 2775 historiis,
978 2741 1082 2780 Quae
1109 2740 1155 2774 de
1180 2740 1429 2784 religionibus
1458 2743 1497 2772 et
1519 2740 1655 2773 ritibus
1679 2741 1798 2773 sacris

344 2807 501 2835 narrata
533 2800 768 2842 accepimns,
804 2799 879 2830 alia
902 2797 948 2830 ad
975 2800 1069 2830 ritus
1094 2798 1297 2841 religiosos
1325 2802 1517 2840 spectant,
1545 2799 1605 2842 qui
1628 2802 1694 2830 aut
1720 2802 1799 2830 tum

346 2860 477 2900 fuere,
499 2868 581 2891 cum
607 2867 630 2889 a
654 2856 901 2900 scriptoribus
928 2855 1192 2896 traderentur,
1223 2859 1289 2888 aut
1321 2866 1415 2897 quos
1448 2855 1538 2888 olim
1563 2855 1703 2897 fuisse,
1729 2855 1801 2898 ipsi
