1891 3310
590 183 653 233 [Ν
684 181 1099 224 FRAGMENTA.
1492 186 1583 227 535

132 300 226 338 ebio
247 297 402 338 additis.
459 296 625 349 Satyrus
650 298 689 335 in
714 295 932 345 Theophilo
952 296 995 336 L.
1013 296 1060 335 ll.
1080 296 1127 334 ad
1149 296 1278 335 Autol.
1301 308 1336 346 p.
1352 297 1427 338 96.
1453 293 1579 351 Ἀρι-

118 355 321 408 στομίὸαν
339 362 473 402 vocat,
503 367 626 403 neque
645 356 711 391 ille
732 354 840 394 bene.
874 353 937 391 Ex
950 349 1253 420 Ἀριστοὸήμῳ
1277 356 1358 392 sive
1376 351 1578 403 ’4οιστο-

114 410 234 468 δάμῳ
253 415 427 450 nascitur
448 410 827 464 Ἀριστοὸψαμιὸαᾳ
887 412 1007 449 Porro
1027 407 1225 463 Κάρανος
1253 410 1462 456 Φείδαηος
1484 411 1578 449 Phi*

116 471 227 507 donis
257 478 316 507 est
340 472 485 516 frater,
525 469 571 505 de
592 479 665 517 qua
685 469 813 518 ellipsi
831 468 879 506 ad
897 469 939 506 L.
950 467 1014 505 lV.
1034 470 1107 509 68.
1130 470 1372 505 conmentari
1399 470 1573 505 memini.

111 528 161 565 W
168 538 251 563 ess.

225 583 328 622 Ibid.
362 583 450 621 Τοῦ
471 578 678 633 Μέροπος]
710 578 824 617 Hunc
847 580 1012 631 Satyrus
1031 583 1196 633 ignorat,
1223 580 1305 618 eius
1325 581 1411 618 loeo
1424 580 1574 619 Acoum

110 654 282 690 ponens,
324 641 386 676 cui
412 645 522 687 pater
549 639 667 676 fuerit
693 636 897 685 Thestius,
933 651 1028 675 avus
1058 639 1227 684 Mem-on,
1256 650 1422 686 proavus
1448 639 1574 676 Cae'sus.

109 698 142 735 E
172 697 310 746 quihus
333 695 535 733 Thestium
566 701 604 731 et
634 692 788 742 Cisum,
825 696 910 733 sive
939 694 1090 734 Kefoov
1124 701 1162 732 et
1195 694 1255 734 Θέ
1240 709 1368 734 omo]
1379 723 1391 742 ‚
1428 697 1572 732 rectius

109 755 267 801 scribit,
302 760 346 790 ut
371 765 420 789 ex
447 751 642 790 Pausania
670 750 712 788 L.
728 750 772 788 ll.
797 753 867 792 19.
889 754 965 792 26.
995 759 1129 789 notum
1149 759 1227 789 est:
1256 764 1455 807 perperam
1476 765 1570 789 vero

109 811 319 862 Syncellus
347 811 513 860 negligit
540 809 760 848 lllaronem.
826 807 997 846 Caranus
1025 812 1127 846 enim
1155 805 1372 854 ἑνδέκατος
1401 808 1452 860 ἡν
1485 806 1567 848 ἀπὸ

107 870 182 907 τοῦ
197 863 452 919 Ηρακλέηυς
474 866 539 904 καὶ
562 862 781 916 ἵβὸομος’
760 881 841 905 ano
865 868 938 905 τοῖ,
969 863 1182 916 Τημςίου,
1220 867 1336 902 sicuti
1356 868 1436 915 ipse
1454 868 1508 902 ait
1530 878 1567 914 p.

111 926 215 965 ]58.
238 932 323 972 etp.
336 924 466 971 209„
486 933 525 960 et
536 923 720 974 Syncello
738 924 854 974 longe
873 924 1069 970 antiquior
1084 925 1285 959 marmoris
1298 922 1404 960 Parii
1423 930 1571 969 auctor,

106 981 152 1018 de
182 981 358 1018 Phidone
391 982 556 1018 locutus.
622 979 741 1028 Atqui
769 992 839 1017 nec
868 980 1098 1016 undecimus
1127 980 1174 1016 ab
1206 979 1396 1027 Hercule,
1444 992 1569 1028 neque

105 1039 291 1089 septimus
314 1051 337 1075 a
368 1036 541 1074 Temeno
572 1050 655 1074 esse
683 1039 845 1084 poterit,
884 1039 963 1074 nisi
993 1039 1025 1074 si
1050 1038 1091 1073 in
1113 1039 1250 1073 seriem
1273 1039 1459 1073 maiorum
1484 1038 1567 1073 eius

105 1095 304 1133 Maronem
331 1097 446 1132 istum
476 1094 685 1132 addideris.
744 1093 847 1131 Novi
866 1095 1006 1132 Velleii
1026 1092 1221 1131 Paterculi
1251 1093 1371 1130 verba
1401 1106 1448 1129 ex
1478 1093 1520 1129 L.
1538 1093 1566 1132 l.

107 1155 147 1193 6.
181 1153 366 1189 Caranus
389 1173 437 1179 ——
460 1159 600 1188 sextus
628 1152 801 1189 decimus
829 1151 878 1188 ab
900 1150 1096 1189 Hercule.
1157 1149 1234 1187 Sed
1262 1163 1306 1187 ea
1329 1163 1408 1186 non
1426 1163 1568 1197 moror,

103 1212 241 1260 quippe
263 1221 381 1258 prava
402 1215 440 1245 et
462 1208 552 1245 hinc
572 1207 836 1246 instaulanda.
895 1208 974 1245 Wr.
978 1219 1032 1245 ss.

217 1267 325 1306 637.
356 1267 398 1304 2.
438 1267 526 1304 Ίοῦ
547 1259 837 1315 Κλεοὸάτους]
880 1264 1018 1302 Scribe
1039 1265 1102 1304 K)
1107 1262 1296 1311 εοδαιόυ,
1324 1270 1361 1300 et
1381 1262 1470 1299 vide
1495 1262 1569 1299 ad-

101 1324 244 1372 scripta
266 1322 308 1359 L.
318 1321 382 1359 1V.
404 1322 478 1362 31.
540 1322 599 1359 De
620 1324 796 1370 sequenti
817 1325 1003 1360 maiorum
1025 1320 1169 1358 Carani
1189 1323 1287 1358 serie
1307 1319 1407 1358 nihil
1432 1319 1567 1366 babeo,

100 1380 200 1429 quod
228 1379 466 1426 admoneam,
494 1381 573 1416 nisi
593 1382 634 1416 in
647 1379 794 1416 Veneta
816 1379 994 1430 Syncelli
1012 1379 1197 1426 editione,
1224 1385 1267 1415 ut
1287 1379 1456 1429 plurima
1475 1378 1568 1424 alia,

100 1439 216 1488 longe
237 1436 569 1484 corruptissimam
590 1450 685 1473 esse.
740 1436 877 1474 Wssss.

215 1495 322 1534 637.
361 1495 430 1534 ll.
470 1491 596 1532 IVJaetdc
626 1490 754 1547 wa&
787 1489 806 1532 ὃ
837 1491 913 1544 μὲν
946 1488 1145 1543 βασιλεὺς
1172 1488 1264 1543 εἴα]
1309 1490 1465 1529 Illustre
1494 1489 1568 1527 hoc

100 1549 266 1588 Diodori
285 1551 543 1601 fragmentum
566 1550 783 1600 publicarat
810 1549 860 1587 H.
876 1550 1119 1600 Stephanus,
1156 1552 1395 1599 praescripto
1426 1548 1568 1594 indice,

99 1603 319 1658 ἀνωνύμου
339 1605 450 1653 τινὸς
472 1606 563 1659 περὶ
586 1604 658 1646 δύο
683 1605 848 1660 ἀνδρῶν
879 1601 1213 1658 ἀριστευσάντων
1244 1605 1285 1645 ἕν
1307 1603 1473 1659 πολέμῳ
1498 1604 1569 1643 καὶ

99 1661 410 1715 ἄραιηίζομείηι)ν
442 1664 531 1714 περὶ
563 1664 798 1715 πρωτείων,
840 1665 952 1713 quasi
984 1664 1213 1701 declamatio
1247 1663 1432 1711 quaedam
1465 1668 1569 1698 esset

100 1720 283 1758 Rhetoris
304 1721 458 1758 incerti.
514 1721 624 1758 Nihil
642 1728 744 1758 certe
767 1721 987 1771 Stephanus
1009 1721 1054 1757 de
1075 1723 1158 1758 eius
1180 1729 1349 1768 auctore,
1379 1726 1444 1756 aut
1464 1719 1567 1756 unde

100 1779 140 1816 id
161 1778 360 1825 habuerit,
389 1778 529 1814 addere
551 1779 732 1828 dignatus
753 1786 822 1815 est.
882 1778 1019 1815 Gloria
1041 1779 1182 1814 detecti
1204 1781 1429 1825 scriptoris,
1460 1790 1478 1812 e
1501 1789 1568 1812 cu-

102 1837 162 1873 ius
184 1835 294 1871 libris
318 1835 537 1884 decerptum
559 1835 660 1881 fuit,
693 1835 853 1871 debetur
875 1834 1004 1872 isaaco
1026 1834 1188 1882 Vossio,
1217 1835 1262 1871 de
1284 1847 1358 1883 quo
1379 1836 1434 1870 sic
1457 1840 1568 1882 pater

105 1895 188 1929 eius
209 1894 250 1928 in
262 1891 460 1928 Addendis
485 1890 600 1929 Libro
614 1892 660 1928 ll.
681 1891 785 1930 Hist.
808 1891 992 1929 Graecor.
1012 1905 1048 1941 p.
1066 1892 1170 1931 519.
1208 1919 1235 1938 ,,
1250 1892 1341 1929 ltem
1369 1892 1569 1940 fragmen-

102 1977 128 1998 9,
139 1956 219 1985 tum
237 1949 282 1985 de
302 1947 513 1985 Cleonnide
535 1955 572 1984 et
596 1949 864 1995 Aristomene,
901 1949 1001 1996 quod
1031 1961 1106 1985 una
1127 1962 1212 1985 cum
1234 1949 1434 1986 nonnullis
1455 1947 1568 1983 Pole-

102 2008 268 2056 „monis
286 2012 324 2042 et
350 2004 518 2042 Himerii
542 2003 598 2057 (p.
613 2004 708 2057 20.)
737 2006 859 2043 edidit
885 2005 1079 2043 Henricns
1097 2004 1335 2054 Stephanus.
1391 2003 1470 2041 Sed
1498 2017 1568 2039 ne-

102 2063 309 2112 „sciebat,
340 2075 422 2098 esse
447 2061 629 2099 Diodori:
669 2066 731 2100 cui
750 2065 934 2100 tribuitur
952 2065 993 2100 in
1014 2061 1242 2100 Florentino
1260 2061 1400 2099 Codice
1423 2061 1570 2097 Biblio-

102 2148 129 2169 ‚,
142 2119 276 2157 thecae
316 2118 532 2166 Mediceae,
578 2119 681 2157 unde
716 2121 759 2156 in
789 2122 1102 2171 peregrinatione
1134 2133 1202 2157 sua
1229 2121 1438 2167 exscripsit
1464 2118 1569 2154 filius

104 2190 251 2226 „meus
278 2176 453 2224 Isaacus,
506 2178 670 2227 ignarus
705 2184 804 2225 tum,
852 2179 927 2214 iam
956 2176 1147 2225 Stephani
1175 2179 1306 2225 praelo
1334 2175 1570 2224 prodiisse.‘·‘

103 2235 236 2272 Latuit
265 2233 404 2270 deinde
433 2241 520 2283 post
539 2235 577 2271 id
600 2234 729 2271 Vossii
748 2235 934 2272 indicium
956 2237 995 2272 in
1016 2236 1206 2282 obscuro,
1245 2234 1368 2270 donec
1389 2239 1479 2270 ante
1501 2231 1570 2267 lios

103 2292 224 2328 ferme
245 2301 355 2328 xxx.
383 2293 592 2328 annos·vir
611 2291 894 2329 eruditissimus
925 2292 968 2328 L.
988 2291 1192 2328 Boivinius
1219 2291 1258 2328 id
1280 2303 1372 2327 cura
1395 2303 1466 2326 sua
1484 2289 1572 2338 dig-

105 2361 200 2386 num
226 2354 400 2384 censeret
423 2354 460 2383 et
480 2346 765 2385 Conmentariis
785 2349 1017 2386 Academiae
1044 2349 1175 2399 regiae
1198 2347 1499 2396 Inscriptionuln
1523 2344 1570 2381 Τ.

108 2405 175 2442 lll.
201 2418 236 2453 p.
251 2406 354 2443 106.
383 2410 548 2454 utroque
571 2418 746 2442 sermone
765 2406 997 2456 descriptum
1019 2408 1230 2442 insereret:
1271 2408 1381 2442 cuius
1400 2411 1441 2441 ut
1460 2416 1572 2451 prae-

109 2462 274 2498 dicanda
294 2468 352 2497 est
374 2473 501 2510 opera,
532 2464 587 2498 ita
606 2464 734 2499 nullus
758 2465 954 2514 negligere
976 2463 1109 2509 debeo,
1136 2466 1176 2500 in
1197 2462 1407 2499 vaticanae
1428 2460 1575 2497 Biblio-

107 2520 241 2556 thecae
264 2517 404 2555 Codice
422 2529 608 2556 MCCCIH
672 2519 738 2555 sed
769 2522 933 2557 minoris
961 2522 1133 2568 formae,
1178 2519 1280 2556 idem
1312 2521 1576 2569 fragmentum

110 2575 285 2614 Diodoro
307 2575 425 2611 tribui
451 2550 666 2624 praeposito
691 2579 807 2614 titulo
837 2576 927 2628 περὶ
960 2573 1034 2616 ὸ“ἰ’·ο
1057 2574 1222 2627 ἀνδρῶν
1246 2571 1577 2626 (Ξριο-τειπτῖντσνν

113 2649 148 2672 κ.
171 2634 230 2679 λ.,
258 2634 317 2669 uti
337 2632 438 2680 apud
458 2632 710 2681 Stephanum,
735 2635 846 2683 idque
865 2633 957 2671 mibi
979 2633 1191 2670 indicatum
1215 2647 1297 2669 esse
1318 2647 1339 2669 a
1359 2632 1488 2668 Celeb.
1503 2630 1576 2666 AS-

112 2703 281 2726 semano.
314 2690 455 2727 wssss.
515 2689 627 2727 Conf.
652 2689 740 2727 Mai.
763 2692 880 2740 praef.
903 2691 949 2727 ad
970 2691 1067 2729 Exc.
1091 2691 1177 2728 Vat.
1200 2690 1310 2739 p.1V.
1334 2691 1391 2725 ed.
1415 2688 1518 2735 Lips.

230 2747 336 2786 637.
369 2749 437 2787 15.
472 2743 521 2786 ‘O
542 2744 620 2799 γὰρ
642 2745 833 2794 Κλέοννις
853 2743 1142 2798 ὖπὲρασπίσας
1163 2745 1237 2786 τὸν
1255 2743 1449 2796 βασιλέα]
1500 2742 1575 2778 Re-

114 2816 200 2854 gem
231 2806 370 2851 istum,
410 2802 677 2852 Cleonninque
700 2812 737 2842 et
762 2812 881 2842 totam
911 2806 1121 2855 fragmenti
1140 2804 1253 2841 huius
1274 2816 1450 2849 scenam,
1483 2801 1578 2836 dex-

117 2861 273 2898 terrime
291 2861 471 2910 patefecit
491 2860 548 2899 Cl.
568 2862 610 2899 L.
623 2860 840 2901 Boivinius.
865 2861 1016 2900 Bellum
1032 2862 1238 2914 gerebatur
1247 2858 1527 2898 Messeniacum
1543 2858 1581 2897 l.
