1891 3310
443 202 518 236 Ex
550 202 818 237 loRDANI
851 203 980 242 APP,
1011 206 1234 240 CHRON.
1513 212 1562 243 L!

113 312 177 336 cas
204 302 269 335 Cn.
291 298 493 345 Pompeio,
525 304 564 335 et
587 300 642 336 M.
669 302 824 345 Crasso,
863 312 934 338 nec
965 312 1040 337 non
1071 303 1116 338 L.
1148 304 1338 349 Domitio,
1373 311 1413 343 et
1443 309 1560 355 Appio

113 359 269 393 Claudio
293 358 532 400 consulibus,
570 369 668 393 anno
695 364 828 404 quarto
855 363 893 394 et
916 361 1044 404 quinto
1069 361 1160 395 belli
1186 363 1343 407 Gallici,
1377 366 1415 399 id
1442 372 1500 400 est
1523 370 1560 402 in

111 416 352 450 varroniana
392 418 670 460 computatione
703 418 744 450 A.
776 417 822 451 V.
854 417 893 450 C.
924 417 1110 453 DCXCIX
1142 425 1181 454 et
1217 421 1324 458 DCC.
1366 429 1561 468 susceptas

111 484 217 514 esse;
260 483 350 517 ergo
380 475 530 517 scripsit
554 475 744 508 Diodorus
769 485 843 508 non
866 484 984 519 usque
1014 476 1061 509 ad
1086 477 1233 511 initium
1261 480 1329 513 sed
1360 491 1476 527 usque
1512 483 1560 517 ad

109 531 220 563 tinem
245 530 336 563 belli
360 530 508 563 Gallici.
554 530 686 575 Longe
713 533 827 565 aliter
851 532 987 576 igitur,
1019 544 1127 578 quam
1154 534 1267 570 hodie
1291 547 1314 570 a
1338 540 1559 583 quibusdam

108 589 302 632 accipitur,
328 587 349 631 ἡ
375 587 463 633 ἀρχὴ
490 599 512 621 a
534 587 703 623 Diodoro
729 589 936 623 intellecta.
980 590 1211 626 Vocabulum
1239 593 1309 628 hoe
1330 596 1441 630 modo
1462 599 1561 642 prin-

107 646 243 688 cipium
272 646 381 679 modo
407 647 758 689 praeeminentiam,
783 647 893 680 modo
913 650 1192 684 extremitatem
1212 652 1412 696 significat,
1438 660 1560 690 extre-

107 703 219 735 mitas
247 704 277 735 si
303 713 326 736 a
351 704 466 746 priori
494 704 768 746 consideretur,
794 705 894 738 idem
922 708 980 737 est
1005 706 1103 749 quod
1128 708 1364 753 principium,
1395 712 1426 745 si
1450 723 1472 745 a
1499 724 1560 757 po-

108 761 259 793 steriori
286 761 384 794 idem
414 761 512 805 quod
540 760 646 803 finis3
685 762 722 794 in
748 761 818 795 hoc
842 761 973 794 ultimo
999 772 1113 796 sensu
1142 764 1333 801 Diodorus
1367 775 1560 805 versatur:

107 823 147 851 et
180 819 493 863 quemadmodum
516 818 769 856 {Ptolemaeus
802 820 840 851 in
875 818 1116 864 Geographia
1149 832 1218 856 sua
1250 823 1385 860 fluvios
1427 840 1501 863 non
1535 841 1560 864 a

106 874 273 908 fontibus
299 877 336 908 in
363 876 620 919 divertigium,
653 876 720 909 sed
747 887 769 909 a
794 877 997 920 divertigio
1022 889 1154 912 versus
1181 879 1306 916 fontes
1328 887 1495 930 respicit,
1521 892 1561 923 et

104 932 144 965 in
173 933 257 965 idea
285 943 353 966 sua
380 933 544 966 naturali
572 934 697 966 cursui
723 934 834 977 plane
864 935 1073 975 contraria,
1114 935 1248 972 fluvios
1275 951 1407 977 versus
1434 944 1560 980 fontes

104 991 286 1033 tendere,
322 989 428 1032 vehi,
464 990 556 1023 ferri
583 990 690 1032 dicit3
730 992 784 1024 ita
809 991 1000 1025 Diodorus
1026 992 1086 1026 hic
1111 993 1182 1027 loci
1207 996 1348 1031 bellum
1373 1000 1560 1037 Gallicum

106 1058 153 1081 ex
179 1058 276 1082 aevo
303 1059 370 1082 suo
392 1053 602 1082 retrorsum
626 1048 816 1091 intuetur,
859 1052 898 1082 et
929 1052 1210 1086 extremitatem
1242 1055 1314 1089 sibi
1348 1060 1558 1101 proximam

102 1105 212 1151 ἀρχὴν
237 1111 357 1142 vocat.

197 1164 380 1201 CXXXV,
415 1163 596 1210 Regulam
620 1161 778 1208 primam
807 1161 998 1198 Diodorus
1023 1166 1061 1199 in
1088 1168 1333 1212 sequentibus
1363 1171 1469 1208 libris
1502 1176 1559 1211 sic

103 1222 288 1265 applicat,
330 1227 372 1256 ut
404 1233 426 1256 a
461 1221 676 1256 CCCCVlll.
703 1222 750 1255 ad
776 1222 972 1257 CCCCVII.
997 1233 1115 1258 annos
1142 1236 1183 1259 se
1208 1227 1245 1259 in
1270 1228 1317 1261 iis
1345 1229 1452 1265 libris
1486 1234 1558 1267 sal.

103 1283 199 1320 tem,
244 1280 305 1324 qui
334 1279 455 1313 adhuc
479 1283 698 1324 supersunt,
738 1279 919 1313 recedere
946 1280 1126 1320 declaret,
1177 1283 1296 1324 Quam
1322 1287 1360 1319 in
1384 1298 1464 1322 rem
1495 1302 1558 1325 ex-

104 1337 292 1381 cerpenda
318 1342 405 1371 sunt
432 1339 512 1371 eius
539 1339 640 1379 loca,
680 1347 775 1381 quae
806 1338 958 1381 regulas
989 1337 1057 1372 has
1089 1346 1330 1378 concernunt.
1380 1344 1445 1379 Ex
1468 1346 1558 1382 Dio-

104 1395 189 1427 doro
216 1394 336 1428 Siculo
364 1396 425 1429 lib.
447 1395 545 1430 X111.
571 1396 609 1427 in
635 1396 751 1438 princ.
778 1392 839 1428 Ad
861 1406 917 1428 res
942 1394 1040 1439 ipsas
1066 1407 1129 1431 nos
1153 1399 1274 1432 statim
1301 1402 1468 1437 accedere
1499 1417 1559 1440 ne-

102 1463 238 1486 cessum
261 1458 329 1494 est,
365 1451 431 1486 ltoc
456 1457 593 1485 tantum
616 1451 832 1496 praemisso:
873 1452 969 1495 quod
998 1454 1239 1497 superioribus
1264 1468 1327 1491 sex
1359 1458 1556 1504 hiemini„

102 1510 164 1543 bus
192 1522 313 1544 rerum
339 1510 467 1554 ubique
498 1516 685 1555 gestarum
716 1509 875 1543 recensio
911 1511 961 1543 ad
992 1509 1058 1546 hoc
1094 1523 1204 1557 usque
1238 1521 1374 1559 tempus
1406 1519 1557 1556 deducta

99 1568 156 1610 sit,
184 1580 251 1612 quo
278 1569 317 1602 cle
343 1569 430 1602 bello
458 1566 697 1614 Syracusanis
718 1566 904 1615 inferendo
928 1567 1160 1604 Athenienses
1180 1571 1368 1619 seffagia
1388 1577 1558 1621 tulerunt,

102 1627 150 1660 ad
173 1627 267 1670 quod
289 1637 311 1660 a
339 1624 469 1660 Troiae
503 1625 707 1670 captivitate
740 1625 828 1659 anni
859 1626 1076 1672 septingenti
1107 1630 1300 1675 sexaginta
1330 1632 1558 1676 effluam-unt.

99 1684 281 1719 Arcltonte
307 1684 455 1718 Athenis
482 1683 639 1717 Chabria
685 1684 805 1726 (anno
832 1686 996 1718 secundo
1024 1686 1259 1731 Olympiadis
1286 1694 1554 1736 nonagesimae

99 1745 271 1788 primae)
307 1749 339 1776 et
362 1742 498 1776 Romae
527 1742 637 1775 tribus
671 1741 798 1774 iterum
831 1739 999 1776 Tribunis
1033 1744 1247 1779 militaribus
1282 1749 1465 1783 consulari
1488 1762 1554 1795 po.

98 1807 220 1834 testate
245 1801 376 1834 creatis
401 1800 447 1834 L.
474 1799 613 1846 Sergio,
644 1798 694 1835 Μ
724 1798 888 1841 Servilio,
916 1806 948 1833 et
965 1799 1012 1832 M.
1025 1800 1186 1845 Papirio,
1212 1803 1442 1841 Athenienses
1466 1807 1554 1844 bean

99 1857 173 1891 iam
199 1864 323 1892 contra
350 1857 596 1903 Syracusanos
625 1858 781 1901 decreto,
822 1868 930 1891 naves
963 1858 1172 1893 instaurant
1201 1867 1265 1895 etc.
1299 1864 1361 1897 lib.
1384 1864 1484 1900 le.
1515 1868 1554 1901 in

98 1919 215 1960 princ.
249 1915 293 1949 In
317 1915 414 1949 libris
440 1915 524 1950 huic
546 1914 755 1960 praemissis
780 1927 836 1949 res
861 1925 884 1948 a
913 1914 1025 1950 Troia
1047 1922 1152 1961 capta
1177 1918 1228 1952 acl
1242 1919 1359 1965 finem
1386 1921 1467 1955 betti
1488 1923 1554 1956 Pe-

98 1973 340 2017 loponnesiaci
364 1980 395 2007 et
418 1973 688 2007 Atheniensium
711 1973 936 2017 principatus
956 1985 1023 2018 per
1047 1976 1285 2022 septingentos
1317 1980 1554 2023 septuaginta

96 2042 219 2065 novem
247 2042 359 2064 annos
382 2024 503 2077 gestas
523 2032 704 2075 persecuti
725 2043 857 2067 sumus.
909 2031 953 2066 In
985 2031 1050 2065 ltoc
1078 2033 1245 2076 proxime
1274 2047 1438 2070 connexa
1468 2038 1554 2070 sub-

97 2089 257 2122 iuncturi
281 2101 303 2122 a
327 2089 479 2135 triginta
509 2088 687 2134 Tyrannis
711 2089 979 2123 Atheniensium
1003 2090 1248 2134 exordiemur,
1274 2098 1310 2125 et
1330 2094 1379 2126 ad
1399 2093 1552 2127 Romam

99 2158 121 2179 a
149 2146 264 2179 Gallis
291 2153 433 2190 captum
460 2147 629 2181 historiae
654 2147 781 2180 seriem
806 2147 994 2182 octodecim
1021 2159 1133 2181 annos
1158 2149 1378 2194 comple-‘cam
1404 2152 1551 2185 deduce-

97 2215 183 2240 mus.
236 2203 402 2237 Cessante
435 2204 527 2238 enim
557 2204 707 2238 Athenis
742 2205 928 2239 ordinaria
965 2204 1197 2248 Reipublicae
1231 2207 1553 2252 administratione,

96 2274 211 2296 annus
239 2274 260 2296 a
289 2261 418 2296 Troiae
445 2263 582 2297 excidio
607 2262 843 2307 octogesimus
861 2269 942 2307 post
965 2262 1204 2308 septingentos
1228 2265 1409 2302 currebat,
1457 2265 1552 2301 Tum

95 2325 249 2363 quatuor
278 2319 414 2352 Romae
452 2319 602 2354 Tribuni
641 2320 813 2354 militares
847 2319 1032 2355 consulari
1068 2327 1243 2365 potestate
1275 2329 1468 2358 creantur.-
1505 2324 1548 2361 C.

95 2376 252 2418 Furius,
283 2376 332 2414 C.
358 2376 551 2419 Servilius,
590 2376 628 2410 C.
660 2377 843 2419 Valerius,
882 2384 916 2411 et
944 2377 1139 2412 Numerius
1171 2378 1315 2415 Fabius.
1362 2381 1551 2428 Agebatur

95 2446 178 2467 vero
203 2434 269 2467 ltoc
293 2445 385 2467 anno
417 2433 601 2479 Olympias
628 2436 865 2482 nonagesima
891 2441 1043 2479 quarta,
1079 2446 1153 2480 qua
1179 2437 1220 2470 de
1243 2436 1359 2471 stadio
1387 2440 1550 2483 palmam

95 2493 242 2536 adeptus
261 2498 309 2525 est
329 2490 500 2525 Carcinus
518 2491 734 2526 Larissaeus
763 2499 827 2527 ete.
856 2493 1032 2530 lib.X1X.
1061 2496 1098 2527 in
1124 2497 1239 2539 princ.
1269 2494 1316 2529 In
1337 2497 1550 2539 praeceden-

94 2550 183 2583 tibus
213 2549 328 2594 igitnr
356 2550 544 2583 octodecim
567 2549 803 2583 voluminibus
834 2561 891 2584 res
928 2550 970 2584 ab
1005 2551 1138 2585 ultimis
1167 2550 1249 2585 inde
1281 2552 1453 2586 aetatibus
1484 2564 1550 2597 per

97 2607 241 2652 cognita
273 2606 365 2640 orbis
392 2608 470 2640 loca
501 2613 642 2652 gestas,
679 2619 747 2651 pro
774 2608 955 2653 facultate
992 2614 1116 2641 nostra
1152 2608 1402 2653 descripsimus
1441 2622 1550 2654 usque

96 2665 145 2697 ad
165 2676 318 2706 annum,
360 2664 420 2708 qui
444 2664 667 2710 tyrannidem
692 2664 907 2710 Agathoclis
937 2664 1140 2708 praecedit,
1178 2666 1227 2699 ad
1256 2677 1357 2710 quem
1390 2677 1414 2699 a
1445 2673 1551 2711 capta

102 2720 212 2754 Troia
237 2722 432 2767 octingenti
455 2723 647 2768 sexaginta
672 2734 734 2756 sex
760 2722 848 2756 anni
871 2722 1101 2768 colliguntur.
1154 2721 1198 2756 In
1222 2721 1288 2757 hoc
1310 2729 1426 2756 antem
1450 2735 1471 2756 a
1493 2725 1551 2757 do-

99 2779 234 2812 minatu
271 2779 368 2812 illius
401 2780 519 2813 exorsi
547 2779 585 2813 in
606 2790 736 2826 pagna
766 2779 979 2826 Agathoclis
1012 2791 1093 2815 cum
1128 2779 1472 2826 Carthaginensibus
1505 2782 1554 2816 a'd

96 2835 285 2871 Himeram
318 2844 502 2881 conserta,
550 2843 681 2882 septem
713 2848 824 2872 annos
862 2837 1058 2882 complexi,
1104 2837 1312 2872 desinemus.
1372 2834 1553 2874 Art-home

1167 2895 1190 2929 d
1213 2896 1238 2930 2
