1859 3326
310 230 439 260 (LLXlI
605 226 892 257 OECONOMIA
929 226 1207 256 IIISTORIAE
1247 226 1473 258 DIODORI.

317 323 600 368 comprehensis
626 326 665 356 et
690 323 729 355 in
758 331 872 355 unum
902 332 1040 355 annum
1061 324 1075 343 ¹
1105 323 1316 365 congestis3
1353 322 1413 355 vel
1432 325 1521 355 ante
1542 323 1732 367 occupatis
1751 324 1783 365 ²,

318 392 416 428 quae
443 381 627 424 proximis
655 379 805 412 demum
831 379 939 411 annis
967 384 1189 413 evenerunt.
1233 378 1269 423 3)
1306 378 1531 412 Adiumento
1550 381 1664 412 etiam
1688 384 1783 421 erat,

319 439 419 483 quod
446 448 570 470 rerum
600 437 822 476 multarum,
859 435 991 469 eodem
1021 441 1192 481 tempore
1219 436 1316 479 apud
1347 436 1443 469 alias
1467 441 1625 480 gentes,
1672 447 1781 480 quam

319 505 478 540 quarum
498 494 657 527 historia
675 495 851 526 continua
869 491 978 526 huius
998 495 1124 538 operis
1145 493 1429 526 fundamentum
1449 497 1553 534 erat,
1577 496 1785 539 gestarum,

322 554 354 587 si
388 555 598 585 memoratu
626 551 762 594 dignae
788 549 1027 592 viderentur,
1066 561 1138 584 non
1158 551 1228 582 nisi
1245 549 1471 583 brevissima
1489 551 1641 592 notitia,
1675 550 1783 586 finito

323 620 449 644 annuo
469 618 579 642 cursu
594 630 603 648 ‚
627 607 776 639 adiecta
798 610 868 643 est.
916 607 974 641 De
989 606 1060 640 hoc
1078 613 1203 640 autem
1227 607 1301 639 iam
1321 617 1434 651 supra
1454 607 1607 640 dictum.

418 667 593 699 Ceterum
621 674 703 696 cum
732 673 751 696 e
771 664 964 706 proposito
982 665 1020 696 in
1038 664 1119 696 sola
1137 663 1458 708 historiographia
1478 665 1528 697 sit
1545 663 1787 708 versandum,

325 736 394 766 ea,
427 723 577 768 quaein
597 721 709 753 rebus
723 720 815 764 ipsis
842 731 1039 764 perperam
1059 720 1202 753 tradita
1229 721 1452 762 videantur,
1482 723 1556 754 iam
1583 732 1657 754 non
1684 732 1786 763 curo,

322 784 384 817 Ea
410 783 448 813 in
474 779 680 812 subiunctis
708 778 813 821 operi
838 779 1004 812 virorum
1031 778 1226 812 doctorum
1251 780 1442 811 annotatis
1471 778 1677 821 diligenter
1700 780 1788 810 sunt

327 840 550 876 observata,
577 840 616 867 et
635 834 702 868 sub
725 844 885 868 examen
899 840 1045 868 vocata.
1091 833 1167 868 Sed
1186 837 1313 868 nescio
1331 845 1379 868 an
1398 836 1471 868 duo
1490 835 1584 875 alia,
1617 845 1714 879 quae
1735 833 1788 868 ofi-

326 896 504 933 fendant,
536 897 575 926 et
598 891 647 924 ad
668 891 884 924 universam
905 893 1030 935 operis
1050 893 1234 925 rationem
1254 893 1488 936 pertineant,
1514 892 1626 936 plane
1645 893 1788 924 intacta

325 954 550 995 relinquam.
605 950 729 982 Unum
757 951 837 990 est,
872 949 971 993 quod
995 948 1187 983 Diodorus
1210 950 1312 993 pacis
1339 948 1497 983 foedera
1521 958 1788 993 nonnunquam

328 1009 618 1048 commemorat,
663 1006 944 1050 praetermissis
974 1007 1078 1049 pacis
1104 1005 1402 1045 conditionibus,
1440 1010 1484 1038 ut
1502 1006 1566 1042 lib,
1585 1006 1678 1047 XII,
1707 1009 1789 1052 (27,

326 1066 410 1107 XV,
430 1075 460 1098 c.
476 1068 532 1105 76,
551 1066 608 1104 89,
639 1062 745 1104 XVI,
762 1073 790 1098 c.
808 1065 872 1104 223
901 1068 1107 1107 gestaque,
1132 1073 1289 1108 quorum
1307 1063 1454 1095 initium
1473 1064 1690 1107 primosque
1707 1072 1792 1106 pro-

329 1133 487 1170 gressus
507 1121 712 1161 retulerat,
737 1119 901 1152 nondum
923 1119 972 1152 ad
990 1119 1103 1153 finem
1123 1120 1305 1165 perducta
1323 1119 1482 1152 subinde
1500 1120 1658 1161 omittit,
1684 1119 1791 1152 cuius

329 1181 484 1227 generis
511 1178 724 1221 exemplum
746 1177 786 1209 in
812 1175 883 1210 hoc
900 1178 1026 1220 operis
1044 1181 1247 1220 conspectu
1267 1176 1314 1209 ad
1340 1175 1405 1209 lib.
1419 1174 1503 1217 XV,
1525 1177 1623 1218 c-93,
1648 1175 1792 1210 notavi-

327 1248 436 1279 mus3
469 1236 651 1277 alterum,
675 1234 773 1278 quod
788 1230 1071 1277 ‘prooemiorum
1089 1235 1359 1267 necessitatem
1371 1233 1442 1266 sibi
1460 1234 1660 1278 imposuit,
1683 1232 1793 1279 quasi

328 1297 397 1330 illa
425 1293 472 1327 ad
501 1293 683 1326 historiae
710 1295 881 1324 tenorem
908 1292 1206 1336 requirerentur.
1249 1291 1504 1324 Excusatioue
1530 1291 1627 1325 adeo
1643 1291 1681 1323 in
1706 1291 1794 1324 libri

330 1352 425 1387 Xlll
445 1351 627 1396 principio
647 1349 787 1389 utitur,
813 1347 931 1392 quod,
965 1348 1011 1382 ob
1031 1358 1156 1381 rerum
1176 1347 1510 1381 describendarum
1538 1357 1713 1392 magnam
1736 1357 1796 1381 co-

328 1412 453 1457 piam,
483 1407 688 1452 prooemiis
712 1406 819 1438 locus
844 1416 917 1438 non
941 1406 1102 1449 amplius
1126 1405 1282 1439 concedi
1304 1405 1435 1449 possit.
1480 1405 1524 1439 ld
1542 1414 1634 1439 vero
1653 1405 1793 1438 nimiae

331 1469 427 1501 artis
447 1471 484 1499 et
501 1466 686 1498 molestae
705 1462 919 1496 sedulitatis
937 1463 1101 1506 speciem
1125 1461 1250 1496 habet.

423 1524 503 1556 Iam
531 1532 642 1562 vero,
680 1520 831 1563 cognita
858 1521 983 1561 operis
1010 1520 1178 1554 universi
1200 1519 1472 1563 compositione
1499 1523 1538 1552 et
1560 1519 1795 1560 oeconomia,

332 1581 380 1614 ad
404 1584 533 1624 partes
556 1578 772 1621 singulatim
800 1577 1096 1610 considerandas
1119 1577 1355 1611 accedamus,
1432 1577 1535 1621 Opus
1561 1575 1795 1615 historicum,

334 1648 431 1683 quae
459 1638 582 1670 altera
606 1634 868 1667 Bibliothecae
894 1644 980 1677 pars
1003 1639 1079 1676 est,
1113 1634 1259 1667 duabus
1278 1635 1292 1655 ³
1322 1633 1474 1678 epochis
1493 1634 1730 1677 distinctum,
1756 1639 1796 1668 et

332 1697 374 1728 in
393 1695 486 1728 duas
504 1693 679 1737 periodos
699 1702 856 1736 magnas
877 1692 1106 1734 descriptum
1127 1696 1206 1726 est:

424 1750 599 1783 Perioa'ns
625 1747 656 1782 I.
701 1751 731 1783 A
752 1750 853 1783 bello
880 1749 1068 1791 Troiano,
1099 1758 1219 1793 usque
1244 1747 1293 1781 ad
1318 1747 1525 1783 Alexandri
1548 1747 1602 1784 M.
1632 1748 1795 1790 obitum3

515 1808 580 1842 lib.
600 1807 835 1843 XI-XVIL

425 1863 600 1897 Periodus
623 1862 677 1900 ΙΙ.
725 1865 778 1898 Ab
793 1862 1008 1897 Alexandro
1025 1861 1079 1896 M.
1097 1871 1217 1906 usque
1235 1862 1283 1895 ad
1301 1862 1369 1896 Iul.
1389 1862 1613 1905 Caesarem,
1638 1863 1794 1908 eiusque

515 1922 658 1954 bollum
678 1920 861 1954 Gallicum
874 1932 890 1962 ;·
906 1919 969 1954 lib.
988 1919 1258 1954 XVlll—XL.

332 1979 466 2023 Itaque
500 1979 677 2012 similiter
709 1984 823 2023 atque
862 1979 901 2010 in
932 1979 1058 2021 priore
1091 1978 1218 2021 operis
1249 1974 1359 2021 par'te
1393 1977 1521 2011 facere
1551 1977 1797 2018 instituimus,

332 2038 529 2080 utriusque
554 2036 722 2080 periodi,
756 2040 797 2068 ut
821 2045 992 2080 quaeque
1013 2035 1051 2067 in
1076 2037 1242 2068 minores
1260 2035 1459 2078 periodos,
1491 2044 1582 2079 quas
1607 2035 1797 2067 sectiones

332 2094 527 2135 appellare
545 2094 706 2136 placuit,
739 2096 815 2125 tum
836 2093 874 2123 in
893 2092 1157 2134 Olympiades,
1182 2095 1260 2125 tum
1279 2093 1317 2124 in
1337 2102 1455 2125 annos
1474 2091 1594 2123 divisa
1612 2095 1690 2130 est,
1713 2100 1797 2122 con-

333 2154 503 2193 spectum
524 2152 560 2191 ⁴,
588 2150 651 2193 qui
668 2149 873 2183 lectoribus
894 2147 1108 2193 hodegetae
1126 2149 1248 2182 instar
1268 2158 1352 2182 esse
1371 2149 1503 2192 possit,
1529 2156 1798 2192 proponamus,

423 2296 443 2330 1
473 2295 556 2328 Vid-
572 2295 650 2328 Lib·
667 2294 748 2331 XIV
763 2319 774 2336 ‚
795 2306 869 2338 cap.
887 2296 950 2337 35,
975 2299 1037 2336 36,
1062 2299 1128 2337 37,
1160 2298 1243 2329 coll.
1274 2297 1413 2339 cap.79,
1430 2297 1487 2337 80,
1506 2303 1540 2328 et
1558 2294 1796 2337 Conspectum

332 2349 492 2373 nostrum
510 2342 553 2373 ad
572 2341 605 2375 h.
628 2343 651 2375 1.

424 2389 446 2420 2
481 2388 695 2429 Exemplum
712 2385 785 2417 eius
803 2385 854 2417 rei
871 2386 914 2418 ad
932 2387 992 2421 lib.
1005 2387 1098 2429 XIV,
1115 2399 1190 2431 cap.
1202 2387 1258 2428 31,
1276 2387 1313 2418 in
1332 2386 1399 2419 hoc
1419 2386 1496 2429 ipso
1515 2386 1630 2428 operis
1649 2396 1794 2427 conspe-

333 2441 391 2466 etu
411 2433 630 2464 observatum
652 2440 713 2463 est.

425 2480 447 2512 3
479 2478 579 2511 Conf.
599 2478 699 2514 lib,l,
724 2488 798 2519 cap.
816 2478 838 2507 4-
857 2485 941 2509 extr.

425 2523 448 2557 4
480 2524 516 2554 [u
537 2524 602 2554 hoc
621 2523 767 2565 quidem
784 2534 922 2554 summa
942 2530 1075 2554 tantum
1094 2523 1382 2566 perstrinximus,
1407 2520 1502 2564 quod
1521 2520 1564 2552 ad
1583 2521 1795 2563 perspicien-

335 2567 417 2599 dam
435 2581 553 2601 reriun
577 2570 781 2600 traditarum
799 2569 926 2599 seriem
953 2568 1106 2599 sufficere
1133 2569 1332 2608 videbatur3
1367 2570 1403 2598 iu
1430 2568 1651 2608 singulorum
1677 2574 1793 2596 autem

334 2615 508 2645 librorum
526 2616 687 2657 epitomis
710 2615 829 2644 omnia
852 2616 1041 2646 accuratius
1057 2616 1256 2656 exegimus,
1291 2615 1335 2645 ad
1357 2624 1439 2654 quas
1456 2613 1607 2655 proinde
1622 2613 1793 2654 respicere

333 2660 483 2700 iuvabit,
518 2661 670 2702 quoties,
704 2671 791 2701 quae
808 2659 865 2690 hie
882 2661 1075 2701 generatim
1093 2669 1126 2692 et
1145 2663 1303 2694 universe
1324 2660 1574 2699 indicavimus,
1600 2669 1662 2701 per
1679 2666 1792 2700 partes

333 2716 374 2738 ae
390 2707 466 2748 sing
474 2707 595 2738 ulatim
612 2707 820 2748 perlustrare
836 2707 935 2737 velis.
1152 2702 1156 2706 Α
