1859 3326
274 208 370 240 CCII
580 205 868 238 OECONOMIA
906 205 1184 237 HISTORIAE
1221 206 1448 238 DIODORI.

273 316 356 340 sum
375 303 550 339 hostibus
573 304 786 348 proditum,
816 304 993 338 iuventus
1012 303 1346 338 Termessensium
1370 305 1427 339 ira
1443 306 1599 339 incensa
1618 303 1755 338 tumul-

272 369 335 398 tus
357 365 511 399 excitat,
561 363 772 406 Antigonus
794 371 814 395 e
835 360 978 394 Pisidia
994 362 1032 394 in
1054 360 1260 406 Phrygiam
1280 363 1369 399 abit.
1405 374 1436 397 c.
1454 361 1619 400 44-47.

366 422 424 454 Ex
450 421 540 454 Asia
566 418 770 453 historicus
798 420 837 453 in
866 419 1132 453 Macedoniam
1159 421 1315 463 transit,
1336 425 1387 463 *et
1412 421 1637 454 novissimos
1654 419 1754 452 Anti-

273 479 394 523 patri,
423 478 486 521 qui
507 478 619 511 morti
638 479 833 522 proximus
852 482 954 520 erat,
983 480 1090 511 actus
1111 475 1250 511 refert:
1282 477 1569 515 Atheniensium
1590 476 1754 522 legatos,

274 538 405 581 iniqua
422 539 620 580 petentes,
646 534 740 568 clam
760 534 934 569 occidere
954 535 1078 577 iubet3
1103 533 1465 580 Polysperchontem
1483 545 1669 569 summum
1690 535 1757 567 im-

274 599 495 639 peratorem
523 598 562 627 et
590 594 720 637 regiae
752 592 883 637 stirpis
908 596 1095 634 tutorem,
1136 596 1174 626 et
1193 593 1470 637 Cassandrum,
1505 592 1649 634 filium,
1682 591 1757 625 chl-

275 652 483 694 liarchum,
515 662 583 685 seu
607 652 646 684 in
673 651 833 695 imperio
850 650 1057 684 secuudum
1079 652 1287 685 constituit.
1320 662 1350 686 c.
1369 651 1424 689 48.
1473 651 1687 686 Cassander
1705 649 1756 682 al·

275 715 360 745 tero
391 711 474 744 loco
500 708 600 743 haud
626 707 848 750 contentus,
884 708 974 743 belli
1000 710 1222 743 societatem
1251 720 1332 743 cum
1352 709 1573 744 Ptolemaeo
1601 712 1639 742 et
1670 699 1756 740 aliis

275 769 434 803 ducibus
463 769 500 801 in
530 765 895 811 Polysperchontem
920 767 1055 811 iungit.
1101 766 1384 812 Polysperchon
1413 766 1679 812 Olympiadem
1709 774 1758 798 ex

274 827 393 870 Epiro
406 850 416 865 ,
442 836 515 870 quo
537 825 583 857 ob
605 826 824 859 inimicitias
843 835 926 859 cum
943 826 1141 871 Antipatro
1161 825 1409 871 confugerat,
1433 825 1473 858 in
1489 823 1756 859 Macedoniam

275 888 443 919 revocat.
484 882 555 926 (Cf.
575 893 604 916 c.
616 885 688 928 57.)
713 893 744 919 c.
768 882 825 920 49.

371 941 485 974 Redit
509 940 647 974 deinde
674 942 711 974 in
741 941 888 984 Asiam,
921 940 986 974 ubi
1007 951 1110 975 mors
1129 942 1317 986 Antipatri
1334 951 1452 976 novos
1473 945 1598 975 motus
1617 937 1758 972 attulit.

279 1000 457 1044 inprimis
486 999 696 1042 Antigonus
716 1002 804 1044 post
819 1000 902 1033 eius
921 1003 1079 1033 mortem
1109 1010 1245 1044 magna
1271 1010 1337 1044 spe
1365 1000 1511 1042 elatus,
1544 999 1758 1032 Eumenem

278 1059 349 1092 sibi
374 1058 535 1102 amicum
567 1056 715 1098 facere,
751 1062 790 1091 et
815 1067 860 1091 eo
881 1056 1085 1091 adiuvante
1102 1058 1215 1092 Asiae
1234 1067 1393 1103 regnum
1414 1067 1599 1101 occupare
1618 1054 1759 1089 studet.

278 1124 310 1150 c.
333 1121 389 1153 50.
438 1114 688 1157 Arrhidaeus,
719 1114 908 1160 Phrygiae
929 1118 1102 1160 satrapa,
1129 1120 1172 1149 ut
1189 1116 1259 1149 sibi
1278 1120 1411 1149 contra
1429 1115 1656 1159 Antigonum
1674 1122 1759 1156 pro-

277 1176 467 1218 spiceret,
488 1174 760 1217 Cyzicenorum
783 1173 914 1207 urbem
933 1173 1127 1218 praesidio
1143 1183 1329 1218 occupare
1347 1173 1490 1208 frustra
1511 1175 1669 1206 conatus
1688 1173 1760 1204 est.

278 1231 338 1265 De
372 1230 429 1264 his
464 1231 661 1264 conatibus
697 1232 838 1264 certior
877 1230 999 1263 factus
1026 1232 1236 1276 Antigonus
1265 1233 1392 1277 copias
1423 1231 1541 1266 mittit
1563 1230 1601 1262 in
1624 1226 1758 1263 Arrhi-

278 1290 439 1331 daeum,
470 1289 552 1333 ipse
578 1295 706 1323 movet
733 1290 769 1322 in
799 1288 958 1329 Clitum,
990 1287 1139 1333 Lydiae
1166 1295 1380 1334 satrapam,
1410 1290 1604 1333 aliosque,
1635 1296 1754 1331 pecu<

278 1349 455 1393 uiamque
484 1347 629 1390 regiam
661 1357 680 1381 e
706 1346 838 1379 Cilicia
863 1346 901 1379 in
922 1346 1187 1381 Macedoniam
1209 1346 1529 1381 transvehendam
1552 1346 1759 1389 intercipit.

277 1410 379 1444 c.5[.
403 1409 458 1442 52.
514 1405 715 1445 Eumenis,
751 1414 850 1437 nunc
873 1404 921 1437 ad
944 1415 1134 1439 armorum
1161 1406 1384 1439 societatem
1408 1405 1453 1438 ab
1472 1406 1660 1450 Antigono
1688 1415 1759 1437 vo-

279 1465 353 1498 cati
369 1489 378 1504 ,
405 1467 444 1497 et
464 1462 661 1496 obsidione
683 1461 852 1502 liberati,
880 1461 1070 1495 fortunam
1089 1463 1232 1496 variam
1248 1487 1257 1503 ,
1281 1463 1499 1507 ingenium,
1520 1463 1757 1505 industriam,

278 1523 370 1556 etin
391 1525 551 1565 utraque
575 1520 727 1553 fortuna
749 1521 1001 1553 constantiam
1029 1521 1188 1554 miratur
1206 1518 1421 1554 historicus.
1459 1532 1489 1554 c.
1507 1523 1563 1557 53.

373 1578 532 1611 Relictis
552 1577 663 1610 rebus
682 1578 878 1619 Asiaticis,
903 1588 965 1612 res
985 1578 1021 1610 in
1041 1578 1193 1622 Europa
1211 1584 1341 1622 gestas
1360 1580 1603 1624 persequitur
1619 1577 1759 1612 Diodo-

277 1647 364 1677 rus,
400 1647 444 1669 ac
464 1637 691 1681 praesertim
718 1634 859 1669 bellum
885 1646 907 1669 a
927 1636 1142 1670 Cassandro
1159 1636 1196 1669 in
1212 1635 1576 1681 Polysperchontem
1602 1640 1759 1670 motum.

276 1694 493 1729 Cassander
521 1694 559 1727 in
589 1694 715 1726 Asiam
737 1693 785 1726 ad
804 1694 1032 1738 Antigonum
1055 1694 1279 1736 traiecerat,
1314 1695 1375 1740 qui
1404 1696 1546 1729 auxilia
1564 1695 1757 1740 promisit3

277 1763 366 1797 spes
394 1753 508 1785 etiam
535 1755 638 1792 erat,
670 1750 933 1785 Ptolemaeum
956 1751 1048 1784 belli
1074 1752 1215 1784 socium
1243 1751 1422 1789 futurum.
1471 1751 1758 1798 l'olysperchon

277 1811 360 1854 ipse
390 1819 538 1854 quoque
566 1810 820 1853 circumspicit
845 1809 988 1842 auxilia
1015 1815 1146 1842 contra
1169 1811 1370 1845 imminens
1392 1812 1548 1848 bellum.
1603 1810 1758 1844 Literas

277 1867 411 1900 scribit
430 1867 474 1900 ad
498 1867 672 1900 civitates
691 1867 871 1908 Graecas,
898 1872 937 1901 et
958 1868 1005 1901 ad
1026 1868 1249 1912 Eumenem,
1272 1874 1313 1903 ut
1330 1880 1462 1914 regum
1482 1871 1620 1915 potius,
1644 1879 1757 1915 qnam

276 1926 455 1969 Antigoni
477 1925 646 1969 partibus
665 1924 912 1961 adhaereant.
946 1936 975 1960 c.
999 1928 1162 1963 54—57.

372 1985 471 2016 Ami.
498 1985 531 2017 3.
580 1983 772 2016 Eumenes
798 1987 876 2016 tum
903 1984 1111 2028 assignatis
1130 1978 1298 2028 pecuniis
1321 1988 1360 2017 et
1378 1985 1514 2029 copiis,
1544 1989 1623 2018 tum
1652 1995 1757 2019 acce-

277 2041 352 2086 ptis
371 2040 417 2073 al)
438 2041 665 2085 Olympiade
685 2041 827 2082 literis,
852 2045 1047 2086 permotus
1069 2048 1146 2082 est,
1171 2046 1214 2074 ut
1234 2042 1346 2076 iidem
1367 2053 1473 2076 suam
1496 2043 1755 2088 obstringeret

278 2098 447 2141 regibus.
497 2099 554 2132 Ex
573 2099 662 2132 Asia
684 2100 721 2131 in
744 2099 1007 2133 Macedoniam
1036 2106 1297 2142 transvectus,
1331 2102 1552 2145 prudentia,
1586 2103 1758 2135 modora-

279 2157 404 2197 tione,
443 2157 653 2198 modestia,
687 2158 843 2201 insuper
864 2158 1049 2202 singulari
1071 2159 1107 2191 in
1128 2159 1383 2192 Alexandrum
1409 2160 1648 2200 reverentia,
1678 2161 1758 2192 ani-

280 2223 362 2245 mos
391 2214 554 2246 oninium
584 2216 621 2247 in
648 2226 689 2248 se
718 2216 915 2248 convertit.
966 2217 1040 2250 Per
1066 2217 1208 2249 amicos
1237 2216 1375 2260 ubique
1397 2225 1516 2249 novos
1538 2216 1678 2248 milites
1700 2227 1758 2249 co-

280 2270 428 2314 gendos
450 2277 569 2304 curat.
604 2283 633 2308 c.
654 2275 818 2310 58—61.
869 2274 1080 2307 Ptolemaei
1101 2277 1138 2306 et
1157 2274 1334 2317 Antigoni
1355 2274 1513 2307 consilia
1536 2278 1574 2307 et
1593 2275 1756 2308 insidiae

277 2329 317 2362 in
347 2330 575 2372 Eumenem,
606 2331 675 2365 sed
703 2342 835 2365 omnes
864 2332 1020 2373 irritae,
1054 2331 1357 2365 describuuntur.
1403 2331 1490 2375 lpse
1507 2332 1699 2367 Eumenes
1718 2333 1758 2366 in

277 2467 382 2507 libri,
411 2479 498 2510 qnae
518 2468 666 2507 excidit,
692 2469 798 2500 fuisse
820 2469 1133 2513 comprehensam,
1160 2470 1306 2502 coniicit
1322 2482 1362 2502 ex
1380 2468 1550 2510 iib.X[X,
1577 2472 1641 2507 c.3
1660 2470 1757 2504 med.

279 2515 341 2546 ubi
370 2515 554 2546 historicus
581 2517 751 2557 expressis
778 2516 893 2547 verbis
920 2525 1195 2555 commemorat,
1235 2529 1288 2548 res
1309 2517 1444 2548 Siculas
1470 2517 1632 2560 proximo
1663 2518 1755 2549 libro

279 2562 486 2601 singulatim
513 2560 620 2593 fnisse
645 2562 798 2597 traditas,
850 2563 960 2594 Nobis
983 2564 1128 2605 quidem
1148 2575 1273 2606 parum
1294 2563 1489 2606 probabilis
1510 2564 1647 2595 videtui·
1672 2564 1757 2595 haec

279 2609 423 2650 opinio,
449 2609 618 2649 quoniam
640 2608 723 2640 iude
742 2609 784 2639 ab
802 2609 1002 2641 Alexandr«,
1024 2611 1069 2644 M.
1091 2623 1129 2641 ae
1147 2609 1333 2652 deinceps,
1360 2610 1450 2641 libro
1473 2611 1585 2651 itaque
1603 2610 1703 2642 Xi'lt
1723 2617 1756 2642 ot

280 2653 416 2691 hylli,
449 2662 616 2686 terrarum
638 2666 898 2697 regnorumque
919 2667 1041 2687 eorum
1057 2680 1066 2696 ,
1105 2668 1191 2698 qnae
1219 2655 1416 2687 Alexander
1438 2656 1484 2689 M.
1510 2657 1652 2698 eiusque
1671 2668 1755 2688 snc-

280 2711 434 2731 cessorcs
459 2701 552 2731 bello
580 2702 704 2733 intacta
730 2702 962 2744 reliqui-rant,
995 2703 1111 2734 omnis
1136 2702 1278 2734 historia
1303 2702 1460 2743 adeoque
1478 2704 1648 2733 memoria
1670 2714 1756 2734 con-

279 2746 370 2777 salto
400 2747 529 2778 omissa
561 2756 622 2779 est.
670 2748 792 2790 Neque
812 2747 1017 2789 diffitemur,
1051 2750 1344 2791 sorinulas=istas,
1380 2749 1507 2792 quibus
1533 2750 1680 2781 lectores
1708 2748 1754 2781 ad

277 2791 410 2825 librum
430 2793 550 2827 xvnl
569 2796 812 2837 remittantur,
836 2795 941 2827 nobis
960 2803 1134 2840 suspectas
1155 2807 1239 2830 csse.
