1891 3310
309 205 373 244 IN
402 201 753 246 ExcERP'rA
789 202 871 243 DE
900 201 1070 244 VIRT.
1098 203 1179 243 ET
1209 204 1332 245 vl'r.
1453 207 1548 250 447

99 319 242 368 cerptis
260 317 490 356 Eusebianis
508 315 662 366 Iosephi
681 314 871 369 Scaligeri
892 316 1048 366 p.216.
1105 315 1152 354 In
1181 329 1256 368 qua
1284 320 1465 368 opinione
1492 328 1551 358 est

99 377 219 412 etiam
252 374 440 417 Tatianus
472 376 513 411 in
543 374 792 425 Apologetico
822 372 925 425 (cap.
949 369 1047 425 63.)
1077 380 1117 410 et
1142 372 1421 412 Eratosthenes
1449 377 1550 425 apud

99 429 336 469 Clementem
354 430 658 469 Alexandrinum
678 430 743 467 lib.
757 430 784 467 Ι.
811 430 953 468 Strom.
972 427 1030 482 (p.
1054 427 1182 482 389.)
1229 430 1292 468 Ex
1325 444 1398 480 quo
1429 435 1548 470 etiam

98 489 304 526 conficitur
330 489 415 525 falli
431 487 660 533 Eusebium,
689 489 755 535 qui
778 490 818 524 in
838 486 1028 524 Chronico
1050 488 1208 533 scribit,
1232 500 1390 525 numera
1411 491 1546 529 1218.

97 558 201 582 anno
226 547 295 585 16.
322 544 558 581 Alcamenis:
587 544 766 593 Lycurgi
785 545 892 593 leges
911 557 937 580 (ι
957 543 1282 581 Lacedaemoniis
1304 545 1382 582 hac
1410 553 1548 582 {aetate

96 609 304 652 susceptae
332 604 447 638 iuxta
477 603 713 637 sententiam
743 600 989 651 Apollodori.
1047 601 1167 648 Atqui
1196 614 1242 637 ex
1264 601 1471 638 Plutarcho
1502 615 1546 638 ac

97 657 313 708 Porphyrio
347 657 584 694 ostendimus
613 656 888 706 Apollodorum
909 660 950 694 in
967 658 1046 693 alia
1062 659 1258 694 sententia
1276 658 1409 705 fuisse,
1438 670 1548 706 pror-

98 727 236 763 susque
258 727 344 751 cum
363 713 622 750 Eratosthene
643 714 902 750 consensisse.
958 712 1084 763 igitur
1106 727 1155 750 ex
1178 717 1368 751 sententia
1391 715 1549 763 Apollo-

97 769 183 808 dori
203 768 436 823 e'mzpomt'a
457 769 628 820 Lycurgi
646 771 831 806 convenit
858 782 1018 806 numero
1037 769 1255 807 Eusebiano
1280 771 1414 811 1133.
1444 783 1546 807 anno

99 827 174 865 33.
201 829 304 877 regis
326 825 609 876 Spartanorum
628 825 835 871 Archelai,
876 838 950 874 quo
981 839 1082 862 anno
1109 829 1224 863 etiam
1251 827 1442 864 Eusebius
1468 827 1548 877 Ly-

98 896 258 933 curgum
281 882 458 919 floruisse
478 889 582 919 recte
600 883 750 930 posuit,
787 882 976 931 siquidem
996 881 1217 929 Charilaus,
1256 885 1365 920 cuius
1386 885 1549 923 tutelam

95 943 217 990 gessit
238 938 459 989 LycurguS,
494 951 572 975 una
599 952 688 975 cum
709 937 896 974 Archelao
914 951 1075 989 regnum
1095 942 1246 986 tenuit,
1276 947 1374 976 teste
1394 941 1548 977 Plutar-

96 995 168 1031 cho
188 993 249 1047 (in
270 995 437 1045 Lycurg.
459 991 604 1046 p-42.)
632 1008 677 1032 ac
710 994 900 1031 Pausania
928 996 968 1031 in
997 995 1199 1032 Laconicis
1231 993 1341 1047 (c.2.
1366 1008 1401 1044 p.
1419 993 1548 1048 208.)

96 1049 247 1088 VALES.
303 1051 510 1102 Elegantia
537 1059 649 1101 atque
675 1051 827 1088 erudita
856 1058 967 1097 sunt,
1005 1063 1100 1099 quae
1120 1065 1143 1088 a
1164 1053 1316 1090 Valesio
1341 1053 1547 1101 disputan-

97 1114 184 1154 tur,
214 1121 285 1145 nec
306 1109 400 1145 talia
421 1114 570 1154 tamen,
602 1120 696 1156 quae
718 1108 946 1156 persuadere
972 1110 1142 1156 possint,
1174 1107 1336 1146 Diodori
1358 1123 1439 1147 eam
1462 1123 1546 1147 esse

95 1178 262 1202 manum.
321 1164 431 1202 Solet
461 1167 526 1202 illc
556 1166 672 1202 annis
701 1166 923 1214 quingentis
942 1163 1239 1201 Lacedaemonis
1272 1165 1387 1202 decus
1413 1173 1452 1202 et
1477 1180 1548 1215 po-

96 1225 255 1258 tentiam
285 1222 620 1268 circumscribere,
660 1234 684 1258 a
713 1233 787 1270 quo
818 1233 887 1257 suo
908 1233 1012 1257 more
1033 1234 1101 1257 cur
1120 1220 1182 1258 hic
1203 1221 1414 1259 desciscere
1434 1225 1548 1259 volu-

97 1280 192 1324 erit,
230 1278 337 1313 nulla
357 1290 492 1314 caussa
512 1273 682 1315 affertur.
741 1277 881 1314 Verum
901 1283 1096 1324 praeterea
1118 1284 1197 1325 est,
1224 1291 1248 1315 a
1269 1281 1477 1315 constituta
1496 1280 1544 1315 ab

93 1333 273 1384 Lycurgo
307 1334 502 1382 republica
540 1347 660 1385 usque
686 1333 734 1370 ad
763 1332 1003 1370 Leuctricam
1029 1333 1199 1380 cladem,
1251 1346 1348 1382 quae
1376 1337 1548 1373 civitatis

94 1403 185 1438 opes
211 1390 392 1441 infregit,
420 1404 543 1427 annos
564 1392 793 1441 quingentos
819 1390 972 1429 abiisse.
1032 1389 1164 1440 ltaque
1190 1393 1368 1439 opinatus
1398 1404 1548 1440 semper

93 1459 200 1493 sum,
226 1447 350 1486 πλείω
370 1449 454 1485 τῶν
475 1442 541 1499 φ’,
579 1450 660 1485 sive
681 1445 985 1495 πεντακοσίων,
1027 1445 1089 1483 hic
1110 1449 1284 1496 primitus
1305 1449 1447 1497 fuisse,
1478 1461 1547 1485 ne-

94 1515 166 1551 que
189 1517 248 1540 me
272 1505 351 1540 eius
371 1503 504 1540 iudicii
527 1506 710 1552 poenitet.
770 1503 895 1554 Lege,
931 1514 1027 1552 quae
1053 1516 1171 1553 super
1190 1506 1265 1541 ista
1284 1518 1326 1542 re
1350 1505 1548 1553 disputata

92 1567 183 1598 sunt
200 1559 248 1596 ad
269 1561 429 1608 princip.
455 1559 595 1599 LXV.
654 1560 788 1597 WEss.

208 1617 312 1656 547.
339 1618 410 1658 78.
442 1613 534 1656 “Ova
555 1618 639 1656 τῶν
656 1613 852 1666 Ἰ-Ιλείων]
894 1614 999 1652 Idem
1022 1615 1067 1653 de
1086 1614 1192 1653 Eleis
1214 1617 1348 1655 scribit
1360 1616 1546 1668 Polybius

90 1673 158 1711 lib.
181 1673 222 1712 4.
263 1670 365 1725 (cap.
389 1674 460 1713 73.
484 1685 519 1721 p.
532 1674 639 1713 468.
660 1673 718 1710 ed.
741 1672 883 1721 Gron.)
912 1675 967 1709 eis
998 1686 1188 1710 consensu
1213 1677 1333 1710 totius
1356 1674 1543 1712 Graeciae

90 1731 368 1767 immunitatem
399 1737 437 1766 et
462 1737 748 1767 sacrosanctum
771 1729 961 1779 quoddam
982 1730 1184 1780 religionis
1204 1732 1263 1766 ius
1284 1732 1331 1766 ob
1354 1731 1546 1769 ludicrum

93 1786 360 1836 Olympiorum
388 1799 611 1823 concessum
631 1787 763 1823 fuisse.
799 1786 899 1835 quod
925 1787 984 1822 ius
1006 1785 1070 1822 diu
1096 1786 1253 1834 quidem
1275 1788 1362 1824 Elei
1380 1800 1465 1824 cum
1483 1802 1546 1825 re-

92 1845 323 1888 tinuissent,
362 1849 494 1890 postea
525 1843 678 1892 Olymp.
701 1853 786 1879 cm.
815 1855 919 1878 anno
940 1843 981 1880 4.
1014 1855 1100 1879 cum
1119 1842 1355 1890 Arcadibus,
1385 1847 1452 1894 qui
1470 1845 1544 1882 La-

91 1901 239 1936 sionem
259 1906 297 1935 et
314 1899 522 1935 Pisatidem
542 1900 741 1950 regionem
763 1905 1064 1947 occupaverant,
1109 1899 1251 1935 bellare
1283 1903 1428 1947 coacti,
1462 1903 1545 1949 pri-

91 1957 233 1992 stinum
254 1968 376 2005 genus
395 1958 496 1992 vitae
516 1962 814 2001 commutarunt,
842 1968 966 2003 neque
987 1962 1030 1992 ut
1051 1955 1230 2005 deinceps
1249 1963 1415 1993 veterem
1437 1971 1546 1996 suam

89 2012 373 2049 immunitatem
404 2018 444 2048 et
474 2013 640 2059 quietem
669 2026 692 2049 a
724 2012 882 2048 Graecis
909 2013 1147 2060 reciperent,
1190 2026 1319 2049 curam
1339 2015 1457 2050 ullam
1476 2013 1545 2052 ha-

89 2068 268 2106 buerunt.
310 2067 405 2105 Vide
426 2076 464 2105 et
481 2068 710 2105 Strabonem
735 2068 908 2105 lib.Vlll.
935 2066 990 2119 (p.
1005 2069 1109 2108 514.
1128 2066 1342 2121 etl.Amst.)
1394 2071 1544 2108 VALEs.

90 2122 332 2161 Conferenda
355 2137 440 2162 cum
461 2124 520 2161 his
539 2125 636 2164 Exc.
660 2125 785 2163 Vatic.
809 2136 844 2172 p.
859 2125 897 2163 5.
924 2127 961 2164 1.

204 2181 309 2220 547.
344 2182 418 2221 83.
461 2180 546 2220 Καὶ
578 2178 674 2220 οὔτε
696 2183 771 2233 τῆς
793 2180 857 2219 ἐπὶ
880 2177 1015 2231 Ξέρξη
1041 2179 1288 2233 στρατείας]
1326 2181 1545 2233 Legebatur

87 2239 130 2274 in
151 2238 294 2286 scripto
316 2238 416 2274 libro
437 2236 501 2275 ἐπὶ
522 2239 596 2289 τῆς
615 2235 737 2288 Ξέρξι
751 2264 762 2285 ,
802 2237 904 2274 unde
924 2236 1138 2274 Salmasius
1159 2239 1209 2276 ad
1232 2252 1336 2276 oram
1359 2243 1417 2276 sui
1438 2242 1544 2289 libri,

89 2305 200 2341 quem
229 2307 376 2331 mecum
415 2297 714 2332 communicavit
747 2295 808 2332 vir
837 2294 1082 2331 doctissimus
1113 2293 1167 2332 lo.
1199 2294 1339 2332 Godof.
1371 2295 1544 2345 Richter,

89 2348 152 2387 ἐπὶ
175 2351 248 2400 τῆς
266 2346 424 2401 Ξέρξου
444 2365 662 2403 στρατειυς
682 2352 760 2388 levi
778 2353 990 2387 mutatione
1010 2350 1173 2398 effinxit,
1203 2354 1296 2388 satis
1318 2353 1425 2390 bene.
1465 2352 1542 2391 Res

88 2407 172 2453 ipsa
195 2406 308 2442 dubia
328 2413 396 2442 est.
454 2406 553 2444 Nam
573 2407 784 2444 Pausanias
802 2407 843 2443 L.
855 2406 899 2444 V.
921 2408 964 2446 4.
990 2421 1026 2456 p
1039 2408 1143 2447 383.
1198 2407 1345 2444 Eleos·
1333 2422 1375 2446 ln
1393 2417 1544 2459 partem

87 2464 200 2499 istius
219 2462 309 2498 belli
329 2465 478 2500 venisse
495 2471 712 2500 asseverat:
751 2461 947 2510 Ηλείοις,
974 2465 1114 2511 inquit,
1144 2462 1306 2515 μέτξστι
1325 2465 1391 2504 καὶ
1413 2464 1541 2518 ἔρρων

87 2515 194 2556 κατὰ
223 2514 389 2569 ,ΠΙήὸων
421 2518 460 2565 ἔς
491 2516 567 2582 τῆν
593 2514 772 2558 Ελλάδα
805 2517 971 2573 ἔφοδον.
1023 2520 1160 2560 Wsss.
1217 2520 1346 2559 Etiam
1367 2522 1543 2561 Valesius

362 2573 548 2588 ἾἾἾἾἾ

87 2574 245 2611 dederat
263 2578 337 2626 τῆς
355 2590 418 2613 ent
439 2589 496 2644 fe
482 2576 588 2626 c09'2527

204 2632 307 2670 547
342 2633 416 2672 89.
445 2629 647 2683 (Ὕστερον
667 2629 713 2670 δὲ
733 2632 906 2678 πολλαῖς
925 2635 1082 2685 γενεαῖς
1103 2630 1199 2686 etc.]
1246 2632 1344 2671 Vide
1372 2633 1415 2673 L.
1430 2635 1540 2673 XIV.

91 2689 164 2727 17.
197 2695 235 2723 et
256 2687 342 2725 XV.
367 2690 439 2727 77.
497 2688 637 2724 lvssss.

201 2743 306 2783 Ibid.
345 2745 534 2789 Πολλαῖς
551 2759 618 2810 2⁶²⁷
622 2740 736 2795 εαΐς]
782 2741 943 2795 Συνέβη
963 2744 1096 2783 addidi
1115 2759 1164 2783 ex
1187 2747 1349 2783 coniect.
1391 2747 1539 2785 VAIEs.

202 2800 306 2840 547·
339 2802 380 2841 5.
423 2802 515 2840 110)
507 2796 650 2853 υχάοη
679 2796 953 2852 ΖΠεσσηνιον]
1012 2801 1089 2840 Hic
1128 2803 1310 2841 narrabat
1348 2802 1541 2842 Diodorus

88 2855 242 2894 initium
271 2857 365 2894 belli
394 2856 622 2904 Messenici,
663 2856 766 2907 quod
792 2864 969 2906 coeptum
988 2865 1047 2897 est
1065 2872 1169 2897 nona
1191 2859 1441 2910 Olympiade:
1478 2864 1542 2900 cui
