1859 3326
334 156 397 199 80
661 182 663 186 .
806 152 1325 200 ANNOTATIONES

449 271 523 311 86.
557 269 632 310 37.
671 267 757 310 Καὶ
785 270 1028 325 Ναρσαΐον]
1056 269 1224 311 Pravum
1246 271 1413 311 videtur.
1445 270 1628 311 Hominis
1648 283 1789 311 nomeu

334 327 525 378 integrius
546 329 720 365 servavit
740 326 856 367 Corn.
882 328 1011 377 Nepos
1033 329 1150 366 Dion.
1176 344 1208 367 c.
1236 332 1275 370 1.
1308 328 1489 380 Namque
1512 330 1579 367 ille
1604 331 1791 380 superior

333 382 592 436 (Dionysius)
621 384 952 431 Aristomachen,
989 398 1166 423 sororem
1188 385 1332 423 Dioni-s·
1353 386 1494 424 habuit
1520 388 1560 423 in
1584 388 1791 423 matrimo-

334 442 427 478 nio:
466 453 516 477 ex
538 453 615 491 qua
638 442 734 478 duos
754 443 892 490 filios,
919 441 1194 494 Hipparinum
1222 450 1263 480 et
1287 453 1513 491 NYSAEUM,
1535 445 1790 495 procreavit.

333 495 386 534 Et
405 509 454 534 ex
466 495 704 546 Theopompi
728 497 771 535 L.
790 497 875 534 XL.
895 497 1034 536 Athen.
1052 498 1237 548 Deipnos.
1258 498 1300 535 L.
1321 498 1374 536 X.
1396 502 1478 548 10„
1501 505 1539 535 et
1559 499 1660 536 Plut.
1682 502 1790 548 prin-

336 557 413 602 cip.
436 552 669 600 Timoleon„
689 556 762 591 etsi
782 567 884 591 nunc
904 568 1022 605 prave
1045 556 1099 592 ibi
1119 557 1321 608 Νησαῖος.
1356 556 1443 593 vid.
1465 558 1572 595 viros
1593 555 1791 593 doctos-ad

334 611 486 648 Aelian.
510 609 551 647 L.
573 609 623 649 ll.
648 610 737 647 Var.
759 610 861 647 Hist.
883 624 914 648 c.
936 613 1010 652 41.
1041 612 1177 649 WEss.

451 669 523 707 86.
551 667 628 706 45.
669 664 900 716 Συλλαβών
930 666 994 706 ἐπὶ
1023 665 1228 737 θανάτῳ]
1258 667 1437 717 Xenoph.
1461 665 1603 719 Ἀναβ.
1625 666 1670 708 L.
1692 667 1722 707 Ι.

334 722 444 763 205.
478 722 518 761 ἐ)
524 718 676 773 ἄροντο
697 726 772 774 τῆς
792 720 922 789 ζώνης
943 722 1016 763 τὸν
1036 711 1236 779 Ὀρόντην
1266 725 1328 764 ἐπὶ
1350 721 1538 780 θανάτῳ.
1575 724 1716 762 Athen
1737 724 1790 761 X

341 776 591 831 Istrum-160
626 778 688 816 ἐπι
710 776 885 835 θανάτῳ
919 796 968 819 σῖ
973 783 1052 820 7517.
1045 797 1165 833 υημμᾰ
1151 780 1192 821 έν
1196 797 1252 828 ος.
1299 781 1367 819 Sic
1389 784 1491 819 enim
1511 783 1565 819 ibi
1583 781 1791 832 legendum.

336 836 505 874 videtur.
537 835 697 872 Luciam.
722 835 769 873 D.
791 822 906 876 Moimt
928 837 1021 878 ΧΠ,
1047 840 1086 879 3.
1101 838 1168 877 καὶ
1192 853 1285 877 συνε
1289 835 1536 889 λ’άμβανεν
1519 838 1583 877 επὶ
1601 833 1791 893 θανάτω.

336 893 405 930 ubi
427 892 541 928 huius
563 893 639 929 loci
659 892 868 931 clarissim.
889 894 931 931 L.
951 893 1026 931 Bos
1047 897 1190 933 oblitus
1211 908 1289 932 non
1312 901 1382 932 est.
1412 895 1550 932 WESS.

453 951 525 989 86.
546 950 620 988 49.
653 950 750 1001 ΝΙε9
753 951 883 1002 ακλῆν
902 950 969 990 καὶ
990 949 1298 1005 Χαρικλείδην]
1333 950 1392 988 De
1413 952 1585 1003 Megacle
1605 963 1668 988 res
1687 956 1793 988 certa

336 1011 408 1044 est.
449 1005 494 1042 ln
532 1005 783 1055 Clusriclz‘de,
814 1009 887 1044 etsi
921 1009 1094 1046 eumdem
1115 1022 1206 1046 mox
1242 1011 1384 1046 iterum
1413 1011 1607 1056 nominet,
1639 1006 1792 1045 haereo.

336 1060 462 1099 Credo
487 1063 662 1110 equidem
686 1076 763 1100 non
786 1065 903 1101 alium
924 1072 1036 1114 atque
1060 1079 1146 1102 eum
1167 1079 1264 1112 esse,
1295 1066 1340 1102 de
1366 1076 1442 1114 quo
1462 1065 1592 1114 Nepos
1612 1067 1653 1101 in
1671 1063 1790 1101 Dion.

337 1132 371 1156 c.
396 1120 435 1158 5.
476 1118 691 1170 Postquam
725 1120 955 1158 Corinthum
976 1125 1173 1173 pervenit
1200 1121 1330 1169 Dion,
1376 1129 1418 1160 et
1445 1123 1577 1159 eodem
1602 1120 1795 1172 pelfugit

336 1187 637 1224 HERAchEs,
669 1176 717 1213 ab
739 1179 872 1215 eodem
902 1180 1088 1230 expulsus
1106 1178 1325 1229 Dionysio,
1354 1177 1792 1230 quipraescctusfue-

336 1240 409 1270 rat
428 1235 613 1283 equitum.
645 1232 729 1282 Ipse
749 1242 883 1271 auctor
904 1248 935 1272 c.
963 1238 1033 1276 16.
1050 1231 1322 1287 Ἶ-Ιρακλείδην
1341 1243 1467 1282 vocat,
1497 1235 1612 1271 sicuti
1636 1240 1674 1271 et
1688 1234 1790 1271 Plut.

335 1288 455 1328 Dion.
489 1302 524 1338 p.
551 1291 656 1329 972.
681 1289 728 1327 D.
761 1290 866 1328 lusta
896 1292 1025 1341 itaque
1056 1293 1225 1342 suspicio
1260 1298 1339 1338 est,
1375 1289 1796 1330 I-IPAKAEJAHN

335 1346 583 1383 librariorum
604 1360 733 1384 errore
761 1349 802 1384 in
824 1349 1066 1388 XAHKA
1075 1350 1170 1388 EIA
1179 1349 1266 1388 HN
1282 1349 1434 1386 abiisse.
1467 1346 1670 1385 consentit
1688 1346 1792 1385 Sim-

337 1416 420 1440 son.
442 1401 584 1442 Chron.
608 1404 656 1440 ad
677 1417 766 1440 ann.
793 1405 931 1446 3648
964 1406 1100 1444 WEss.

452 1462 523 1500 86·
558 1462 628 1501 56.
670 1460 756 1499 Καὶ
788 1476 1022 1515 φορτιῃους
1054 1458 1128 1501 dvo
1158 1461 1288 1512 ναῖτς]
1333 1460 1400 1498 Sic
1427 1463 1565 1498 iterum
1598 1472 1631 1498 c.
1661 1460 1703 1500 9.
1735 1459 1792 1496 At

334 1514 439 1553 Plut.
463 1515 578 1554 Dion·
613 1529 648 1566 p.
674 1520 780 1558 968
805 1517 853 1556 D.
891 1534 989 1565 τους
1022 1518 1066 1557 δὲ
1096 1516 1355 1570 στρατιώτας
1386 1515 1483 1564 τοὺς
1514 1517 1681 1562 Δίωνος
1711 1515 1792 1564 ἔξε-

335 1571 388 1611 de*
371 1578 505 1619 {amo
537 1585 738 1626 amoma)
744 1589 783 1612 αι
814 1570 888 1614 δύο
921 1578 1044 1622 ναῦς,
1077 1575 1216 1627 τρίτον
1248 1575 1291 1613 de*
1321 1576 1465 1613 πλοῖον
1494 1589 1542 1613 ου
1565 1573 1692 1626 μέ9α,
1721 1572 1791 1611 καὶ

335 1626 410 1668 δύο
444 1645 730 1682 τριακοντωροι
764 1633 952 1697 παρηκολ
958 1629 1141 1679 ουθουν,
1156 1634 1307 1699 paullo
1337 1633 1459 1668 aliter.
1508 1629 1791 1667 Demosthenes

334 1699 428 1724 vero
458 1688 511 1724 π).
516 1687 587 1741 οἴῳ
619 1683 854 1742 σῖρο99ύὶῳ
886 1688 952 1727 καὶ
986 1703 1260 1741 στρατιωταις
1290 1686 1439 1740 ‹521'9019
1461 1686 1627 1724 Dionem
1647 1689 1702 1723 ait
1725 1694 1790 1737 ty-

333 1743 499 1780 rannide
522 1729 756 1794 Dionysium
776 1745 958 1782 deiecisse
979 1745 1046 1782 Or.
1069 1746 1157 1782 adv.
1184 1745 1333 1794 leptin.
1364 1758 1400 1794 p.
1427 1745 1548 1793 413.,
1581 1744 1658 1781 ubi
1668 1743 1789 1780 schol.

333 1807 438 1836 recte
469 1814 630 1852 qoows)
634 1816 680 1839 ον
712 1803 997 1851 interpretatur.
1033 1801 1219 1851 Sequitur
1237 1808 1426 1838 oratorem
1449 1799 1639 1851 Synesius
1661 1800 1786 1837 Serm-

334 1856 383 1893 ad
408 1856 550 1893 Paeon.
571 1869 605 1905 p.
628 1858 732 1897 309.
754 1859 798 1896 A.
832 1858 979 1895 Nostro
1012 1866 1139 1896 tamen
1171 1865 1453 1895 consentaneus
1475 1865 1533 1894 est
1553 1856 1667 1894 Corn.
1688 1856 1785 1905 Nep.

332 1911 452 1949 Dion.
476 1927 507 1949 c.
535 1914 573 1952 5.
594 1914 716 1951 Porro
736 1917 777 1951 in
799 1917 967 1952 militum
991 1929 1173 1962 numero,
1205 1927 1316 1963 quem
1339 1913 1569 1952 Plutarchus
1592 1924 1690 1950 DCCC
1712 1915 1789 1950 mi-

334 1981 469 2006 norem
496 1970 616 2006 fuisse
646 1971 844 2018 adfirmat,
880 1985 1043 2022 magnus
1081 1979 1139 2009 est
1169 1971 1392 2008 Aristotelis
1421 1971 1640 2017 dissensus,
1680 1967 1787 2020 μετὰ

333 2025 569 2077 τρισχιλίων
590 2022 769 2066 ὁπλιτῶν
781 2027 946 2065 Dionem
959 2030 998 2064 in
1012 2027 1185 2066 Siciliam
1200 2029 1413 2064 tramisisse
1427 2026 1662 2075 perhibentis
1683 2026 1788 2062 Rhe-

335 2089 412 2120 tor.
435 2082 483 2118 ad
505 2082 616 2119 Alex,
637 2096 667 2120 c.
693 2085 733 2123 9.
762 2098 798 2134 p.
827 2087 929 2125 181.
971 2084 1098 2121 Tanta
1119 2096 1231 2132 saepe
1253 2083 1468 2121 illustribus
1492 2085 1532 2119 in
1549 2084 1663 2120 factis
1684 2086 1788 2121 inter

335 2139 474 2176 decora
495 2141 727 2186 scriptorum
746 2143 903 2191 ingenia
930 2142 1140 2178 intercedit
1165 2142 1367 2178 discordia.
1398 2140 1534 2177 Wssss.

450 2197 522 2235 86.
557 2198 629 2236 60.
664 2197 944 2248 λἀρικλείὸήν
964 2197 1008 2236 de*
1028 2196 1222 2244 ἀπέλιπε]
1261 2196 1474 2246 scripseris
1497 2192 1786 2248 ίΙ-Ῑρακ).ειί5”ην,

333 2252 420 2288 loco
445 2253 611 2300 pristina
631 2255 774 2290 sanitas
794 2254 948 2290 redibit.
971 2253 1029 2290 De
1046 2256 1174 2304 priore
1196 2254 1340 2291 dictum
1358 2261 1473 2290 antea
1493 2253 1590 2290 fuit:
1620 2254 1785 2292 alterum

332 2308 461 2344 firmat
485 2309 646 2357 ipsemet
668 2317 802 2346 auctor
821 2324 852 2347 c.
882 2313 951 2351 16.
984 2310 1077 2347 Scio
1098 2311 1199 2347 Plut.
1221 2310 1340 2349 Dion.
1363 2322 1398 2358 p.
1419 2311 1525 2350 972·
1547 2308 1595 2345 D·
1628 2309 1670 2345 in
1699 2311 1784 2358 qul-

332 2364 494 2400 busdam
514 2378 599 2401 cum
619 2365 762 2402 Nostro
785 2366 1025 2404 discordare:
1060 2375 1163 2404 certo
1185 2374 1311 2404 tamen
1344 2373 1497 2403 constat
1523 2365 1783 2413 Heraclidem,

332 2434 420 2457 cum
444 2420 546 2457 Dion
571 2425 609 2458 in
635 2422 811 2459 Siciliam
836 2426 1026 2471 solveret,
1065 2426 1244 2461 relictum
1275 2425 1396 2461 fuisse
1428 2426 1468 2460 in
1499 2423 1781 2470 Peloponneso.

332 2476 427 2514 Mox
448 2475 599 2523 ἄξοντα
620 2474 793 2518 κατόπιν
816 2479 911 2518 bene
940 2480 1070 2517 reddit
1090 2481 1284 2529 interpres
1303 2481 1447 2533 paullo
1467 2487 1569 2532 post
1587 2480 1783 2518 adductu-

331 2548 430 2571 rum.
461 2533 598 2573 VVESS.

447 2592 519 2630 86.
551 2592 623 2631 63.
659 2587 944 2644 Ἀνδρόμαχος
972 2587 993 2632 ὅ
1026 2591 1365 2645 Ταυρομενίτης]
1409 2592 1558 2630 Laudat
1586 2591 1782 2630 hominem

329 2645 431 2683 Plut.
452 2645 592 2683 'l'imoL
615 2661 650 2696 p.
671 2650 779 2688 240.
801 2648 848 2685 D.
871 2649 983 2693 Quod
1003 2662 1094 2686 vero
1119 2649 1419 2687 Tauromenium
1441 2648 1658 2686 condidisse
1679 2647 1781 2685 dici-

329 2711 405 2748 tur,
431 2703 532 2740 haud
551 2705 675 2741 levem
699 2704 838 2743 habere
862 2706 1125 2744 difficultatem
1147 2707 1315 2754 videtur,
1344 2706 1390 2743 de
1412 2718 1487 2754 qua
1506 2718 1576 2743 nos
1597 2716 1712 2754 supra
1736 2703 1779 2742 L.

329 2758 437 2799 le.
468 2761 541 2799 59.
573 2760 706 2797 W'Ess.

443 2819 515 2858 86.
539 2819 613 2858 66.
644 2813 856 2871 Οἰκήσας]
885 2816 1000 2856 Falso
1018 2831 1088 2870 pro
1107 2817 1280 2866 οἰκίσας..
1312 2816 1450 2859 Rnon.
