1859 3326
328 180 361 220 4
790 171 1319 214 ANNOTATIONES

335 294 446 332 libris
471 291 626 338 Γλοῦς,
657 289 757 339 apud
780 291 1017 341 Polyaenum
1039 287 1083 326 L.
1102 288 1185 326 VII.
1209 289 1285 328 20.
1319 288 1449 335 Γλῶς,
1487 287 1594 326 Hinc
1614 286 1790 339 eligendi

340 353 443 399 optio
465 362 616 396 anceps.
648 348 693 384 Is.
714 347 961 385 Casaubonus
981 347 1029 384 ad
1051 360 1150 393 eum,
1175 358 1287 393 quem
1309 346 1493 393 iudicavi,
1521 345 1710 395 Polyaeni
1732 346 1791 381 lo-

341 421 428 444 cum
448 420 495 441 ex
516 406 658 441 Nostro
684 402 782 443 Ιίἰώ
804 407 917 441 unice
939 417 1072 441 verum
1090 404 1217 440 fuerat
1237 402 1459 441 arbitratus.
1491 402 1570 439 Sed
1589 415 1631 439 re
1653 404 1695 438 in
1722 414 1792 438 ac-

343 466 514 501 curatius
545 474 704 497 examen
727 464 843 497 missa
876 462 1009 506 Γ).ο’ἷ·ς
1041 467 1107 496 aut
1138 460 1257 504 Γλῶς
1286 461 1326 495 in
1347 466 1426 495 not.
1455 459 1502 496 ad
1534 458 1686 495 Aeneae
1720 458 1794 495 Po-

344 523 493 557 liorcet.
521 532 554 567 p.
582 518 716 557 1790.
752 518 810 555 ed.
841 518 961 555 Gron.
1001 517 1113 553 alteri
1147 517 1350 564 praetulit:
1391 516 1455 552 cui
1485 515 1610 551 libens
1640 514 1793 551 accedo.

345 577 497 614 vicinia
518 577 716 611 literarum
750 587 798 610 ex
826 573 996 613 [Li-Q}
1023 574 1117 610 fecit
1145 570 1322 611 ΓΑΩΣ.
1354 569 1467 607 Certe
1488 568 1606 618 Γλιὺς
1626 572 1796 608 occurrit

348 632 447 682 apud
478 631 752 681 Etymologum
784 633 824 667 in
849 628 1043 685 Σιοτηρία
1078 642 1113 677 p.
1146 630 1251 669 791.
1281 629 1417 673 Γλοῦς
1446 629 1488 664 in
1517 626 1796 676 Xenophonte,

349 690 478 726 Aenea
497 696 534 723 et
555 687 751 724 Athenaeo
779 687 820 724 L.
841 687 904 723 vl.
925 689 992 726 16.
1006 714 1017 733 ,
1050 695 1088 723 et
1119 688 1262 722 seriore
1282 691 1405 721 aetate
1426 679 1595 735 Γλώης,
1628 684 1708 719 dux
1729 697 1797 720 eo-

349 749 497 796 piarum
521 745 623 794 regis
645 743 847 780 Persarum
871 742 1050 789 cavatus,
1089 743 1190 791 apud
1212 741 1487 789 Theophanem
1507 738 1799 791 Chronograph.

349 816 386 852 p.
415 802 529 846 125..
559 803 624 849 qui
644 795 823 851 Γλόνης,
850 801 914 837 sed
935 801 1100 847 vitiose,
1129 799 1319 846 Procopio
1340 798 1382 835 L.
1405 797 1433 833 I.
1455 796 1551 834 Bell.
1574 796 1681 834 Pers.
1702 810 1734 834 o.
1757 798 1800 836 7².

353 858 464 903 Quod
486 859 662 894 ultimum
684 865 895 906 opportune
916 857 1139 894 observavit
1158 855 1216 893 Cl.
1234 854 1516 904 Barbeyraeius
1527 852 1801 892 Hist.F0e‹le1-.

352 915 394 952 P.
420 915 444 950 I.
468 927 501 961 p.
520 915 622 952 191.
641 914 686 950 ad
707 913 904 951 Persicum
921 913 1018 951 illud
1040 926 1178 950 nomen
1198 911 1494 951 adfirmandum.
1524 910 1634 947 Adde
1645 909 1804 948 Freins-

353 971 451 1008 hem.
479 972 518 1006 in
542 968 667 1007 Curtii
686 969 727 1007 L.
751 971 833 1007 VII.
858 973 899 1010 2.
935 970 1071 1007 VVESS.

469 1028 509 1066 6.
537 1027 611 1065 32.
639 1024 765 1066 Illam)
789 1030 863 1066 τοῦ
887 1023 1043 1079 βάρους
1063 1021 1372 1076 ἐπενεχθέντος]
1399 1023 1581 1076 Intellige
1602 1020 1650 1064 τὸ
1673 1018 1807 1078 βάρος

353 1086 428 1123 τοῦ
452 1081 540 1135 περὶ
567 1080 692 1122 αὐτὸν
713 1080 1001 1135 συστήματος,
1029 1090 1072 1120 ut
1091 1083 1193 1120 infra
1213 1097 1245 1121 c.
1273 1085 1345 1123 86.
1387 1082 1524 1121 Wssss.

472 1142 512 1180 ὕ.
544 1140 619 1178 49.
659 1137 925 1192 Πυθαγόραν
947 1141 1022 1191 μέν
1042 1137 1116 1179 τὸν
1137 1136 1225 1178 υἱὸν
1246 1136 1468 1191 ἀπέλιπεν]
1498 1138 1688 1175 Isocrates
1702 1136 1808 1175 Eva-

357 1210 443 1248 gor.
464 1209 500 1244 p.
523 1196 630 1236 293.
653 1199 753 1245 patri
775 1197 846 1234 hoc
868 1198 967 1233 bello
990 1193 1300 1248 σι’ναγωνιστὴν
1327 1196 1506 1246 adiungit
1529 1195 1654 1232 filium
1673 1195 1807 1246 How·-

358 1249 555 1305 vaydpmr,
583 1265 657 1301 quo
675 1256 829 1290 nomine
850 1254 1058 1290 Salaminis
1081 1267 1211 1304 regem
1231 1259 1366 1290 auctor
1383 1252 1425 1290 L.
1444 1251 1550 1289 XVI.
1572 1252 1647 1292 46.
1672 1251 1806 1288 habet:

359 1313 426 1359 qui
448 1310 599 1358 quidem
620 1309 722 1346 idem
743 1313 776 1347 si
795 1312 914 1347 fuerit
931 1324 975 1347 ac
996 1309 1252 1360 Pnytagoras
1265 1307 1496 1359 Cypriorum
1512 1321 1584 1345 rex
1601 1308 1702 1358 apud
1711 1306 1810 1345 Cur-

360 1369 457 1404 tium
486 1366 527 1403 L.
550 1366 614 1404 lV.
639 1367 695 1413 3.,
725 1367 877 1404 Arrian.
906 1368 1007 1415 Exp.
1040 1367 1150 1403 AleX.
1174 1366 1220 1403 ΙΙ.
1242 1368 1316 1409 20.
1348 1373 1385 1402 et
1415 1364 1556 1402 Athen..
1579 1365 1621 1402 L.
1642 1364 1709 1404 IV.
1740 1365 1809 1405 19.

361 1423 615 1474 corrigendus
637 1436 682 1458 eo
697 1424 781 1460 loco
792 1422 986 1461 Diodorus
1007 1425 1092 1471 erit,
1115 1429 1158 1459 ut
1180 1424 1296 1471 probe
1310 1423 1411 1460 vidit
1421 1421 1547 1459 Celeb.
1562 1421 1810 1461 lac,Perizo-

363 1483 503 1517 niusin
524 1480 677 1515 Aeliani
699 1479 740 1516 L.
765 1480 848 1516 Vll.
867 1480 916 1518 H.
937 1480 1026 1517 Var.
1047 1495 1078 1517 c.
1098 1482 1140 1519 2.
1169 1479 1360 1517 Diversus
1378 1481 1551 1528 aliusque
1571 1479 1726 1517 videtur
1747 1477 1812 1515 hio

362 1537 642 1586 Pythagoras,
673 1543 711 1572 et
731 1537 895 1574 fortasse
919 1540 1034 1574 etiam
1052 1538 1151 1573 male
1172 1538 1349 1584 scriptus,
1377 1532 1659 1588 Πνυταγόραν
1678 1548 1747 1572 suo
1768 1537 1813 1572 in

361 1593 612 1640 Theopompo
634 1591 705 1629 hoc
732 1599 903 1641 tempore
925 1593 1087 1630 Photius
1104 1592 1197 1632 Cod.
1219 1591 1435 1631 CLXXVI.
1457 1594 1622 1639 invenit,
1642 1594 1708 1640 qui
1729 1598 1813 1628 tur-

362 1651 473 1700 pibus
492 1649 673 1696 deinceps
692 1651 886 1686 amoribus
906 1664 982 1687 una
1003 1664 1088 1688 cum
1112 1657 1218 1698 patre
1246 1650 1449 1697 inplicitus
1477 1649 1647 1698 perierit.
1675 1648 1812 1686 Wssss.

359 1706 594 1756 Protagoras
614 1706 715 1753 apud
734 1706 941 1743 isocratem
954 1706 1236 1744 Ms.Vrbinatis
1252 1707 1483 1743 auctoritate
1504 1705 1813 1756 concessitPny-

360 1769 537 1813 tagorae:
566 1774 674 1809 quem
689 1762 750 1799 hic
779 1775 927 1811 quoque
953 1762 1125 1800 Diodoro
1145 1763 1425 1800 restituendum
1444 1775 1530 1799 esse
1550 1762 1686 1800 suadet
1697 1763 1814 1801 Πνυ-

359 1815 542 1870 ταγόρας
565 1821 605 1855 in
626 1818 816 1856 Athenaei
836 1821 920 1856 loco
948 1832 985 1868 p.
1012 1821 1114 1860 167.
1134 1832 1166 1856 c.
1197 1821 1240 1856 in
1270 1819 1354 1856 cod.
1392 1818 1620 1856 Florentino
1648 1819 1812 1858 Πυθα-

357 1871 486 1929 γόρας
507 1875 639 1911 eodem
661 1878 759 1912 vitio
779 1879 957 1926 scriptus.

481 1933 520 1971 7.
553 1933 625 1971 62.
668 1929 757 1977 Τὰς
777 1933 853 1983 μὲν
885 1929 1073 1986 φρουρὰς
1106 1929 1423 1985 ἀπετρίψαντο]
1455 1931 1561 1970 Mera
1582 1927 1816 1987 παραὸιόρ-

362 1989 498 2033 &cotug
519 1994 576 2023 est
596 1986 689 2038 Reg.
716 1990 752 2027 l.
781 1986 1079 2042 ἀπερῥίψαντο.
1100 1989 1467 2038 Frequentissimum
1491 1987 1815 2043 ἀποτρίψασθαι

363 2058 474 2080 usum
504 2043 618 2080 habet
646 2047 684 2080 in
714 2046 912 2094 omnibus,
959 2060 1054 2095 quae
1086 2048 1307 2094 repellimus
1342 2053 1380 2082 et
1405 2059 1429 2082 a
1457 2047 1569 2083 nobis
1598 2047 1814 2083 amolimur.

359 2097 717 2150 Ἀποτρίψασθαι
748 2099 846 2147 τοὺς
876 2102 1097 2153 πολεμίους
1125 2103 1267 2140 Noster
1287 2104 1387 2140 dixit
1404 2102 1477 2140 hoc
1498 2103 1598 2139 libro
1621 2116 1654 2142 c.
1679 2104 1753 2143 67.
1776 2109 1815 2139 et

365 2159 437 2197 (39.
469 2155 789 2206 ἀποτρίψασθαι
810 2159 1049 2211 πολιορκίαν
1069 2159 1266 2197 L.le11.
1283 2161 1355 2199 51.
1377 2156 1700 2210 ἀποτρίψασθαι
1722 2158 1815 2198 δια-

363 2210 494 2263 βολὰς
517 2212 556 2249 L.
578 2212 708 2250 XVII.
733 2215 771 2253 5·
799 2210 975 2265 πόλεμον
1005 2214 1312 2266 ἀποτρίβεσθαι
1335 2216 1471 2266 Polyb.
1492 2215 1536 2255 L.
1554 2215 1620 2252 111.
1644 2219 1683 2256 8.
1709 2222 1749 2253 et
1769 2215 1812 2253 L.

364 2269 435 2305 XI.
461 2272 514 2314 6.,
544 2281 612 2316 pro
646 2281 720 2317 quo
743 2272 872 2307 minus
894 2272 1093 2309 emendate
1116 2272 1157 2309 Ι...
1180 2272 1244 2309 111.
1272 2274 1375 2312 102.
1401 2268 1813 2325 μόλις-ἀπετρέψατο

362 2323 436 2364 τὸν
467 2324 671 2364 ἐνεστῶτα
700 2325 889 2366 κίνδυνον
903 2359 911 2373 ,
943 2335 981 2364 et
1000 2328 1041 2365 L.
1065 2328 1124 2366 lV.
1146 2330 1221 2368 45.
1253 2327 1580 2382 ἀποτρέψασθαι
1601 2325 1674 2368 τὸν
1694 2325 1815 2368 πόλε-

363 2397 443 2431 μον
459 2376 547 2419 ὀἷοί
567 2396 608 2419 τε
628 2381 717 2420 εἶσί.
747 2383 849 2426 Quin
870 2386 992 2433 ipsum
1014 2385 1123 2431 illud,
1150 2386 1249 2434 quod
1271 2399 1359 2434 prae
1380 2386 1556 2423 manibus
1581 2392 1653 2434 est,
1683 2398 1817 2423 recur-

362 2440 418 2474 rit
438 2437 479 2475 1..
505 2437 652 2476 XVIII.
679 2439 766 2484 74..
795 2440 862 2476 ubi
886 2439 1139 2491 'Amput'wv
1171 2441 1215 2481 δὲ
1231 2439 1290 2494 μὴ
1311 2439 1553 2494 δυναμένων
1574 2438 1816 2496 ἀποτρίψα-

362 2496 466 2532 σθαι
489 2490 564 2544 τὴν
585 2491 776 2545 φρουράν
797 2502 868 2534 etc.
902 2496 1035 2533 VVESS.

478 2551 517 2588 7.
546 2551 618 2589 65.
649 2547 806 2602 (Ὠσπερ
834 2550 945 2606 βαρὺ
967 2552 1140 2608 φορτίον
1163 2551 1239 2606 οὐχ
1264 2550 1497 2608 ὑπέμενον]
1531 2553 1619 2592 vid.
1637 2553 1680 2591 L.
1699 2553 1812 2595 XIII.

363 2607 437 2646 30.
462 2606 669 2655 adscripta.
698 2607 833 2644 VVESS.

476 2664 513 2701 7.
544 2664 615 2701 72.
655 2658 804 2714 Λόγον
832 2660 1019 2717 ἀπῄτουν
1046 2664 1160 2717 παρὰ
1187 2668 1271 2707 τῶν
1292 2661 1630 2719 ἓπεστατηκότων
1656 2664 1720 2705 ἐπὶ
1740 2668 1816 2719 τῆς

358 2715 452 2767 ete.]
482 2718 682 2767 copiosius
706 2718 798 2756 haec
819 2719 1013 2758 Diodorus
1035 2726 1259 2772 exsequitur
1279 2727 1441 2761 inferius
1471 2737 1505 2762 e.
1536 2724 1606 2763 14.
1635 2722 1770 2760 WEss.

469 2776 507 2814 7·
545 2776 618 2815 80.
673 2772 782 2814 Οὐδὲ
817 2772 890 2816 δύο
923 2775 992 2828 ἔτη
1024 2775 1282 2831 φυλάξαντες
1318 2777 1394 2826 τὰς
1424 2776 1566 2825 κοινὰς
1597 2776 1810 2832 σπονδὰς]

347 2827 487 2869 Pacem
510 2831 761 2881 Antan-idae,
790 2845 892 2871 anno
912 2835 955 2874 2.
977 2833 1131 2885 Olymp.
1155 2845 1301 2874 xcvffl.
1331 2837 1472 2875 initam
1498 2847 1547 2873 ex
1566 2835 1705 2876 Nostri
1725 2837 1810 2874 cal-
