1859 3326
324 190 418 233 542
788 183 1324 233 VANNOTATloNES

325 297 509 360 Θράκης.
566 299 736 340 Admitti
757 298 851 338 haec
870 301 1096 338 coniectura
1114 300 1268 348 nequit,
1297 300 1389 349 quia
1408 305 1518 338 trans
1536 299 1703 349 Nessum
1721 315 1785 340 re-

321 364 459 412 giones
484 363 722 406 innuuntur,
766 370 845 395 non
877 357 967 394 urbs
997 358 1148 405 aliqua,
1189 368 1284 404 quae
1315 358 1372 394 cis
1400 356 1568 395 Nessum
1595 359 1669 396 sita
1696 360 1783 397 fuit.

321 419 429 456 llaec
460 419 558 454 ratio
584 417 744 452 alteram
771 426 921 463 quoque
950 413 1033 450 eius
1061 413 1341 462 suspicionem,
1389 427 1506 482 quum
1535 417 1610 463 ait,
1650 429 1784 456 veram

321 477 528 514 lectionem
563 486 646 510 esse
680 470 967 518 EAYMHN,
1010 470 1227 509 labefactat.
1306 469 1394 508 Etsi
1429 473 1533 509 enim
1565 473 1628 509 vel
1661 477 1783 510 maxi-

320 545 381 571 me
406 526 568 582 Ἐλύμη
601 530 669 566 illa
698 530 749 565 sit
778 529 942 565 aliorum
974 523 1186 578 Ἔλιζιιεια,
1225 528 1289 564 vel
1314 523 1536 579 )Ελύμεια,
1566 530 1629 566 vel
1651 529 1784 566 Ptole·-

320 589 422 627 maei
441 591 555 625 etiam
567 583 751 636 ’'Exi-pm,
778 592 914 622 notum
933 591 1061 621 tamen
1082 596 1164 620 esse
1185 583 1300 621 debet
1320 599 1339 621 e
1359 584 1474 623 Livio
1494 584 1673 626 L.XLV.
1699 600 1781 636 cap.

324 648 400 687 30.
432 658 516 682 eam
534 643 580 680 ad
602 650 777 691 quartam
800 641 1052 679 Macedoniae
1070 642 1289 692 regionem,
1318 655 1397 679 non
1417 642 1466 679 ad
1489 644 1666 691 primam,
1695 657 1783 693 per-

321 704 510 747 tinuisse,
547 711 669 748 neque
698 700 832 749 procul
861 699 907 736 ab
936 698 1075 748 Epiro,
1112 700 1335 749 longissime
1365 712 1459 736 vero
1480 713 1502 736 a
1524 699 1671 747 Nesso,
1714 701 1782 738 ab·

318 762 452 798 fuisse.
493 757 722 794 SCHURZFL.
793 755 916 794 Miror
942 758 1114 793 virorum
1143 755 1457 793 doctissimorum
1484 758 1525 793 in
1555 770 1597 793 re
1623 759 1782 794 minime

320 816 471 854 difficili
496 813 783 852 fluctuationes.
829 811 1024 861 Scriptum
1050 814 1147 861 fuit,
1186 820 1228 849 ut
1260 814 1356 850 alias
1383 814 1587 850 ostendere
1609 814 1782 861 memini,

319 872 386 913 καὶ
422 869 475 910 τὰ
502 867 606 920 πρὸς
635 865 844 922 ἀνατολὴν
871 872 946 909 τοῦ
977 868 1142 909 Νέστου
1166 864 1364 921 ἐρύματα.
1425 870 1536 914 Quod
1557 870 1734 908 firmatur
1760 885 1784 908 a

317 929 433 968 Livio
464 927 506 965 L.
527 926 645 964 XLV.
677 927 778 973 29.‚
815 939 1071 965 accessurum
1101 926 1192 964 lzaz’c
1214 928 1333 978 parti
1360 933 1476 964 trans
1502 926 1687 975 Nessum,
1729 927 1786 966 ad

318 989 510 1024 orientem
531 996 709 1033 versum,
739 997 819 1036 qua
843 984 1017 1024 Perseus
1047 986 1239 1023 tenuisset
1266 986 1397 1033 vicos,
1435 995 1672 1034 CASTELLA,
1705 996 1782 1022 OP-

315 1053 440 1083 ΡιυΑ.
497 1041 635 1079 WEss.
930 1088 933 1090 q

435 1109 541 1149 Ibid.
580 1106 666 1149 Καὶ
686 1104 739 1149 τὰ
761 1105 867 1160 πρὸς
878 1105 1119 1162 Ἄβδηραν]
1148 1108 1206 1146 Ita
1226 1107 1404 1160 Syncelli
1426 1108 1559 1147 editio.
1601 1107 1783 1162 Scaliger

307 1165 516 1220 Ἄβδηρα,
540 1166 642 1215 quod
661 1168 785 1218 magis
798 1166 1000 1204 Graecum.
1034 1166 1162 1213 Verte,
1187 1168 1437 1204 territorium
1457 1168 1570 1204 circa
1581 1167 1781 1205 Abderam

318 1234 390 1263 etc.
451 1224 559 1273 ipsae
589 1225 693 1260 enim
721 1232 799 1261 tres
830 1224 944 1260 urbes
964 1225 1054 1261 illae
1072 1223 1398 1270 excludebantur,
1440 1236 1512 1261 nec
1530 1223 1782 1262 Macedoniae

316 1281 692 1320 annumerabantur:
734 1280 801 1317 sed
823 1288 860 1318 et
881 1281 1025 1318 liberae
1044 1287 1154 1317 erant
1174 1286 1212 1316 et
1233 1275 1470 1330 αὐτόνομοι.
1528 1281 1702 1330 Abdera,
1732 1283 1782 1319 li·-

317 1340 409 1377 bera
429 1340 581 1385 civitas,
602 1336 685 1374 Liv.
703 1337 922 1377 lib.XLlll.
948 1338 1084 1385 eap.4.
1115 1344 1153 1374 et
1171 1336 1299 1374 Plinio
1320 1337 1362 1374 L.
1379 1336 1442 1375 lv.
1465 1337 1514 1375 N.
1527 1337 1576 1375 H.
1606 1350 1688 1387 cap.
1706 1340 1724 1378 l
1739 1340 1778 1379 1.

317 1396 525 1442 Maronea,
556 1407 651 1445 quae
673 1393 924 1431 Macedoniae
943 1408 965 1431 a
987 1393 1244 1432 Constantino
1260 1393 1549 1446 Porphyrogen.
1571 1393 1617 1432 de
1639 1394 1776 1433 Them.

314 1452 364 1493 ll,
395 1451 533 1489 Tbem.
554 1454 596 1491 2.
631 1452 862 1498 ascribitur,
912 1458 1027 1502 atque
1058 1451 1187 1488 Aenos
1219 1453 1359 1498 etiam,
1408 1453 1532 1490 eidem
1560 1451 1672 1490 Livio
1710 1452 1777 1490 lib.

313 1508 518 1548 XXXlX.
547 1522 628 1558 cap.
650 1510 725 1548 27.
764 1509 907 1545 liberae
937 1516 1139 1546 vocantur.
1191 1506 1423 1545 SCHURZFL.
1504 1508 1593 1547 Non
1628 1509 1778 1556 dubito,

314 1569 408 1616 quin
441 1568 480 1602 in
511 1565 684 1603 Diodoro
712 1566 831 1602 fuerit
860 1562 967 1617 πλὴν
996 1563 1047 1605 τὰ
1081 1562 1396 1619 πρὸς’Άβὸ“ηρα
1423 1571 1496 1603 etc.
1557 1565 1780 1603 Clarissime

313 1624 449 1662 Livius
472 1623 562 1660 dict.
584 1624 656 1659 loc.
680 1635 935 1660 accessurum
958 1621 1444 1674 lcuicparti—-castella,
1473 1624 1633 1676 oppida,
1646 1636 1779 1676 prae-

315 1689 378 1719 ter
395 1681 547 1718 Aenum
566 1686 607 1717 et
627 1680 866 1718 Maroneam
886 1687 927 1718 et
945 1680 1120 1718 Abdera.
1180 1679 1314 1718 wass.

428 1749 536 1788 643.
573 1749 614 1788 9.
645 1743 693 1787 Ὁ
723 1744 978 1799 καλούμενος
998 1746 1155 1796 Ἄξιος]
1217 1747 1284 1785 Sic
1315 1746 1530 1797 Homerus,
1579 1747 1780 1798 Excerpta

312 1804 497 1843 Strab.L.
510 1805 591 1842 Vll.
596 1804 822 1856 ,.Scylaxp
836 1808 925 1853 ί)6.,
945 1806 1101 1854 Suidas,
1125 1804 1717 1854 StephanusinAZHOEAEIO
1722 1807 1777 1854 N,

310 1862 414 1901 Plut.
434 1864 474 1899 in
495 1861 694 1900 Demetrio
728 1877 763 1912 p.
783 1865 889 1904 809.
879 1890 914 1910 .,
947 1862 1189 1911 Nicephorus
1212 1862 1406 1913 Gregoras
1434 1863 1501 1899 lib.
1526 1858 1776 1916 V111.‘Pc),zae.

306 1913 454 1971 Ιστοο.
467 1947 478 1967 ,
500 1922 653 1968 aliique.
696 1919 894 1956 Cedrenus
916 1932 951 1968 p.
968 1921 1072 1959 705.
1106 1915 1266 1970 Emodus.
1284 1915 1434 1972 Ιστορ.
1454 1915 1625 1967 ’Λξειόν
1651 1927 1777 1958 vocat·

312 1976 507 2014 StraboL.
520 1976 602 2014 Vll.
625 1988 659 2025 p.
675 1977 798 2024 327.,
823 1976 1066 2014 Ptolemaeus
1085 1975 1326 2025 L.111.13·.,
1348 1977 1538 2027 paucique
1558 1978 1626 2015 alii
1643 1974 1777 2025 Ἀξιὸν

313 2035 506 2072 scribunt.
568 2032 799 2071 SCHURZFL.

431 2101 530 2140 [bid.
571 2100 657 2141 Kal
678 2118 716 2141 οι
738 2099 1032 2153 παρακείμενοι
1050 2097 1164 2155 αὐτῳ
1186 2095 1327 2152 τόποι]
1368 2100 1558 2150 Videtur,
1597 2108 1642 2140 ut
1670 2116 1690 2140 e
1715 2115 1778 2139 se-

310 2161 446 2207 quenti
478 2166 669 2196 commate
702 2160 847 2207 patebit
877 2165 916 2195 et
943 2157 1048 2196 Livii
1076 2160 1297 2196 testimonio
1323 2159 1480 2208 probari
1509 2165 1658 2210 potest,
1696 2172 1777 2197 vox

310 2215 631 2256 ΠΑΙΟΝΙΛΣ
647 2229 730 2253 esse
751 2215 939 2253 addenda.
997 2214 1227 2252 Seno-am

427 2284 638 2324 643.11.
678 2280 804 2323 Κατὰ
830 2281 905 2323 τὸν
935 2279 1114 2338 ἄρκτον]
1161 2282 1221 2320 lta
1247 2280 1306 2321 ed.
1339 2281 1530 2335 Syncelli.
1595 2224 1775 2336 Scaliger

308 2341 454 2378 rectius
475 2342 570 2391 legit
588 2337 696 2379 κατὰ
715 2338 797 2380 δὲ
781 2355 949 2393 αρκτον.
1011 2340 1241 2378 Sene-nm.

426 2409 636 2449 644.12
673 2406 733 2448 Τὸ
753 2403 969 2462 ὶεγόμενον
993 2407 1150 2462 Βέρνυν
1170 2405 1290 2460 ὄρος]
1341 2407 1518 2447 Montem
1537 2407 1689 2446 Boram
1710 2407 1776 2446 Li-

308 2466 398 2503 vius
419 2473 545 2503 vocat.
603 2465 688 2518 Ego
709 2479 788 2503 non
808 2466 956 2512 dubito,
980 2465 1161 2517 Βέρμιον
1182 2465 1301 2516 ὄρος,
1333 2473 1450 2516 prout
1469 2465 1682 2503 Salmasius
1705 2479 1775 2503 vo-

310 2523 405 2569 luit,
435 2523 640 2574 legendum
666 2536 770 2572 esse,
803 2524 980 2573 quamvis
1004 2522 1183 2575 Ιίέρμιον
1207 2521 1306 2575 ὄρος
1328 2531 1365 2561 et
1380 2523 1533 2573 Boram
1557 2522 1773 2572 distinguat

308 2581 352 2616 in
375 2580 505 2617 tabula
525 2580 775 2617 Macedoniae
799 2580 1066 2632 Geographica
1090 2579 1179 2617 Chr.
1203 2580 1405 2618 Cellarius.
1446 2577 1627 2631 Βερμιόυ
1647 2575 1772 2631 ὅρους

309 2639 488 2674 meminit
508 2636 748 2674 Ptolemaeus
770 2636 811 2673 L.
827 2637 893 2675 ΙΙΙ.
919 2651 999 2686 cap.
1019 2638 1088 2678 13.
1109 2637 1303 2687 Excerpta
1316 2637 1520 2674 Strabonis
1537 2635 1670 2672 L.Vll.
1708 2632 1772 2674 ὅτι

308 2688 334 2744 ἦ
358 2691 511 2744 Βέροια
532 2690 649 2740 πόλις
669 2693 710 2732 ἐν
729 2699 821 2741 ταῖς
840 2690 1063 2746 ’ὑπωρείαις
1081 2699 1208 2733 κεῖται
1230 2696 1304 2733 τοῦ
1326 2692 1510 2744 Βερμίου
1531 2689 1666 2742 ὄρους.
1717 2691 1770 2728 lo.

310 2748 519 2788 Douiatius
545 2751 594 2789 ad
625 2750 780 2789 Livium
805 2765 840 2801 p.
867 2753 972 2792 709.
1009 2751 1196 2790 Orbelam
1222 2764 1305 2788 esse
1326 2751 1429 2788 Livii
1449 2749 1603 2786 Boram
1635 2750 1771 2797 opina-

309 2812 384 2845 tur.
427 2807 528 2845 Male
560 2809 731 2845 omnino.
790 2810 890 2853 Quia
922 2811 1023 2846 enim
1052 2808 1218 2846 Orbelus
1246 2810 1287 2844 in
1317 2809 1440 2845 limite
1461 2806 1654 2843 Thracico
1684 2819 1770 2842 cum

307 2861 455 2902 Haemo
476 2867 734 2913 connectitur,
762 2872 800 2903 et
822 2865 1006 2904 Moesiam
1029 2878 1050 2903 a
1065 2865 1293 2903 Macedonia
1314 2864 1474 2910 dirimit,
1501 2869 1543 2901 ut
1565 2863 1635 2902 Ph.
1661 2861 1762 2899 Eric·-
