<?xml version="1.0" encoding="UTF-8"?>
<!DOCTYPE html PUBLIC "-//W3C//DTD XHTML 1.0 Transitional//EN"
    "http://www.w3.org/TR/xhtml1/DTD/xhtml1-transitional.dtd">
<html xmlns="http://www.w3.org/1999/xhtml" xml:lang="en" lang="en">
 <head>
  <title>
</title>
<meta http-equiv="Content-Type" content="text/html;charset=utf-8" />
  <meta name='ocr-system' content='tesseract 3.04.00' />
  <meta name='ocr-capabilities' content='ocr_page ocr_carea ocr_par ocr_line ocrx_word'/>
</head>
<body>
  <div class='ocr_page' id='page_1' title='image "./bibliothecahisto05dioduoft_0156.png"; bbox 0 0 1859 3326; ppageno 0'>
   <div class='ocr_carea' id='block_1_1' title="bbox 298 180 1293 225">
    <p class='ocr_par' dir='ltr' id='par_1_1' title="bbox 298 180 1293 225">
     <span class='ocr_line' id='line_1_1' title="bbox 298 180 1293 225; baseline 0.014 -14"><span class='ocrx_word' id='word_1_1' title='bbox 298 183 387 224; x_wconf 47' lang='grc' dir='ltr'>..ω</span> <span class='ocrx_word' id='word_1_2' title='bbox 769 180 1293 225; x_wconf 74' lang='lat' dir='ltr'>ANNoTATmNEs</span> 
     </span>
    </p>
   </div>
   <div class='ocr_carea' id='block_1_2' title="bbox 295 294 1754 1868">
    <p class='ocr_par' dir='ltr' id='par_1_2' title="bbox 295 294 1752 1307">
     <span class='ocr_line' id='line_1_2' title="bbox 295 294 1748 348; baseline 0.003 -16"><span class='ocrx_word' id='word_1_3' title='bbox 295 295 409 334; x_wconf 83' lang='lat' dir='ltr'>huius</span> <span class='ocrx_word' id='word_1_4' title='bbox 433 295 508 333; x_wconf 83' lang='lat' dir='ltr'>loci</span> <span class='ocrx_word' id='word_1_5' title='bbox 528 294 733 344; x_wconf 83' lang='lat' dir='ltr'>scriptura,</span> <span class='ocrx_word' id='word_1_6' title='bbox 753 301 791 332; x_wconf 81' lang='lat' dir='ltr'>et</span> <span class='ocrx_word' id='word_1_7' title='bbox 800 294 1043 344; x_wconf 74' lang='lat' dir='ltr'>Artaxerxis,</span> <span class='ocrx_word' id='word_1_8' title='bbox 1057 307 1170 345; x_wconf 88' lang='lat' dir='ltr'>quem</span> <span class='ocrx_word' id='word_1_9' title='bbox 1190 298 1390 348; x_wconf 79' lang='lat' dir='ltr'>superiora</span> <span class='ocrx_word' id='word_1_10' title='bbox 1409 297 1455 336; x_wconf 77' lang='lat' dir='ltr'>ab</span> <span class='ocrx_word' id='word_1_11' title='bbox 1476 297 1586 336; x_wconf 85' lang='lat' dir='ltr'>Ocho</span> <span class='ocrx_word' id='word_1_12' title='bbox 1607 299 1628 336; x_wconf 91' lang='lat' dir='ltr'>d</span> <span class='ocrx_word' id='word_1_13' title='bbox 1636 300 1748 337; x_wconf 86' lang='lat' dir='ltr'>istin-</span> 
     </span>
     <span class='ocr_line' id='line_1_3' title="bbox 295 351 1746 405; baseline 0.001 -15"><span class='ocrx_word' id='word_1_14' title='bbox 295 366 413 403; x_wconf 84' lang='lat' dir='ltr'>guere</span> <span class='ocrx_word' id='word_1_15' title='bbox 442 352 646 398; x_wconf 87' lang='lat' dir='ltr'>videntur,</span> <span class='ocrx_word' id='word_1_16' title='bbox 674 351 805 390; x_wconf 85' lang='lat' dir='ltr'>addita</span> <span class='ocrx_word' id='word_1_17' title='bbox 833 355 991 390; x_wconf 88' lang='lat' dir='ltr'>mentio.</span> <span class='ocrx_word' id='word_1_18' title='bbox 1039 353 1163 391; x_wconf 82' lang='lat' dir='ltr'>Favet</span> <span class='ocrx_word' id='word_1_19' title='bbox 1192 358 1307 392; x_wconf 90' lang='lat' dir='ltr'>etiam</span> <span class='ocrx_word' id='word_1_20' title='bbox 1337 355 1440 393; x_wconf 92' lang='lat' dir='ltr'>Plut.</span> <span class='ocrx_word' id='word_1_21' title='bbox 1469 355 1676 393; x_wconf 85' lang='lat' dir='ltr'>Artoxerx.</span> <span class='ocrx_word' id='word_1_22' title='bbox 1710 368 1746 405; x_wconf 92' lang='lat' dir='ltr'>p.</span> 
     </span>
     <span class='ocr_line' id='line_1_4' title="bbox 304 407 1747 456; baseline -0.001 -6"><span class='ocrx_word' id='word_1_23' title='bbox 304 410 436 450; x_wconf 82' lang='lat'><strong>1012.</strong></span> <span class='ocrx_word' id='word_1_24' title='bbox 456 408 517 455; x_wconf 66' lang='lat' dir='ltr'>A„</span> <span class='ocrx_word' id='word_1_25' title='bbox 541 407 653 445; x_wconf 88' lang='lat' dir='ltr'>Darii</span> <span class='ocrx_word' id='word_1_26' title='bbox 670 407 791 446; x_wconf 86' lang='lat' dir='ltr'><strong>Nothi</strong></span> <span class='ocrx_word' id='word_1_27' title='bbox 808 408 955 456; x_wconf 87' lang='lat' dir='ltr'>filium,</span> <span class='ocrx_word' id='word_1_28' title='bbox 983 408 1212 448; x_wconf 82' lang='lat' dir='ltr'>Artaxerxis</span> <span class='ocrx_word' id='word_1_29' title='bbox 1232 410 1448 449; x_wconf 88' lang='lat' dir='ltr'>Mnemonis</span> <span class='ocrx_word' id='word_1_30' title='bbox 1473 412 1630 449; x_wconf 86' lang='lat' dir='ltr'>fratrem</span> <span class='ocrx_word' id='word_1_31' title='bbox 1654 419 1747 449; x_wconf 86' lang='lat' dir='ltr'>natu</span> 
     </span>
     <span class='ocr_line' id='line_1_5' title="bbox 296 464 1748 514; baseline 0.002 -12"><span class='ocrx_word' id='word_1_32' title='bbox 296 469 484 503; x_wconf 82' lang='lat' dir='ltr'>minorem</span> <span class='ocrx_word' id='word_1_33' title='bbox 510 464 688 503; x_wconf 79' lang='lat' dir='ltr'>Ostanen</span> <span class='ocrx_word' id='word_1_34' title='bbox 706 477 935 502; x_wconf 89' lang='lat' dir='ltr'>memorans.</span> <span class='ocrx_word' id='word_1_35' title='bbox 989 465 1031 503; x_wconf 88' lang='lat' dir='ltr'>ld</span> <span class='ocrx_word' id='word_1_36' title='bbox 1054 479 1145 503; x_wconf 87' lang='lat' dir='ltr'>sane</span> <span class='ocrx_word' id='word_1_37' title='bbox 1174 468 1417 505; x_wconf 78' lang='lat' dir='ltr'>verissimum</span> <span class='ocrx_word' id='word_1_38' title='bbox 1439 474 1519 514; x_wconf 85' lang='lat' dir='ltr'>est,</span> <span class='ocrx_word' id='word_1_39' title='bbox 1552 467 1748 506; x_wconf 80' lang='lat' dir='ltr'>Arsamen</span> 
     </span>
     <span class='ocr_line' id='line_1_6' title="bbox 296 520 1747 573; baseline 0.002 -15"><span class='ocrx_word' id='word_1_40' title='bbox 296 521 527 559; x_wconf 83' lang='lat' dir='ltr'>Artaxerxis</span> <span class='ocrx_word' id='word_1_41' title='bbox 547 520 766 558; x_wconf 88' lang='lat' dir='ltr'>Mnemonis</span> <span class='ocrx_word' id='word_1_42' title='bbox 796 533 844 557; x_wconf 87' lang='lat' dir='ltr'>ex</span> <span class='ocrx_word' id='word_1_43' title='bbox 865 522 1080 559; x_wconf 85' lang='lat' dir='ltr'>concubina</span> <span class='ocrx_word' id='word_1_44' title='bbox 1110 522 1232 561; x_wconf 85' lang='lat' dir='ltr'>filium</span> <span class='ocrx_word' id='word_1_45' title='bbox 1251 524 1297 561; x_wconf 88' lang='lat' dir='ltr'>ab</span> <span class='ocrx_word' id='word_1_46' title='bbox 1317 523 1449 561; x_wconf 90' lang='lat' dir='ltr'>eodem</span> <span class='ocrx_word' id='word_1_47' title='bbox 1468 524 1569 561; x_wconf 88' lang='lat' dir='ltr'>Plut.</span> <span class='ocrx_word' id='word_1_48' title='bbox 1591 522 1683 561; x_wconf 83' lang='lat' dir='ltr'>ibid.</span> <span class='ocrx_word' id='word_1_49' title='bbox 1711 536 1747 573; x_wconf 87' lang='lat' dir='ltr'>p.</span> 
     </span>
     <span class='ocr_line' id='line_1_7' title="bbox 301 574 1749 630; baseline -0.001 -11"><span class='ocrx_word' id='word_1_50' title='bbox 301 579 437 619; x_wconf 81' lang='grc'><strong>1026.</strong></span> <span class='ocrx_word' id='word_1_51' title='bbox 461 578 678 624; x_wconf 86' lang='lat' dir='ltr'>memorari,</span> <span class='ocrx_word' id='word_1_52' title='bbox 693 576 928 627; x_wconf 88' lang='lat' dir='ltr'>Dariumque</span> <span class='ocrx_word' id='word_1_53' title='bbox 941 577 1044 616; x_wconf 88' lang='lat' dir='ltr'>hunc</span> <span class='ocrx_word' id='word_1_54' title='bbox 1061 574 1290 630; x_wconf 73' lang='grc' dir='ltr'><em>Ἀρσάμου</em></span> <span class='ocrx_word' id='word_1_55' title='bbox 1311 577 1416 628; x_wconf 77' lang='grc' dir='ltr'><strong><em>υἱὸν,</em></strong></span> <span class='ocrx_word' id='word_1_56' title='bbox 1431 579 1749 629; x_wconf 78' lang='lat' dir='ltr'>Arsamifilium,</span> 
     </span>
     <span class='ocr_line' id='line_1_8' title="bbox 297 633 1751 684; baseline 0.001 -12"><span class='ocrx_word' id='word_1_57' title='bbox 297 636 344 672; x_wconf 87' lang='lat' dir='ltr'>ab</span> <span class='ocrx_word' id='word_1_58' title='bbox 369 634 537 671; x_wconf 87' lang='lat' dir='ltr'>Eusebio</span> <span class='ocrx_word' id='word_1_59' title='bbox 557 639 595 670; x_wconf 89' lang='lat' dir='ltr'>et</span> <span class='ocrx_word' id='word_1_60' title='bbox 611 633 852 684; x_wconf 83' lang='lat' dir='ltr'>Hieronymo</span> <span class='ocrx_word' id='word_1_61' title='bbox 873 635 1075 672; x_wconf 90' lang='lat' dir='ltr'>nominari.</span> <span class='ocrx_word' id='word_1_62' title='bbox 1126 634 1204 672; x_wconf 86' lang='lat' dir='ltr'>Sed</span> <span class='ocrx_word' id='word_1_63' title='bbox 1224 649 1310 674; x_wconf 90' lang='lat' dir='ltr'>eum</span> <span class='ocrx_word' id='word_1_64' title='bbox 1332 635 1517 683; x_wconf 85' lang='lat' dir='ltr'>Arsamen</span> <span class='ocrx_word' id='word_1_65' title='bbox 1538 651 1623 674; x_wconf 90' lang='lat' dir='ltr'>cum</span> <span class='ocrx_word' id='word_1_66' title='bbox 1646 639 1751 675; x_wconf 87' lang='lat' dir='ltr'>occi-</span> 
     </span>
     <span class='ocr_line' id='line_1_9' title="bbox 297 689 1749 744; baseline 0.001 -16"><span class='ocrx_word' id='word_1_67' title='bbox 297 692 399 728; x_wconf 86' lang='lat' dir='ltr'>derit</span> <span class='ocrx_word' id='word_1_68' title='bbox 419 689 570 736; x_wconf 80' lang='lat' dir='ltr'>Ochus,</span> <span class='ocrx_word' id='word_1_69' title='bbox 602 689 704 740; x_wconf 86' lang='lat' dir='ltr'>quod</span> <span class='ocrx_word' id='word_1_70' title='bbox 735 691 937 740; x_wconf 85' lang='lat' dir='ltr'>inpensius</span> <span class='ocrx_word' id='word_1_71' title='bbox 965 704 989 729; x_wconf 87' lang='lat' dir='ltr'>a</span> <span class='ocrx_word' id='word_1_72' title='bbox 1008 698 1116 739; x_wconf 87' lang='lat' dir='ltr'>patre</span> <span class='ocrx_word' id='word_1_73' title='bbox 1142 700 1334 730; x_wconf 83' lang='lat' dir='ltr'>amaretur</span> <span class='ocrx_word' id='word_1_74' title='bbox 1363 705 1558 744; x_wconf 83' lang='lat' dir='ltr'>regnoque</span> <span class='ocrx_word' id='word_1_75' title='bbox 1579 693 1749 730; x_wconf 87' lang='lat' dir='ltr'>destina-</span> 
     </span>
     <span class='ocr_line' id='line_1_10' title="bbox 296 745 1749 799; baseline 0.001 -14"><span class='ocrx_word' id='word_1_76' title='bbox 296 754 404 785; x_wconf 86' lang='lat' dir='ltr'>retur</span> <span class='ocrx_word' id='word_1_77' title='bbox 424 759 635 792; x_wconf 76' lang='lat' dir='ltr'>successor,</span> <span class='ocrx_word' id='word_1_78' title='bbox 661 745 909 784; x_wconf 85' lang='lat' dir='ltr'>credemusne</span> <span class='ocrx_word' id='word_1_79' title='bbox 930 750 1163 797; x_wconf 82' lang='lat' dir='ltr'>suspicacem</span> <span class='ocrx_word' id='word_1_80' title='bbox 1183 756 1221 786; x_wconf 87' lang='lat' dir='ltr'>et</span> <span class='ocrx_word' id='word_1_81' title='bbox 1240 748 1431 787; x_wconf 86' lang='lat' dir='ltr'>crudelem</span> <span class='ocrx_word' id='word_1_82' title='bbox 1447 750 1749 799; x_wconf 85' lang='lat' dir='ltr'>principemfilio</span> 
     </span>
     <span class='ocr_line' id='line_1_11' title="bbox 298 801 1750 855; baseline 0.001 -14"><span class='ocrx_word' id='word_1_83' title='bbox 298 805 379 841; x_wconf 83' lang='lat' dir='ltr'>eius</span> <span class='ocrx_word' id='word_1_84' title='bbox 395 801 515 840; x_wconf 86' lang='lat' dir='ltr'>Dario</span> <span class='ocrx_word' id='word_1_85' title='bbox 545 814 700 850; x_wconf 80' lang='lat' dir='ltr'>parcere</span> <span class='ocrx_word' id='word_1_86' title='bbox 728 809 766 840; x_wconf 86' lang='lat' dir='ltr'>et</span> <span class='ocrx_word' id='word_1_87' title='bbox 784 804 943 853; x_wconf 88' lang='lat' dir='ltr'>imperia</span> <span class='ocrx_word' id='word_1_88' title='bbox 973 805 1156 842; x_wconf 86' lang='lat' dir='ltr'>mandare</span> <span class='ocrx_word' id='word_1_89' title='bbox 1174 802 1371 843; x_wconf 66' lang='lat' dir='ltr'>voluisse?</span> <span class='ocrx_word' id='word_1_90' title='bbox 1408 806 1633 855; x_wconf 86' lang='lat' dir='ltr'>praesertim</span> <span class='ocrx_word' id='word_1_91' title='bbox 1662 819 1750 843; x_wconf 90' lang='lat' dir='ltr'>cum</span> 
     </span>
     <span class='ocr_line' id='line_1_12' title="bbox 296 859 1751 913; baseline 0.002 -16"><span class='ocrx_word' id='word_1_92' title='bbox 296 861 444 910; x_wconf 77' lang='lat' dir='ltr'>regiam</span> <span class='ocrx_word' id='word_1_93' title='bbox 472 864 724 910; x_wconf 85' lang='lat' dir='ltr'>cognatorum</span> <span class='ocrx_word' id='word_1_94' title='bbox 745 859 860 897; x_wconf 85' lang='lat' dir='ltr'>caede</span> <span class='ocrx_word' id='word_1_95' title='bbox 890 867 929 897; x_wconf 89' lang='lat' dir='ltr'>et</span> <span class='ocrx_word' id='word_1_96' title='bbox 956 868 1083 913; x_wconf 83' lang='lat' dir='ltr'>strage</span> <span class='ocrx_word' id='word_1_97' title='bbox 1103 862 1319 912; x_wconf 87' lang='lat' dir='ltr'>principum</span> <span class='ocrx_word' id='word_1_98' title='bbox 1344 864 1457 913; x_wconf 79' lang='lat' dir='ltr'>regni</span> <span class='ocrx_word' id='word_1_99' title='bbox 1475 864 1665 912; x_wconf 89' lang='lat' dir='ltr'>principio</span> <span class='ocrx_word' id='word_1_100' title='bbox 1688 875 1751 899; x_wconf 87' lang='lat' dir='ltr'>re·-</span> 
     </span>
     <span class='ocr_line' id='line_1_13' title="bbox 297 917 1751 968; baseline 0.003 -16"><span class='ocrx_word' id='word_1_101' title='bbox 297 918 434 967; x_wconf 85' lang='lat' dir='ltr'>plerit,</span> <span class='ocrx_word' id='word_1_102' title='bbox 466 917 573 952; x_wconf 91' lang='lat' dir='ltr'>nulla</span> <span class='ocrx_word' id='word_1_103' title='bbox 592 927 671 952; x_wconf 90' lang='lat' dir='ltr'>non</span> <span class='ocrx_word' id='word_1_104' title='bbox 691 917 914 968; x_wconf 85' lang='lat' dir='ltr'>sanguinis,</span> <span class='ocrx_word' id='word_1_105' title='bbox 941 929 1021 956; x_wconf 89' lang='lat' dir='ltr'>non</span> <span class='ocrx_word' id='word_1_106' title='bbox 1047 931 1185 965; x_wconf 83' lang='lat' dir='ltr'>sexus,</span> <span class='ocrx_word' id='word_1_107' title='bbox 1217 929 1296 955; x_wconf 93' lang='lat' dir='ltr'>non</span> <span class='ocrx_word' id='word_1_108' title='bbox 1317 920 1452 956; x_wconf 87' lang='lat' dir='ltr'>aetatis</span> <span class='ocrx_word' id='word_1_109' title='bbox 1482 918 1751 956; x_wconf 83' lang='lat' dir='ltr'>misericordia</span> 
     </span>
     <span class='ocr_line' id='line_1_14' title="bbox 297 970 1749 1024; baseline 0.003 -17"><span class='ocrx_word' id='word_1_110' title='bbox 297 978 508 1022; x_wconf 82' lang='lat' dir='ltr'>permotus,</span> <span class='ocrx_word' id='word_1_111' title='bbox 531 971 590 1008; x_wconf 89' lang='lat' dir='ltr'>uti</span> <span class='ocrx_word' id='word_1_112' title='bbox 612 970 784 1010; x_wconf 89' lang='lat' dir='ltr'>lustinus</span> <span class='ocrx_word' id='word_1_113' title='bbox 802 972 844 1010; x_wconf 84' lang='lat' dir='ltr'><strong>L.</strong></span> <span class='ocrx_word' id='word_1_114' title='bbox 857 972 909 1011; x_wconf 92' lang='lat' dir='ltr'>X.</span> <span class='ocrx_word' id='word_1_115' title='bbox 926 974 967 1014; x_wconf 87' lang='lat'>3.</span> <span class='ocrx_word' id='word_1_116' title='bbox 995 975 1145 1013; x_wconf 85' lang='lat' dir='ltr'>scribit.</span> <span class='ocrx_word' id='word_1_117' title='bbox 1177 973 1275 1012; x_wconf 88' lang='lat' dir='ltr'>Mihi</span> <span class='ocrx_word' id='word_1_118' title='bbox 1295 977 1423 1012; x_wconf 83' lang='lat' dir='ltr'>onmia</span> <span class='ocrx_word' id='word_1_119' title='bbox 1441 977 1636 1024; x_wconf 87' lang='lat' dir='ltr'>reputanti</span> <span class='ocrx_word' id='word_1_120' title='bbox 1655 987 1749 1012; x_wconf 85' lang='lat' dir='ltr'>vero</span> 
     </span>
     <span class='ocr_line' id='line_1_15' title="bbox 299 1028 1750 1081; baseline 0.001 -16"><span class='ocrx_word' id='word_1_121' title='bbox 299 1030 339 1065; x_wconf 88' lang='lat' dir='ltr'>id</span> <span class='ocrx_word' id='word_1_122' title='bbox 362 1041 440 1066; x_wconf 92' lang='lat' dir='ltr'>non</span> <span class='ocrx_word' id='word_1_123' title='bbox 460 1028 504 1064; x_wconf 92' lang='lat' dir='ltr'>fit</span> <span class='ocrx_word' id='word_1_124' title='bbox 524 1030 672 1076; x_wconf 84' lang='lat' dir='ltr'>simile,</span> <span class='ocrx_word' id='word_1_125' title='bbox 707 1029 906 1080; x_wconf 86' lang='lat' dir='ltr'>placetque</span> <span class='ocrx_word' id='word_1_126' title='bbox 926 1030 1021 1068; x_wconf 81' lang='lat' dir='ltr'>adeo</span> <span class='ocrx_word' id='word_1_127' title='bbox 1044 1032 1245 1081; x_wconf 85' lang='lat' dir='ltr'>vulgatum</span> <span class='ocrx_word' id='word_1_128' title='bbox 1262 1033 1443 1070; x_wconf 87' lang='lat' dir='ltr'>retinere.</span> <span class='ocrx_word' id='word_1_129' title='bbox 1486 1031 1574 1069; x_wconf 93' lang='lat' dir='ltr'>Non</span> <span class='ocrx_word' id='word_1_130' title='bbox 1595 1044 1750 1080; x_wconf 86' lang='lat' dir='ltr'>possum</span> 
     </span>
     <span class='ocr_line' id='line_1_16' title="bbox 298 1084 1748 1134; baseline 0.001 -13"><span class='ocrx_word' id='word_1_131' title='bbox 298 1085 451 1134; x_wconf 86' lang='lat' dir='ltr'>quidem</span> <span class='ocrx_word' id='word_1_132' title='bbox 473 1084 639 1132; x_wconf 82' lang='lat' dir='ltr'>diffiteri,</span> <span class='ocrx_word' id='word_1_133' title='bbox 654 1091 806 1122; x_wconf 87' lang='lat' dir='ltr'>veteres</span> <span class='ocrx_word' id='word_1_134' title='bbox 827 1087 1010 1134; x_wconf 80' lang='lat' dir='ltr'>quasdam</span> <span class='ocrx_word' id='word_1_135' title='bbox 1029 1086 1189 1124; x_wconf 81' lang='lat' dir='ltr'>schedas</span> <span class='ocrx_word' id='word_1_136' title='bbox 1208 1087 1284 1124; x_wconf 83' lang='lat' dir='ltr'>alia</span> <span class='ocrx_word' id='word_1_137' title='bbox 1305 1089 1433 1124; x_wconf 89' lang='lat' dir='ltr'>omnia</span> <span class='ocrx_word' id='word_1_138' title='bbox 1451 1089 1574 1125; x_wconf 82' lang='lat' dir='ltr'>velle:</span> <span class='ocrx_word' id='word_1_139' title='bbox 1601 1087 1668 1124; x_wconf 83' lang='lat' dir='ltr'>sed</span> <span class='ocrx_word' id='word_1_140' title='bbox 1689 1089 1748 1123; x_wconf 79' lang='lat' dir='ltr'>in-</span> 
     </span>
     <span class='ocr_line' id='line_1_17' title="bbox 298 1141 1752 1193; baseline 0 -13"><span class='ocrx_word' id='word_1_141' title='bbox 298 1150 356 1180; x_wconf 83' lang='lat' dir='ltr'>ter</span> <span class='ocrx_word' id='word_1_142' title='bbox 377 1154 440 1178; x_wconf 87' lang='lat' dir='ltr'>eas</span> <span class='ocrx_word' id='word_1_143' title='bbox 461 1142 568 1178; x_wconf 89' lang='lat' dir='ltr'>nulla</span> <span class='ocrx_word' id='word_1_144' title='bbox 586 1141 791 1179; x_wconf 88' lang='lat' dir='ltr'>intercedit</span> <span class='ocrx_word' id='word_1_145' title='bbox 809 1143 1016 1181; x_wconf 87' lang='lat' dir='ltr'>concordia</span> <span class='ocrx_word' id='word_1_146' title='bbox 1030 1169 1041 1191; x_wconf 88' lang='lat'>,</span> <span class='ocrx_word' id='word_1_147' title='bbox 1082 1150 1120 1180; x_wconf 89' lang='lat' dir='ltr'>et</span> <span class='ocrx_word' id='word_1_148' title='bbox 1140 1145 1267 1181; x_wconf 87' lang='lat' dir='ltr'>solent</span> <span class='ocrx_word' id='word_1_149' title='bbox 1288 1143 1498 1193; x_wconf 88' lang='lat' dir='ltr'>antiquarii</span> <span class='ocrx_word' id='word_1_150' title='bbox 1516 1146 1557 1180; x_wconf 90' lang='lat' dir='ltr'>in</span> <span class='ocrx_word' id='word_1_151' title='bbox 1579 1143 1752 1180; x_wconf 83' lang='lat' dir='ltr'>barbaris</span> 
     </span>
     <span class='ocr_line' id='line_1_18' title="bbox 298 1194 1751 1247; baseline 0.001 -11"><span class='ocrx_word' id='word_1_152' title='bbox 298 1197 520 1236; x_wconf 83' lang='lat' dir='ltr'>nominibus</span> <span class='ocrx_word' id='word_1_153' title='bbox 541 1198 660 1234; x_wconf 86' lang='lat' dir='ltr'>multa</span> <span class='ocrx_word' id='word_1_154' title='bbox 680 1198 904 1243; x_wconf 76' lang='lat' dir='ltr'>admittere:</span> <span class='ocrx_word' id='word_1_155' title='bbox 937 1212 986 1237; x_wconf 86' lang='lat' dir='ltr'>ne</span> <span class='ocrx_word' id='word_1_156' title='bbox 1006 1212 1110 1236; x_wconf 89' lang='lat' dir='ltr'>nunc</span> <span class='ocrx_word' id='word_1_157' title='bbox 1128 1199 1289 1247; x_wconf 85' lang='lat' dir='ltr'>addam,</span> <span class='ocrx_word' id='word_1_158' title='bbox 1317 1212 1433 1238; x_wconf 86' lang='lat' dir='ltr'>voces</span> <span class='ocrx_word' id='word_1_159' title='bbox 1453 1201 1527 1239; x_wconf 76' lang='grc' dir='ltr'>τοῦ</span> <span class='ocrx_word' id='word_1_160' title='bbox 1549 1194 1751 1239; x_wconf 73' lang='grc' dir='ltr'><strong><em>Ὀστάνου</em></strong></span> 
     </span>
     <span class='ocr_line' id='line_1_19' title="bbox 300 1254 1302 1307; baseline 0.001 -15"><span class='ocrx_word' id='word_1_161' title='bbox 300 1268 378 1292; x_wconf 75' lang='lat' dir='ltr'>non</span> <span class='ocrx_word' id='word_1_162' title='bbox 401 1254 530 1291; x_wconf 82' lang='lat' dir='ltr'>videri</span> <span class='ocrx_word' id='word_1_163' title='bbox 551 1255 700 1292; x_wconf 87' lang='lat' dir='ltr'>incuria</span> <span class='ocrx_word' id='word_1_164' title='bbox 720 1255 884 1303; x_wconf 87' lang='lat' dir='ltr'>quadam</span> <span class='ocrx_word' id='word_1_165' title='bbox 902 1257 1137 1307; x_wconf 84' lang='lat' dir='ltr'>progenitas.</span> <span class='ocrx_word' id='word_1_166' title='bbox 1166 1255 1302 1293; x_wconf 82' lang='lat' dir='ltr'>WEss.</span> 
     </span>
    </p>

    <p class='ocr_par' dir='ltr' id='par_1_3' title="bbox 300 1306 1754 1475">
     <span class='ocr_line' id='line_1_20' title="bbox 415 1306 1754 1365; baseline 0.001 -15"><span class='ocrx_word' id='word_1_167' title='bbox 415 1309 519 1350; x_wconf 84' lang='lat'><strong>164.</strong></span> <span class='ocrx_word' id='word_1_168' title='bbox 554 1311 591 1350; x_wconf 91' lang='lat'><strong>1.</strong></span> <span class='ocrx_word' id='word_1_169' title='bbox 632 1306 860 1363; x_wconf 81' lang='grc' dir='ltr'><em>Ἠνάγκασε</em></span> <span class='ocrx_word' id='word_1_170' title='bbox 890 1316 993 1352; x_wconf 73' lang='grc' dir='ltr'><em>πιεῖν</em></span> <span class='ocrx_word' id='word_1_171' title='bbox 1023 1309 1070 1351; x_wconf 82' lang='grc' dir='ltr'>τὸ</span> <span class='ocrx_word' id='word_1_172' title='bbox 1103 1307 1356 1365; x_wconf 78' lang='grc' dir='ltr'>φάρμακον]</span> <span class='ocrx_word' id='word_1_173' title='bbox 1399 1308 1487 1349; x_wconf 86' lang='lat' dir='ltr'>Vid.</span> <span class='ocrx_word' id='word_1_174' title='bbox 1513 1309 1686 1349; x_wconf 84' lang='lat' dir='ltr'>Curtium</span> <span class='ocrx_word' id='word_1_175' title='bbox 1709 1310 1754 1349; x_wconf 86' lang='lat' dir='ltr'><strong>L.</strong></span> 
     </span>
     <span class='ocr_line' id='line_1_21' title="bbox 300 1364 1753 1419; baseline 0.002 -16"><span class='ocrx_word' id='word_1_176' title='bbox 300 1366 366 1406; x_wconf 85' lang='lat' dir='ltr'>Vl.</span> <span class='ocrx_word' id='word_1_177' title='bbox 390 1367 432 1406; x_wconf 83' lang='lat'><strong>4.</strong></span> <span class='ocrx_word' id='word_1_178' title='bbox 462 1367 533 1407; x_wconf 88' lang='lat'><strong>10.</strong></span> <span class='ocrx_word' id='word_1_179' title='bbox 565 1372 604 1403; x_wconf 90' lang='lat' dir='ltr'>et</span> <span class='ocrx_word' id='word_1_180' title='bbox 632 1364 705 1404; x_wconf 86' lang='lat' dir='ltr'>Iac.</span> <span class='ocrx_word' id='word_1_181' title='bbox 726 1367 900 1407; x_wconf 85' lang='lat' dir='ltr'>Gronov.</span> <span class='ocrx_word' id='word_1_182' title='bbox 930 1369 972 1406; x_wconf 89' lang='lat' dir='ltr'>in</span> <span class='ocrx_word' id='word_1_183' title='bbox 994 1368 1152 1406; x_wconf 85' lang='lat' dir='ltr'>Arriani</span> <span class='ocrx_word' id='word_1_184' title='bbox 1173 1368 1215 1406; x_wconf 85' lang='lat' dir='ltr'><strong>L.</strong></span> <span class='ocrx_word' id='word_1_185' title='bbox 1235 1368 1283 1406; x_wconf 87' lang='grc' dir='ltr'><strong>ΙΙ.</strong></span> <span class='ocrx_word' id='word_1_186' title='bbox 1309 1369 1379 1410; x_wconf 88' lang='grc'><strong>14.</strong></span> <span class='ocrx_word' id='word_1_187' title='bbox 1397 1380 1433 1419; x_wconf 88' lang='lat' dir='ltr'>p.</span> <span class='ocrx_word' id='word_1_188' title='bbox 1457 1368 1529 1409; x_wconf 84' lang='lat'><strong>85.</strong></span> <span class='ocrx_word' id='word_1_189' title='bbox 1567 1367 1753 1406; x_wconf 88' lang='lat' dir='ltr'>Blancar·</span> 
     </span>
     <span class='ocr_line' id='line_1_22' title="bbox 300 1421 1173 1475; baseline 0.001 -14"><span class='ocrx_word' id='word_1_190' title='bbox 300 1423 391 1461; x_wconf 91' lang='lat' dir='ltr'>dum</span> <span class='ocrx_word' id='word_1_191' title='bbox 409 1429 513 1460; x_wconf 85' lang='lat' dir='ltr'>recte</span> <span class='ocrx_word' id='word_1_192' title='bbox 536 1421 579 1460; x_wconf 85' lang='lat' dir='ltr'>in</span> <span class='ocrx_word' id='word_1_193' title='bbox 602 1422 777 1461; x_wconf 86' lang='lat' dir='ltr'>ordinem</span> <span class='ocrx_word' id='word_1_194' title='bbox 796 1431 1009 1475; x_wconf 87' lang='lat' dir='ltr'>cogentem.</span> <span class='ocrx_word' id='word_1_195' title='bbox 1036 1424 1173 1462; x_wconf 53' lang='lat' dir='ltr'><strong>WVESS.</strong></span> 
     </span>
    </p>

    <p class='ocr_par' dir='ltr' id='par_1_4' title="bbox 299 1475 1754 1588">
     <span class='ocr_line' id='line_1_23' title="bbox 416 1475 1754 1534; baseline 0.001 -15"><span class='ocrx_word' id='word_1_196' title='bbox 416 1479 519 1520; x_wconf 82' lang='lat'><strong>164.</strong></span> <span class='ocrx_word' id='word_1_197' title='bbox 551 1480 590 1520; x_wconf 86' lang='lat'><strong>8.</strong></span> <span class='ocrx_word' id='word_1_198' title='bbox 631 1475 782 1526; x_wconf 65' lang='lat' dir='ltr'>Mdvog</span> <span class='ocrx_word' id='word_1_199' title='bbox 814 1479 860 1519; x_wconf 76' lang='grc' dir='ltr'>δὲ</span> <span class='ocrx_word' id='word_1_200' title='bbox 881 1480 1063 1534; x_wconf 77' lang='grc' dir='ltr'><em>Δαρεῖος</em></span> <span class='ocrx_word' id='word_1_201' title='bbox 1087 1476 1274 1528; x_wconf 72' lang='grc' dir='ltr'><em>ὑποστὰς</em></span> <span class='ocrx_word' id='word_1_202' title='bbox 1301 1477 1375 1521; x_wconf 82' lang='grc' dir='ltr'>τὸν</span> <span class='ocrx_word' id='word_1_203' title='bbox 1410 1478 1626 1532; x_wconf 72' lang='grc' dir='ltr'><strong><em>κίνδυνον]</em></strong></span> <span class='ocrx_word' id='word_1_204' title='bbox 1656 1479 1754 1520; x_wconf 88' lang='lat' dir='ltr'>Rem</span> 
     </span>
     <span class='ocr_line' id='line_1_24' title="bbox 299 1533 1183 1588; baseline 0 -15"><span class='ocrx_word' id='word_1_205' title='bbox 299 1541 447 1588; x_wconf 84' lang='lat' dir='ltr'>gestam</span> <span class='ocrx_word' id='word_1_206' title='bbox 467 1535 627 1586; x_wconf 83' lang='lat' dir='ltr'>attingit</span> <span class='ocrx_word' id='word_1_207' title='bbox 647 1533 817 1574; x_wconf 87' lang='lat' dir='ltr'>lustinus</span> <span class='ocrx_word' id='word_1_208' title='bbox 841 1534 884 1573; x_wconf 88' lang='lat' dir='ltr'><strong>L.</strong></span> <span class='ocrx_word' id='word_1_209' title='bbox 905 1536 960 1575; x_wconf 84' lang='lat' dir='ltr'><strong>X.</strong></span> <span class='ocrx_word' id='word_1_210' title='bbox 981 1538 1021 1578; x_wconf 89' lang='lat'>3.</span> <span class='ocrx_word' id='word_1_211' title='bbox 1049 1536 1183 1576; x_wconf 78' lang='lat' dir='ltr'>WEss.</span> 
     </span>
    </p>

    <p class='ocr_par' dir='ltr' id='par_1_5' title="bbox 300 1588 1754 1868">
     <span class='ocr_line' id='line_1_25' title="bbox 417 1588 1754 1646; baseline -0.003 -13"><span class='ocrx_word' id='word_1_212' title='bbox 417 1593 522 1633; x_wconf 88' lang='grc'><strong>165.</strong></span> <span class='ocrx_word' id='word_1_213' title='bbox 546 1592 620 1631; x_wconf 88' lang='grc'>35.</span> <span class='ocrx_word' id='word_1_214' title='bbox 651 1588 968 1646; x_wconf 74' lang='grc' dir='ltr'><em>ΖΠισθοφόρους</em></span> <span class='ocrx_word' id='word_1_215' title='bbox 994 1591 1375 1644; x_wconf 79' lang='grc' dir='ltr'><strong><em>πεντακισχιλίους]</em></strong></span> <span class='ocrx_word' id='word_1_216' title='bbox 1407 1590 1578 1644; x_wconf 86' lang='lat' dir='ltr'>Corrigit</span> <span class='ocrx_word' id='word_1_217' title='bbox 1594 1591 1754 1630; x_wconf 89' lang='lat' dir='ltr'>Freins-</span> 
     </span>
     <span class='ocr_line' id='line_1_26' title="bbox 300 1645 1754 1702; baseline 0.001 -18"><span class='ocrx_word' id='word_1_218' title='bbox 300 1647 402 1687; x_wconf 88' lang='lat' dir='ltr'>hem.</span> <span class='ocrx_word' id='word_1_219' title='bbox 432 1650 475 1685; x_wconf 90' lang='lat' dir='ltr'>in</span> <span class='ocrx_word' id='word_1_220' title='bbox 494 1647 626 1684; x_wconf 88' lang='lat' dir='ltr'>Indice</span> <span class='ocrx_word' id='word_1_221' title='bbox 648 1645 776 1686; x_wconf 83' lang='lat' dir='ltr'>Curtii</span> <span class='ocrx_word' id='word_1_222' title='bbox 805 1662 899 1687; x_wconf 90' lang='lat' dir='ltr'>voce</span> <span class='ocrx_word' id='word_1_223' title='bbox 916 1650 1099 1688; x_wconf 82' lang='lat' dir='ltr'>Memnon</span> <span class='ocrx_word' id='word_1_224' title='bbox 1119 1646 1511 1702; x_wconf 74' lang='grc' dir='ltr'><em>πεντακισμυρίους,</em></span> <span class='ocrx_word' id='word_1_225' title='bbox 1543 1649 1645 1699; x_wconf 91' lang='lat' dir='ltr'>quod</span> <span class='ocrx_word' id='word_1_226' title='bbox 1666 1655 1754 1686; x_wconf 91' lang='lat' dir='ltr'>tan-</span> 
     </span>
     <span class='ocr_line' id='line_1_27' title="bbox 301 1704 1754 1756; baseline 0.003 -16"><span class='ocrx_word' id='word_1_227' title='bbox 301 1711 378 1741; x_wconf 85' lang='lat' dir='ltr'>tam</span> <span class='ocrx_word' id='word_1_228' title='bbox 399 1705 446 1741; x_wconf 90' lang='lat' dir='ltr'>ad</span> <span class='ocrx_word' id='word_1_229' title='bbox 466 1704 750 1753; x_wconf 78' lang='lat' dir='ltr'>expeditionem</span> <span class='ocrx_word' id='word_1_230' title='bbox 778 1718 959 1744; x_wconf 88' lang='lat' dir='ltr'>numerus</span> <span class='ocrx_word' id='word_1_231' title='bbox 980 1707 1149 1756; x_wconf 84' lang='lat' dir='ltr'>quinque</span> <span class='ocrx_word' id='word_1_232' title='bbox 1178 1707 1344 1743; x_wconf 88' lang='lat' dir='ltr'>millium</span> <span class='ocrx_word' id='word_1_233' title='bbox 1368 1708 1419 1743; x_wconf 90' lang='lat' dir='ltr'>sit</span> <span class='ocrx_word' id='word_1_234' title='bbox 1441 1705 1643 1743; x_wconf 87' lang='lat' dir='ltr'>admodum</span> <span class='ocrx_word' id='word_1_235' title='bbox 1665 1718 1754 1754; x_wconf 88' lang='lat' dir='ltr'>par-</span> 
     </span>
     <span class='ocr_line' id='line_1_28' title="bbox 300 1759 1753 1811; baseline 0.001 -13"><span class='ocrx_word' id='word_1_236' title='bbox 300 1773 384 1799; x_wconf 84' lang='lat' dir='ltr'>vus.</span> <span class='ocrx_word' id='word_1_237' title='bbox 440 1759 659 1811; x_wconf 86' lang='lat' dir='ltr'>Cogitasset</span> <span class='ocrx_word' id='word_1_238' title='bbox 679 1763 742 1798; x_wconf 87' lang='lat' dir='ltr'>vir</span> <span class='ocrx_word' id='word_1_239' title='bbox 760 1762 956 1810; x_wconf 84' lang='lat' dir='ltr'>eruditus,</span> <span class='ocrx_word' id='word_1_240' title='bbox 994 1773 1074 1799; x_wconf 89' lang='lat' dir='ltr'>non</span> <span class='ocrx_word' id='word_1_241' title='bbox 1097 1762 1262 1800; x_wconf 87' lang='lat' dir='ltr'>describi</span> <span class='ocrx_word' id='word_1_242' title='bbox 1280 1763 1507 1800; x_wconf 86' lang='lat' dir='ltr'>universum</span> <span class='ocrx_word' id='word_1_243' title='bbox 1526 1764 1753 1809; x_wconf 84' lang='lat' dir='ltr'>exercitum,</span> 
     </span>
     <span class='ocr_line' id='line_1_29' title="bbox 300 1816 1752 1868; baseline 0.001 -14"><span class='ocrx_word' id='word_1_244' title='bbox 300 1818 366 1867; x_wconf 90' lang='lat' dir='ltr'>qui</span> <span class='ocrx_word' id='word_1_245' title='bbox 388 1816 436 1854; x_wconf 88' lang='lat' dir='ltr'>ad</span> <span class='ocrx_word' id='word_1_246' title='bbox 456 1830 538 1854; x_wconf 86' lang='lat' dir='ltr'>rem</span> <span class='ocrx_word' id='word_1_247' title='bbox 556 1816 766 1868; x_wconf 82' lang='lat' dir='ltr'>gerendam</span> <span class='ocrx_word' id='word_1_248' title='bbox 788 1816 1007 1856; x_wconf 89' lang='lat' dir='ltr'>Memnonis</span> <span class='ocrx_word' id='word_1_249' title='bbox 1027 1818 1171 1856; x_wconf 90' lang='lat' dir='ltr'>Rhodii</span> <span class='ocrx_word' id='word_1_250' title='bbox 1189 1818 1351 1868; x_wconf 88' lang='lat' dir='ltr'>imperio</span> <span class='ocrx_word' id='word_1_251' title='bbox 1370 1818 1445 1856; x_wconf 85' lang='lat' dir='ltr'>fuit</span> <span class='ocrx_word' id='word_1_252' title='bbox 1466 1818 1654 1866; x_wconf 85' lang='lat' dir='ltr'>traditus,</span> <span class='ocrx_word' id='word_1_253' title='bbox 1685 1818 1752 1856; x_wconf 86' lang='lat' dir='ltr'>sed</span> 
     </span>
    </p>
   </div>
   <div class='ocr_carea' id='block_1_3' title="bbox 301 1873 1756 1967">
    <p class='ocr_par' dir='ltr' id='par_1_6' title="bbox 301 1873 1756 1967">
     <span class='ocr_line' id='line_1_30' title="bbox 301 1873 1756 1927; baseline 0.003 -18"><span class='ocrx_word' id='word_1_254' title='bbox 301 1875 404 1910; x_wconf 85' lang='lat' dir='ltr'>solos</span> <span class='ocrx_word' id='word_1_255' title='bbox 434 1886 522 1910; x_wconf 87' lang='lat' dir='ltr'>aere</span> <span class='ocrx_word' id='word_1_256' title='bbox 553 1874 657 1925; x_wconf 82' lang='lat' dir='ltr'>regis</span> <span class='ocrx_word' id='word_1_257' title='bbox 685 1873 921 1924; x_wconf 80' lang='lat' dir='ltr'>conductos,</span> <span class='ocrx_word' id='word_1_258' title='bbox 968 1880 1007 1913; x_wconf 81' lang='lat' dir='ltr'>et</span> <span class='ocrx_word' id='word_1_259' title='bbox 1034 1877 1275 1914; x_wconf 85' lang='lat' dir='ltr'>temerariam</span> <span class='ocrx_word' id='word_1_260' title='bbox 1295 1876 1573 1913; x_wconf 85' lang='lat' dir='ltr'>correctionem</span> <span class='ocrx_word' id='word_1_261' title='bbox 1593 1877 1756 1927; x_wconf 81' lang='lat' dir='ltr'>spongia</span> 
     </span>
     <span class='ocr_line' id='line_1_31' title="bbox 301 1929 645 1967; baseline 0.006 -2"><span class='ocrx_word' id='word_1_262' title='bbox 301 1929 477 1967; x_wconf 81' lang='lat' dir='ltr'>delesset.</span> <span class='ocrx_word' id='word_1_263' title='bbox 504 1929 645 1967; x_wconf 78' lang='lat' dir='ltr'><strong>VVESS.</strong></span> 
     </span>
    </p>
   </div>
   <div class='ocr_carea' id='block_1_4' title="bbox 298 1981 1756 2873">
    <p class='ocr_par' dir='ltr' id='par_1_7' title="bbox 300 1981 1756 2473">
     <span class='ocr_line' id='line_1_32' title="bbox 419 1981 1756 2040; baseline 0 -14"><span class='ocrx_word' id='word_1_264' title='bbox 419 1985 520 2027; x_wconf 80' lang='lat'><strong>165.</strong></span> <span class='ocrx_word' id='word_1_265' title='bbox 550 1983 626 2026; x_wconf 79' lang='lat'>40.</span> <span class='ocrx_word' id='word_1_266' title='bbox 660 1981 777 2026; x_wconf 81' lang='grc' dir='ltr'>Ἀπὸ</span> <span class='ocrx_word' id='word_1_267' title='bbox 811 1984 888 2038; x_wconf 75' lang='grc' dir='ltr'>τῆς</span> <span class='ocrx_word' id='word_1_268' title='bbox 916 1982 1164 2034; x_wconf 71' lang='grc' dir='ltr'><em>Μελισσέως</em></span> <span class='ocrx_word' id='word_1_269' title='bbox 1178 1982 1322 2040; x_wconf 76' lang='grc' dir='ltr'><strong><em>Ἴδης]</em></strong></span> <span class='ocrx_word' id='word_1_270' title='bbox 1365 1984 1604 2025; x_wconf 88' lang='lat' dir='ltr'>Cretensium</span> <span class='ocrx_word' id='word_1_271' title='bbox 1623 2000 1756 2040; x_wconf 87' lang='lat' dir='ltr'>regem</span> 
     </span>
     <span class='ocr_line' id='line_1_33' title="bbox 302 2040 1755 2092; baseline 0.002 -14"><span class='ocrx_word' id='word_1_272' title='bbox 302 2040 504 2090; x_wconf 81' lang='lat' dir='ltr'>Melissea,</span> <span class='ocrx_word' id='word_1_273' title='bbox 542 2046 651 2080; x_wconf 83' lang='lat' dir='ltr'>euius</span> <span class='ocrx_word' id='word_1_274' title='bbox 673 2041 775 2080; x_wconf 89' lang='lat' dir='ltr'>filiae</span> <span class='ocrx_word' id='word_1_275' title='bbox 794 2041 982 2081; x_wconf 86' lang='lat' dir='ltr'>Adrastea</span> <span class='ocrx_word' id='word_1_276' title='bbox 1001 2051 1039 2081; x_wconf 87' lang='lat' dir='ltr'>et</span> <span class='ocrx_word' id='word_1_277' title='bbox 1057 2043 1125 2081; x_wconf 87' lang='lat' dir='ltr'>Ida</span> <span class='ocrx_word' id='word_1_278' title='bbox 1144 2043 1248 2082; x_wconf 88' lang='lat' dir='ltr'>Iovis</span> <span class='ocrx_word' id='word_1_279' title='bbox 1268 2045 1414 2081; x_wconf 85' lang='lat' dir='ltr'>fuerint</span> <span class='ocrx_word' id='word_1_280' title='bbox 1434 2046 1630 2092; x_wconf 89' lang='lat' dir='ltr'>nutrices,</span> <span class='ocrx_word' id='word_1_281' title='bbox 1672 2058 1755 2082; x_wconf 87' lang='lat' dir='ltr'>me·</span> 
     </span>
     <span class='ocr_line' id='line_1_34' title="bbox 301 2097 1755 2147; baseline 0.003 -13"><span class='ocrx_word' id='word_1_282' title='bbox 301 2104 427 2135; x_wconf 87' lang='lat' dir='ltr'>morat</span> <span class='ocrx_word' id='word_1_283' title='bbox 445 2098 667 2147; x_wconf 89' lang='lat' dir='ltr'>Apollodor.</span> <span class='ocrx_word' id='word_1_284' title='bbox 688 2097 786 2138; x_wconf 88' lang='lat' dir='ltr'>Bibl.</span> <span class='ocrx_word' id='word_1_285' title='bbox 816 2098 860 2136; x_wconf 89' lang='lat' dir='ltr'><strong>L.</strong></span> <span class='ocrx_word' id='word_1_286' title='bbox 881 2098 910 2137; x_wconf 90' lang='grc' dir='ltr'>Ι.</span> <span class='ocrx_word' id='word_1_287' title='bbox 937 2101 973 2139; x_wconf 86' lang='lat' dir='ltr'>l.</span> <span class='ocrx_word' id='word_1_288' title='bbox 994 2099 1051 2147; x_wconf 85' lang='grc'><strong>3.,</strong></span> <span class='ocrx_word' id='word_1_289' title='bbox 1079 2099 1177 2137; x_wconf 87' lang='lat' dir='ltr'>bene</span> <span class='ocrx_word' id='word_1_290' title='bbox 1206 2113 1229 2138; x_wconf 94' lang='lat' dir='ltr'>a</span> <span class='ocrx_word' id='word_1_291' title='bbox 1248 2100 1394 2138; x_wconf 85' lang='lat' dir='ltr'>Galaeo</span> <span class='ocrx_word' id='word_1_292' title='bbox 1418 2107 1634 2138; x_wconf 88' lang='lat' dir='ltr'>correctus:</span> <span class='ocrx_word' id='word_1_293' title='bbox 1672 2114 1755 2138; x_wconf 90' lang='lat' dir='ltr'>me-</span> 
     </span>
     <span class='ocr_line' id='line_1_35' title="bbox 301 2154 1753 2203; baseline 0.002 -13"><span class='ocrx_word' id='word_1_294' title='bbox 301 2161 454 2191; x_wconf 89' lang='lat' dir='ltr'>morant</span> <span class='ocrx_word' id='word_1_295' title='bbox 478 2154 638 2192; x_wconf 71' lang='lat' dir='ltr'>eunden)</span> <span class='ocrx_word' id='word_1_296' title='bbox 669 2155 759 2203; x_wconf 87' lang='lat' dir='ltr'>alii,</span> <span class='ocrx_word' id='word_1_297' title='bbox 799 2166 822 2192; x_wconf 87' lang='lat' dir='ltr'>a</span> <span class='ocrx_word' id='word_1_298' title='bbox 841 2154 897 2195; x_wconf 89' lang='lat'>10.</span> <span class='ocrx_word' id='word_1_299' title='bbox 920 2154 1089 2193; x_wconf 90' lang='lat' dir='ltr'>Meursio</span> <span class='ocrx_word' id='word_1_300' title='bbox 1117 2154 1217 2194; x_wconf 86' lang='lat' dir='ltr'>Cret.</span> <span class='ocrx_word' id='word_1_301' title='bbox 1239 2156 1282 2194; x_wconf 91' lang='lat' dir='ltr'>L.</span> <span class='ocrx_word' id='word_1_302' title='bbox 1300 2155 1367 2194; x_wconf 88' lang='lat'><strong>111.</strong></span> <span class='ocrx_word' id='word_1_303' title='bbox 1395 2157 1434 2197; x_wconf 92' lang='lat'><strong>1.</strong></span> <span class='ocrx_word' id='word_1_304' title='bbox 1457 2157 1630 2195; x_wconf 82' lang='lat' dir='ltr'>excitati.</span> <span class='ocrx_word' id='word_1_305' title='bbox 1683 2156 1753 2194; x_wconf 90' lang='lat' dir='ltr'>Sic</span> 
     </span>
     <span class='ocr_line' id='line_1_36' title="bbox 302 2209 1751 2264; baseline 0.003 -18"><span class='ocrx_word' id='word_1_306' title='bbox 302 2210 371 2247; x_wconf 86' lang='lat' dir='ltr'>Ida</span> <span class='ocrx_word' id='word_1_307' title='bbox 393 2209 526 2248; x_wconf 86' lang='lat' dir='ltr'>Cretae</span> <span class='ocrx_word' id='word_1_308' title='bbox 548 2211 595 2247; x_wconf 86' lang='lat' dir='ltr'>ab</span> <span class='ocrx_word' id='word_1_309' title='bbox 626 2223 670 2248; x_wconf 87' lang='lat' dir='ltr'>ea</span> <span class='ocrx_word' id='word_1_310' title='bbox 693 2210 875 2264; x_wconf 81' lang='lat' dir='ltr'>Nympha</span> <span class='ocrx_word' id='word_1_311' title='bbox 900 2224 1041 2249; x_wconf 89' lang='lat' dir='ltr'>nomen</span> <span class='ocrx_word' id='word_1_312' title='bbox 1061 2211 1227 2250; x_wconf 87' lang='lat' dir='ltr'>habebit.</span> <span class='ocrx_word' id='word_1_313' title='bbox 1269 2211 1349 2250; x_wconf 80' lang='lat' dir='ltr'>Sed</span> <span class='ocrx_word' id='word_1_314' title='bbox 1369 2214 1529 2251; x_wconf 86' lang='lat' dir='ltr'>alteram</span> <span class='ocrx_word' id='word_1_315' title='bbox 1548 2213 1633 2263; x_wconf 88' lang='lat' dir='ltr'>agri</span> <span class='ocrx_word' id='word_1_316' title='bbox 1649 2212 1751 2250; x_wconf 88' lang='lat' dir='ltr'>Tro-</span> 
     </span>
     <span class='ocr_line' id='line_1_37' title="bbox 301 2265 1754 2319; baseline 0.003 -17"><span class='ocrx_word' id='word_1_317' title='bbox 301 2268 382 2303; x_wconf 89' lang='lat' dir='ltr'>iani</span> <span class='ocrx_word' id='word_1_318' title='bbox 408 2265 513 2304; x_wconf 86' lang='lat' dir='ltr'>Idam</span> <span class='ocrx_word' id='word_1_319' title='bbox 540 2279 625 2304; x_wconf 87' lang='lat' dir='ltr'>cum</span> <span class='ocrx_word' id='word_1_320' title='bbox 652 2265 829 2305; x_wconf 87' lang='lat' dir='ltr'>Cretensi</span> <span class='ocrx_word' id='word_1_321' title='bbox 859 2280 972 2319; x_wconf 87' lang='lat' dir='ltr'>saepe</span> <span class='ocrx_word' id='word_1_322' title='bbox 1001 2275 1152 2306; x_wconf 85' lang='lat' dir='ltr'>veteres</span> <span class='ocrx_word' id='word_1_323' title='bbox 1179 2269 1424 2307; x_wconf 85' lang='lat' dir='ltr'>confundunt</span> <span class='ocrx_word' id='word_1_324' title='bbox 1451 2275 1490 2305; x_wconf 88' lang='lat' dir='ltr'>et</span> <span class='ocrx_word' id='word_1_325' title='bbox 1521 2281 1616 2317; x_wconf 87' lang='lat' dir='ltr'>quae</span> <span class='ocrx_word' id='word_1_326' title='bbox 1647 2271 1754 2306; x_wconf 88' lang='lat' dir='ltr'>illius</span> 
     </span>
     <span class='ocr_line' id='line_1_38' title="bbox 302 2321 1754 2373; baseline 0.003 -15"><span class='ocrx_word' id='word_1_327' title='bbox 302 2328 415 2369; x_wconf 88' lang='lat' dir='ltr'>sunt,</span> <span class='ocrx_word' id='word_1_328' title='bbox 444 2321 533 2360; x_wconf 88' lang='lat' dir='ltr'>huic</span> <span class='ocrx_word' id='word_1_329' title='bbox 563 2323 754 2361; x_wconf 86' lang='lat' dir='ltr'>tribuunt.</span> <span class='ocrx_word' id='word_1_330' title='bbox 795 2321 907 2361; x_wconf 88' lang='lat' dir='ltr'>Certe</span> <span class='ocrx_word' id='word_1_331' title='bbox 936 2336 960 2362; x_wconf 91' lang='lat' dir='ltr'>a</span> <span class='ocrx_word' id='word_1_332' title='bbox 986 2323 1181 2373; x_wconf 82' lang='lat' dir='ltr'>Melissei,</span> <span class='ocrx_word' id='word_1_333' title='bbox 1216 2327 1298 2364; x_wconf 86' lang='lat' dir='ltr'>sive</span> <span class='ocrx_word' id='word_1_334' title='bbox 1320 2325 1492 2373; x_wconf 86' lang='lat' dir='ltr'>Melissi,</span> <span class='ocrx_word' id='word_1_335' title='bbox 1521 2324 1591 2362; x_wconf 89' lang='lat' dir='ltr'>Ida</span> <span class='ocrx_word' id='word_1_336' title='bbox 1610 2327 1754 2363; x_wconf 87' lang='lat' dir='ltr'>montis</span> 
     </span>
     <span class='ocr_line' id='line_1_39' title="bbox 301 2377 1752 2434; baseline 0.003 -20"><span class='ocrx_word' id='word_1_337' title='bbox 301 2377 464 2417; x_wconf 84' lang='lat' dir='ltr'>Troiani</span> <span class='ocrx_word' id='word_1_338' title='bbox 485 2390 624 2418; x_wconf 88' lang='lat' dir='ltr'>nomen</span> <span class='ocrx_word' id='word_1_339' title='bbox 647 2379 798 2419; x_wconf 85' lang='lat' dir='ltr'>derivat</span> <span class='ocrx_word' id='word_1_340' title='bbox 819 2380 1031 2420; x_wconf 86' lang='lat' dir='ltr'>clarissime</span> <span class='ocrx_word' id='word_1_341' title='bbox 1050 2380 1391 2434; x_wconf 85' lang='lat' dir='ltr'>Ethnieographus</span> <span class='ocrx_word' id='word_1_342' title='bbox 1416 2383 1460 2419; x_wconf 89' lang='lat' dir='ltr'>in</span> <span class='ocrx_word' id='word_1_343' title='bbox 1479 2377 1752 2432; x_wconf 76' lang='grc' dir='ltr'><strong>Ἀδράστεια.</strong></span> 
     </span>
     <span class='ocr_line' id='line_1_40' title="bbox 300 2434 437 2473; baseline 0.007 -1"><span class='ocrx_word' id='word_1_344' title='bbox 300 2434 437 2473; x_wconf 68' lang='lat' dir='ltr'>Wssss.</span> 
     </span>
    </p>

    <p class='ocr_par' dir='ltr' id='par_1_8' title="bbox 298 2483 1752 2762">
     <span class='ocr_line' id='line_1_41' title="bbox 416 2483 1750 2548; baseline 0 -17"><span class='ocrx_word' id='word_1_345' title='bbox 416 2490 520 2531; x_wconf 85' lang='lat'><strong>165.</strong></span> <span class='ocrx_word' id='word_1_346' title='bbox 538 2490 615 2531; x_wconf 89' lang='grc'><strong>43.</strong></span> <span class='ocrx_word' id='word_1_347' title='bbox 639 2487 707 2530; x_wconf 82' lang='grc' dir='ltr'>Ἐν</span> <span class='ocrx_word' id='word_1_348' title='bbox 729 2483 763 2546; x_wconf 76' lang='grc' dir='ltr'>ᾤ’</span> <span class='ocrx_word' id='word_1_349' title='bbox 783 2505 888 2546; x_wconf 83' lang='grc' dir='ltr'><em>φασι</em></span> <span class='ocrx_word' id='word_1_350' title='bbox 913 2494 1112 2548; x_wconf 73' lang='grc' dir='ltr'><em>κριθῆναι</em></span> <span class='ocrx_word' id='word_1_351' title='bbox 1130 2491 1207 2542; x_wconf 82' lang='grc' dir='ltr'>τὰς</span> <span class='ocrx_word' id='word_1_352' title='bbox 1229 2490 1362 2541; x_wconf 77' lang='grc' dir='ltr'><strong><em>θεᾶς]</em></strong></span> <span class='ocrx_word' id='word_1_353' title='bbox 1393 2492 1579 2541; x_wconf 87' lang='lat' dir='ltr'>Montem,</span> <span class='ocrx_word' id='word_1_354' title='bbox 1602 2493 1645 2531; x_wconf 87' lang='lat' dir='ltr'>in</span> <span class='ocrx_word' id='word_1_355' title='bbox 1675 2504 1750 2543; x_wconf 83' lang='lat' dir='ltr'>quo</span> 
     </span>
     <span class='ocr_line' id='line_1_42' title="bbox 299 2544 1750 2598; baseline 0.003 -16"><span class='ocrx_word' id='word_1_356' title='bbox 299 2544 413 2583; x_wconf 82' lang='lat' dir='ltr'>Paris</span> <span class='ocrx_word' id='word_1_357' title='bbox 433 2548 535 2584; x_wconf 85' lang='lat' dir='ltr'>inter</span> <span class='ocrx_word' id='word_1_358' title='bbox 554 2545 654 2584; x_wconf 88' lang='lat' dir='ltr'>Deas</span> <span class='ocrx_word' id='word_1_359' title='bbox 676 2549 793 2585; x_wconf 84' lang='lat' dir='ltr'>iudex</span> <span class='ocrx_word' id='word_1_360' title='bbox 813 2549 957 2586; x_wconf 89' lang='lat' dir='ltr'>sedisse</span> <span class='ocrx_word' id='word_1_361' title='bbox 975 2551 1192 2598; x_wconf 81' lang='lat' dir='ltr'>ferebatur,</span> <span class='ocrx_word' id='word_1_362' title='bbox 1225 2550 1525 2588; x_wconf 74' lang='lat' dir='ltr'>Alexandream</span> <span class='ocrx_word' id='word_1_363' title='bbox 1545 2550 1750 2598; x_wconf 82' lang='lat' dir='ltr'>vocabant,</span> 
     </span>
     <span class='ocr_line' id='line_1_43' title="bbox 299 2601 1752 2658; baseline 0.002 -19"><span class='ocrx_word' id='word_1_364' title='bbox 299 2601 490 2640; x_wconf 84' lang='lat' dir='ltr'>Strabone</span> <span class='ocrx_word' id='word_1_365' title='bbox 510 2609 667 2640; x_wconf 86' lang='lat' dir='ltr'>auctore</span> <span class='ocrx_word' id='word_1_366' title='bbox 686 2602 730 2642; x_wconf 88' lang='lat' dir='ltr'>L.</span> <span class='ocrx_word' id='word_1_367' title='bbox 752 2603 863 2642; x_wconf 76' lang='lat' dir='ltr'><strong>XIII.</strong></span> <span class='ocrx_word' id='word_1_368' title='bbox 885 2619 921 2655; x_wconf 86' lang='lat' dir='ltr'>p·</span> <span class='ocrx_word' id='word_1_369' title='bbox 944 2607 1051 2646; x_wconf 84' lang='lat'><strong>904.</strong></span> <span class='ocrx_word' id='word_1_370' title='bbox 1072 2606 1117 2645; x_wconf 94' lang='lat' dir='ltr'><strong>A.</strong></span> <span class='ocrx_word' id='word_1_371' title='bbox 1149 2606 1229 2644; x_wconf 86' lang='lat' dir='ltr'>Sed</span> <span class='ocrx_word' id='word_1_372' title='bbox 1250 2607 1340 2646; x_wconf 85' lang='lat' dir='ltr'>vide</span> <span class='ocrx_word' id='word_1_373' title='bbox 1362 2609 1554 2658; x_wconf 85' lang='lat' dir='ltr'>egregiam</span> <span class='ocrx_word' id='word_1_374' title='bbox 1568 2604 1615 2642; x_wconf 86' lang='lat' dir='ltr'><strong>T.</strong></span> <span class='ocrx_word' id='word_1_375' title='bbox 1631 2605 1752 2643; x_wconf 88' lang='lat' dir='ltr'>Hem-</span> 
     </span>
     <span class='ocr_line' id='line_1_44' title="bbox 298 2657 1749 2702; baseline 0.004 -9"><span class='ocrx_word' id='word_1_376' title='bbox 298 2658 479 2697; x_wconf 72' lang='lat' dir='ltr'>sterhusii</span> <span class='ocrx_word' id='word_1_377' title='bbox 508 2657 579 2696; x_wconf 88' lang='lat' dir='ltr'>hoc</span> <span class='ocrx_word' id='word_1_378' title='bbox 607 2660 652 2696; x_wconf 91' lang='lat' dir='ltr'>de</span> <span class='ocrx_word' id='word_1_379' title='bbox 677 2666 792 2698; x_wconf 88' lang='lat' dir='ltr'>antro</span> <span class='ocrx_word' id='word_1_380' title='bbox 811 2662 1184 2701; x_wconf 84' lang='lat' dir='ltr'>animadversionem</span> <span class='ocrx_word' id='word_1_381' title='bbox 1204 2667 1247 2702; x_wconf 91' lang='lat' dir='ltr'>in</span> <span class='ocrx_word' id='word_1_382' title='bbox 1267 2663 1425 2701; x_wconf 87' lang='lat' dir='ltr'>Lucian.</span> <span class='ocrx_word' id='word_1_383' title='bbox 1443 2661 1560 2699; x_wconf 90' lang='lat' dir='ltr'>Deor.</span> <span class='ocrx_word' id='word_1_384' title='bbox 1581 2659 1630 2699; x_wconf 89' lang='lat' dir='ltr'>D.</span> <span class='ocrx_word' id='word_1_385' title='bbox 1653 2661 1749 2699; x_wconf 90' lang='lat' dir='ltr'>XX.</span> 
     </span>
     <span class='ocr_line' id='line_1_45' title="bbox 305 2714 1108 2762; baseline 0.007 -12"><span class='ocrx_word' id='word_1_386' title='bbox 305 2716 364 2762; x_wconf 88' lang='grc'><strong>1.,</strong></span> <span class='ocrx_word' id='word_1_387' title='bbox 387 2721 425 2752; x_wconf 87' lang='lat' dir='ltr'>et</span> <span class='ocrx_word' id='word_1_388' title='bbox 444 2715 537 2752; x_wconf 87' lang='lat' dir='ltr'>satis</span> <span class='ocrx_word' id='word_1_389' title='bbox 559 2714 629 2753; x_wconf 87' lang='lat' dir='ltr'>tibi</span> <span class='ocrx_word' id='word_1_390' title='bbox 649 2716 796 2753; x_wconf 88' lang='lat' dir='ltr'>factum</span> <span class='ocrx_word' id='word_1_391' title='bbox 819 2716 933 2753; x_wconf 91' lang='lat' dir='ltr'>dices.</span> <span class='ocrx_word' id='word_1_392' title='bbox 967 2718 1108 2759; x_wconf 79' lang='lat' dir='ltr'><strong>VVESS.</strong></span> 
     </span>
    </p>

    <p class='ocr_par' dir='ltr' id='par_1_9' title="bbox 302 2767 1749 2873">
     <span class='ocr_line' id='line_1_46' title="bbox 416 2767 1749 2827; baseline 0.002 -16"><span class='ocrx_word' id='word_1_393' title='bbox 416 2772 520 2811; x_wconf 83' lang='lat'><strong>165.</strong></span> <span class='ocrx_word' id='word_1_394' title='bbox 545 2772 620 2811; x_wconf 88' lang='grc'><strong>44.</strong></span> <span class='ocrx_word' id='word_1_395' title='bbox 648 2770 851 2811; x_wconf 67' lang='grc' dir='ltr'>Γενέσθαι</span> <span class='ocrx_word' id='word_1_396' title='bbox 869 2793 916 2800; x_wconf 88' lang='lat'>-—</span> <span class='ocrx_word' id='word_1_397' title='bbox 929 2771 1084 2826; x_wconf 71' lang='grc' dir='ltr'><em>λέγεται</em></span> <span class='ocrx_word' id='word_1_398' title='bbox 1098 2773 1166 2814; x_wconf 79' lang='grc' dir='ltr'>καὶ</span> <span class='ocrx_word' id='word_1_399' title='bbox 1186 2771 1283 2821; x_wconf 80' lang='grc' dir='ltr'><strong><em>τοὺς</em></strong></span> <span class='ocrx_word' id='word_1_400' title='bbox 1301 2771 1474 2820; x_wconf 73' lang='grc' dir='ltr'><em>Ἰδαίους</em></span> <span class='ocrx_word' id='word_1_401' title='bbox 1484 2767 1749 2827; x_wconf 71' lang='grc' dir='ltr'><strong><em>Δακτύλους]</em></strong></span> 
     </span>
     <span class='ocr_line' id='line_1_47' title="bbox 302 2826 1605 2873; baseline 0.006 -11"><span class='ocrx_word' id='word_1_402' title='bbox 302 2826 384 2863; x_wconf 81' lang='lat' dir='ltr'>Alii</span> <span class='ocrx_word' id='word_1_403' title='bbox 398 2829 439 2864; x_wconf 90' lang='lat' dir='ltr'>in</span> <span class='ocrx_word' id='word_1_404' title='bbox 458 2826 597 2866; x_wconf 85' lang='lat' dir='ltr'>Cretae</span> <span class='ocrx_word' id='word_1_405' title='bbox 620 2827 688 2870; x_wconf 79' lang='lat' dir='ltr'>ida</span> <span class='ocrx_word' id='word_1_406' title='bbox 712 2829 914 2869; x_wconf 83' lang='lat' dir='ltr'>collocant.</span> <span class='ocrx_word' id='word_1_407' title='bbox 943 2828 1054 2870; x_wconf 83' lang='lat' dir='ltr'>conf.</span> <span class='ocrx_word' id='word_1_408' title='bbox 1076 2838 1156 2871; x_wconf 90' lang='lat' dir='ltr'>not.</span> <span class='ocrx_word' id='word_1_409' title='bbox 1178 2833 1220 2871; x_wconf 89' lang='lat' dir='ltr'>in</span> <span class='ocrx_word' id='word_1_410' title='bbox 1240 2830 1351 2872; x_wconf 25' lang='lat' dir='ltr'><strong>1..*V.</strong></span> <span class='ocrx_word' id='word_1_411' title='bbox 1373 2832 1446 2873; x_wconf 82' lang='lat'><strong>64.</strong></span> <span class='ocrx_word' id='word_1_412' title='bbox 1472 2829 1605 2870; x_wconf 76' lang='lat' dir='ltr'>WEss.</span> 
     </span>
    </p>
   </div>
  </div>
 </body>
</html>
