1859 3326
339 166 437 208 252
807 164 1327 207 ANNOTATlONES

337 277 565 317 hensionem
584 277 789 327 excludas,
815 278 970 330 probari
998 284 1173 329 possunt.
1222 278 1402 319 Lacunae
1423 293 1517 322 vero
1544 279 1612 320 ubi
1632 283 1683 319 sit
1703 280 1801 319 dan-

340 335 412 372 dus
432 336 563 382 locus,
590 333 762 373 nondum
780 338 1030 373 constitutum
1050 341 1119 372 est.
1170 334 1260 374 Non
1279 340 1420 387 poterit
1451 338 1605 387 quidem
1625 351 1709 376 esse
1728 338 1800 376 sub

264 400 269 404 '
338 392 454 432 finem
478 393 687 441 superioris
717 392 876 441 capitis:
902 391 1109 429 cohaerent
1129 393 1325 431 artissime
1354 407 1416 433 res
1437 394 1645 442 Eumenis,
1676 408 1801 445 neque

337 449 444 486 ultra
464 451 558 485 anni
585 450 753 497 spatium
783 455 987 499 prorogata
1016 448 1167 486 obsidio
1188 449 1287 497 suit,
1309 463 1421 500 quam
1443 451 1562 490 Noris
1589 452 1802 490 fortissime

338 505 539 551 toleravit,
565 510 609 540 ut
628 517 677 542 ex
696 504 845 553 Nepote
868 506 908 541 in
919 504 1080 541 Eumen.
1110 517 1143 542 c.
1163 505 1203 544 5.
1225 513 1264 544 et
1281 506 1426 546 Nostro
1446 520 1528 557 cap.
1554 508 1626 547 53.
1649 507 1801 545 abunde

338 561 473 609 liquet.
518 560 653 598 Malim
679 561 858 598 arbitrari
886 567 976 596 ante
1004 572 1085 609 cap.
1111 562 1185 600 39.
1218 564 1329 610 plura
1348 563 1492 601 deesse.
1533 561 1649 601 Certe
1669 564 1803 604 eodem

338 630 443 654 anno
468 620 618 664 omnia,
649 628 745 666 quae
768 616 838 654 sub
860 616 1044 655 Philoclis
1063 620 1294 668 magistratu
1317 619 1501 660 dicuntur
1517 620 1803 669 administrata,

337 680 452 725 gesta
479 674 623 721 fuisse,
663 686 774 711 nemo
803 680 944 711 temere
968 673 1201 721 opinabitur
1241 674 1438 715 Deficiunt
1463 684 1589 715 autem
1620 678 1799 727 plurima,

337 737 453 778 atque
471 731 513 766 in
536 731 669 779 primis
690 743 752 767 res
774 728 952 777 Siculae,
983 741 1077 778 quas
1097 729 1169 767 hoc
1191 744 1232 768 se
1260 733 1361 770 libro
1387 733 1593 785 diligenter
1614 740 1801 771 tractasse

337 785 541 837 profitetur
560 784 756 823 Diodorus
779 785 821 823 L.
847 785 965 824 XIX.
990 788 1031 826 3.
1071 786 1277 826 Praeterea
1294 791 1517 827 molitiones
1538 790 1735 838 Antipatri
1758 791 1801 829 in

337 842 565 890 Eumenem,
593 843 862 891 expeditioque
883 842 1034 880 Attali
1023 856 1064 881 m
1086 841 1274 891 Rhodios,
1301 847 1465 898 aliaque,
1492 846 1539 883 de
1558 847 1696 895 quibus
1717 845 1803 883 obi-

339 906 399 937 ter
409 898 626 936 Arrianus·
615 912 655 936 m
677 899 806 938 Photii
819 898 1003 938 Biblioth.
1026 902 1137 948 p.22
1147 901 1184 940 5.
1213 899 1392 940 Dolenda
1411 902 1572 952 proinde
1588 903 1657 940 illa
1677 904 1804 939 iactu·
1826 903 1837 909 '

338 967 398 1004 ra,
420 957 484 992 cui
505 968 613 1005 opem
626 954 744 993 Codd.
736 983 760 1003 .‚
781 968 878 1006 quos
889 956 1041 1008 quidem
1053 957 1243 1005 noverim,
1262 960 1476 1006 praefracte
1487 965 1646 1010 negant.
1669 958 1802 996 Wnss.

452 1024 561 1063 290.
592 1023 667 1063 93.
714 1022 787 1070 Εἷς
817 1020 894 1076 τὴν
914 1043 962 1052 —-·
992 1024 1172 1076 Κρητῶν
1196 1021 1345 1077 πόλιν]
1382 1027 1602 1064 Ptolemaeo
1629 1026 1673 1064 L.
1692 1014 1739 1064 V.
1760 1027 1801 1066 5

336 1075 635 1132 Κρητόπολις”
624 1093 666 1118 ιιι
695 1080 820 1119 Palat.
850 1086 889 1118 et
907 1078 1066 1118 Coislin
1090 1081 1202 1119 libris
1229 1089 1268 1119 et
1296 1084 1474 1120 versione
1509 1082 1684 1120 Ulmensi
1711 1095 1802 1123 ann.

337 1145 645 1175 ΜεεοοιΧΧΧνι,
686 1135 813 1188 Vulgo
834 1132 1141 1203 Κρησσόποὶις.
1184 1135 1278 1175 Cum
1307 1138 1453 1176 Nostro
1475 1139 1574 1176 facit
1602 1139 1803 1189 Polybius,

335 1207 413 1246 την
427 1190 686 1246 καλουμένην
703 1193 885 1246 Κρητῶν
899 1189 1046 1232 πόλιν
1036 1206 1078 1232 ιιι
1097 1193 1269 1244 Milyade
1288 1196 1422 1233 locans
1442 1194 1485 1233 L.
1499 1194 1547 1236 V.
1558 1198 1644 1236 72.
1666 1195 1803 1235 WESS.

450 1261 558 1300 290
592 1261 764 1306 1.Τοις
789 1275 866 1312 την
885 1255 1114 1314 ἀκρώρειαν
1132 1275 1313 1313 προκατε
1298 1259 1464 1313 'you-m]
1490 1262 1621 1315 Aeque
1644 1276 1802 1301 conmo-

335 1315 427 1354 dum
446 1315 510 1354 hic
530 1323 642 1364 atque
654 1324 910 1367 opportunum
929 1318 1310 1384 προκαταλαβοῦσι.
1341 1318 1455 1370 Elige
1468 1333 1572 1370 ergo.
1592 1319 1690 1358 Nam
1705 1321 1802 1357 alte-

334 1380 484 1412 rutrum
506 1385 554 1410 ex
569 1375 724 1439 glossa'
715 1386 755 1411 ιη
776 1376 988 1413 orationem
1006 1375 1249 1424 inmigrasse‚
1270 1377 1367 1412 citra
1387 1375 1544 1413 dubium
1564 1384 1633 1414 est.
1657 1375 1802 1414 Praelii

334 1428 450 1467 huius
478 1431 699 1468 memoriam
720 1432 913 1476 servavit,
940 1433 982 1469 in
1008 1432 1187 1468 omnibus
1209 1437 1337 1471 tamen
1366 1434 1524 1470 minime
1542 1432 1687 1472 Nostro
1706 1445 1801 1494 con-

335 1493 564 1534 sentaneus,
595 1487 783 1538 Polyaen.
803 1486 847 1526 L.
871 1486 935 1524 lV.
958 1490 999 1528 6.
1022 1489 1064 1529 7.
1098 1487 1239 1526 WEss.

447 1555 556 1594 291.
585 1553 662 1594 25.
700 1552 784 1593 Ka.
799 1555 883 1594 τῶν
904 1551 1059 1594 ἱππέων
1079 1571 1128 1584 -ι
1146 1549 1463 1608 περιχεομενων]
1493 1553 1649 1595 Detersi
1668 1569 1801 1594 macu-

333 1610 425 1659 lam,
447 1622 522 1659 qua
541 1612 787 1660 participium
807 1609 880 1649 hoc
899 1612 1124 1664 adspersum
1143 1624 1255 1663 saepe
1279 1618 1339 1649 est
1359 1611 1420 1650 his
1439 1614 1481 1651 in
1501 1614 1625 1651 libris.
1657 1612 1801 1654 Confer

334 1669 511 1719 superius
532 1679 613 1715 cap.
634 1667 708 1706 30.
738 1667 874 1708 ἊῙΕεΞ

448 1724 558 1763 291.
585 1724 658 1765 34
699 1721 785 1763 Καὶ
807 1725 892 1763 τῶι
906 1718 1094 1774 παίδων]
1136 1722 1301 1762 Liberos
1329 1722 1435 1762 dedit
1460 1723 1676 1776 Interpres‚
1697 1723 1800 1764 haud

332 1781 416 1817 scio
438 1793 487 1816 an
506 1793 636 1828 prave.
670 1778 729 1817 De
751 1780 883 1817 liberis
905 1780 1061 1816 Alcetae
1082 1781 1204 1819 altum
1225 1788 1328 1818 certe
1350 1781 1504 1830 quidem
1524 1783 1721 1820 silentium
1740 1789 1800 1820 est

333 1836 435 1887 apud
457 1838 695 1885 Polyaenum
718 1843 757 1874 et
779 1839 818 1875 in
838 1838 939 1881 illis,
967 1847 1062 1884 quae
1083 1840 1212 1874 statim
1229 1844 1533 1887 consequuntur.
1574 1839 1675 1883 Quid
1695 1842 1799 1879 enim

333 1894 482 1932 factum
502 1893 594 1939 illis,
614 1906 700 1931 cum
720 1900 829 1944 pater
847 1892 1159 1932 interficeretur?
1180 1893 1266 1946 Ego
1287 1896 1461 1933 servitia
1476 1896 1645 1935 mallem.
1662 1895 1797 1934 wass.

447 1962 554 2001 291.
584 1961 657 2001 36
678 1956 841 2010 ’Όνομα
862 1957 1111 2013 Τερμησσόι
1122 1958 1141 2013 ]
1179 1959 1268 1998 Una
1288 1962 1401 2001 litera
1425 1963 1577 2002 auctius
1597 1977 1681 2001 esse
1701 1965 1799 2002 iussi

333 2015 442 2055 urbis
464 2030 615 2055 nomen.
645 2015 737 2055 Scio
762 2014 998 2069 Ίερμισσὸν
1021 2015 1205 2068 Dionysii
1225 2017 1374 2070 Perieg.
1395 2032 1432 2056 v.
1458 2020 1563 2060 859.
1598 2018 1678 2057 Sed
1698 2021 1798 2057 alte-

333 2087 419 2111 rum
451 2076 681 2122 scriptorum
710 2086 808 2121 usu,
849 2086 1052 2110 numerum
1083 2079 1122 2110 et
1152 2074 1323 2123 lapidum
1337 2047 1585 2114 &auctoritate
1611 2078 1798 2114 munitius

333 2130 486 2176 videri,
517 2130 669 2166 docebit
689 2126 886 2166 Holstenii
905 2131 1078 2166 sollertia
1101 2128 1148 2167 ad
1172 2129 1362 2180 Stephani
1386 2125 1632 2184 Τερμισσός.
1671 2132 1798 2181 Opor-

334 2192 390 2223 tet
412 2193 539 2223 autem
563 2189 639 2222 cito
662 2198 711 2222 ex
729 2187 854 2224 ruinis
875 2187 1131 2224 resurrexerit
1153 2184 1394 2235 Termessus,
1418 2189 1453 2225 si
1470 2187 1692 2226 Alexander
1711 2202 1797 2228 eam

297 2261 301 2264 -
333 2245 518 2281 everterit
540 2254 587 2278 ex
611 2241 817 2279 Strabonis
836 2241 911 2279 fide
932 2240 975 2280 L.
993 2241 1100 2279 XIV.
1122 2255 1157 2292 p.
1180 2243 1286 2283 982.
1306 2242 1349 2284 C.
1383 2243 1520 2282 VVESS.

447 2299 555 2338 292
582 2298 657 2338 48
697 2297 781 2338 Και
800 2294 958 2351 μεστὴν
981 2293 1144 2353 ὀχυρῶν
1162 2295 1403 2354 φ’ρουριων]
1444 2299 1542 2339 Vide
1563 2298 1796 2341 Strabonem

333 2349 378 2393 L.
401 2352 492 2393 ΧΠ.
518 2368 553 2404 p.
576 2355 681 2394 855.
700 2353 745 2391 A.
774 2354 910 2391 wass.

435 2412 555 2451 292.
591 2412 648 2451 7..
623 2412 663 2447 ⁸)-
706 2405 988 2477 Προσαφόμει
991 2424 1037 2449 ον
1060 2404 1159 2457 τοὺς
1175 2407 1218 2450 ἔκ
1241 2412 1318 2463 τῆς
1344 2406 1565 2465 πόλεως]ἔ
1566 2412 1696 2451 Erunt
1713 2414 1796 2451 for-

332 2472 436 2504 tasse
450 2494 462 2515 ,
490 2466 628 2517 quibus
636 2481 782 2532 προαφ
785 2462 985 2520 αγόμενον
1005 2466 1094 2504 huic
1116 2468 1201 2504 loco
1221 2469 1347 2518 aptius
1368 2469 1576 2507 videbitur.
1602 2469 1702 2508 Mihi
1718 2473 1796 2509 alia

331 2536 456 2562 mens
494 2518 672 2574 Hpoociy
650 2525 800 2562 νεσθαι
826 2524 1024 2560 alliciendi
1055 2524 1217 2572 quadam
1247 2532 1437 2576 potestate
1459 2528 1502 2564 in
1529 2525 1699 2566 Diodori
1721 2526 1794 2565 hac

330 2577 572 2618 Bibliotheca
593 2591 703 2629 saepe
724 2582 900 2617 recurrit
931 2580 1073 2617 VVESS.

447 2649 555 2687 292
577 2647 653 2687 92.
690 2644 777 2686 Τὸν
792 2645 869 2697 μὲν
887 2642 1067 2698 πόλεμον
1082 2644 1415 2702 ἀπεστρέψαντο]
1445 2648 1588 2687 Verum
1607 2651 1681 2687 erit
1694 2646 1792 2690 ἀπε-

332 2701 491 2756 τρῖψαι
494 2719 561 2751 το,
593 2703 640 2739 de
662 2716 737 2754 quo
758 2703 806 2741 ad
827 2702 868 2740 L.
888 2703 975 2740 XV
995 2704 1038 2743 4.
1061 2703 1225 2741 abunde.
1265 2704 1483 2743 Reddamus
1504 2706 1543 2743 id
1566 2707 1691 2756 ipsum
1715 2706 1792 2744 Po-

333 2761 443 2810 lybio
464 2760 506 2798 Ι.
526 2734 579 2796 X.
608 2760 676 2800 13.
705 2756 835 2810 οἱμὲν
858 2774 931 2798 ουν
949 2758 1067 2799 ἔνδον
1091 2764 1321 2814 περιχαρεῖς
1337 2754 1445 2813 ἦσαν
1461 2757 1517 2808 ὡς
1539 2759 1790 2816 ἀποτετριμ-

333 2814 448 2867 μίιοι
472 2813 545 2856 τὸν
574 2815 775 2855 κι’ν.δυνον
813 2812 880 2854 Sic
911 2818 1014 2855 enim
1043 2817 1275 2867 scripserat,
1317 2830 1395 2855 non
1424 2814 1791 2871 αποτετραμμένοι.
