1859 3326
347 220 443 262 476
818 214 1344 256 ANNOTATIONES

347 342 410 372 tra
432 343 584 370 omnem
603 342 716 368 usum
743 328 905 367 Graecis
933 329 974 367 id
1003 330 1233 371 vocabulum
1250 342 1330 368 non
1350 337 1424 368 est.
1480 330 1578 369 Vide
1595 331 1710 371 modo
1729 332 1802 373 hoe

347 388 651 441 Corcyraeorum
675 388 911 438 epigramma
935 386 1034 436 apud
1059 385 1246 435 Sponium
1267 386 1398 425 ltiner.
1420 385 1467 426 T.
1479 387 1510 425 1.
1535 390 1693 439 p.372.

571 445 620 485 A
650 442 852 483 HOAIC
878 441 1146 481 ΜΑΡΚΟΝ
1168 442 1358 481 ΚΑΛΗ
1377 469 1388 480 .
1409 469 1419 482 .
1441 471 1452 482 .

572 499 767 541 ΓΑΙΟΥ
790 497 937 537 YION
962 497 1221 538 BYBAON
1249 498 1377 538 TON

528 559 541 577 Ἥ
571 553 877 597 ΠΑΤΡΩΝΑ
907 553 1023 593 ΚΑΙ
1046 554 1395 595 ΕΥΕΡΓΕΤΑΝ

685 610 888 651 EPMAI
909 610 1214 651 HPAKAHI.

345 670 521 708 Positum
546 674 605 706 est
634 665 937 716 Corcyraeorum
967 674 1129 715 patrono
1159 666 1212 705 M.
1243 665 1451 716 Calpurnio
1479 666 1640 718 Bibulo,
1690 682 1803 720 quem

345 729 407 768 Ι(
406 726 566 765 4ΛΗ.
619 751 627 761 .
658 724 910 775 exscriptoris
931 736 1059 762 errore
1079 731 1214 762 vocat·
1252 725 1329 763 fuit
1350 728 1455 764 enim
1480 726 1803 767 KAAHOYP-

343 783 510 824 NION.
566 781 617 818 W
622 791 704 820 mss

461 840 568 878 577.
597 839 672 877 26.
710 833 787 876 'En
816 836 902 875 τῶν
929 834 1150 887 βασιλείων
1172 830 1371 890 υπιὶγων]
1418 837 1461 875 In
1483 837 1634 877 schedis
1656 841 1802 890 reperit

341 895 522 932 Valesius
545 889 729 939 υπάτων,
768 893 1017 942 depravatum
1036 905 1084 930 ex
1106 906 1172 939 eo,
1200 895 1302 943 quod
1323 895 1580 945 restituimus,
1607 895 1800 934 salmasio

342 954 476 1001 pulcre
504 950 846 987 animmdvertente
906 949 1038 1000 Itaque
1067 944 1290 999 ὑπελθών,
1335 954 1399 989 cui
1417 952 1545 990 locum
1566 954 1630 991 vir
1650 952 1800 990 doctis-

341 1011 464 1047 simus
487 1007 657 1053 dederat,
688 1007 1043 1043 exterminavimus.
1101 1005 1242 1044 WESS.

460 1065 565 1104 577.
597 1064 669 1103 30.
708 1062 760 1100 Ec
787 1059 940 1112 τυχὸν]
992 1062 1125 1099 Placet
1153 1061 1227 1099 hoc
1250 1060 1417 1101 Valesio.
1467 1062 1582 1101 Dixit
1609 1063 1798 1114 Polybius

340 1117 447 1172 μετὰ
471 1120 665 1171 ὁημοτων
686 1116 735 1156 ἀν
741 1115 925 1171 θρώπων
947 1132 1022 1170 συ)
1025 1118 1289 1169 καταβαίνων
1313 1115 1454 1170 ὡμίλει
1476 1119 1507 1173 ιιι)
1528 1116 1657 1170 τύχοι.
1697 1121 1800 1170 quod

340 1179 462 1217 fuisse
483 1184 575 1225 puto
597 1191 634 1216 οι
654 1171 783 1225 τύχοι.
827 1175 933 1212 ldem
955 1180 992 1241 et
1013 1174 1073 1211 hic
1094 1176 1297 1222 praeferre.
1289 1189 1337 1212 ιι.
1376 1175 1548 1212 Auctor
1538 1189 1618 1226 ipse
1641 1190 1676 1226 p.
1689 1178 1796 1218 321.

340 1233 439 1271 Exc.
459 1233 616 1281 horum,
638 1228 821 1283 προσιών
840 1236 942 1277 τοῖς
947 1227 1242 1283 εὐωχουμένοις
1259 1234 1298 1271 οἱ
1320 1244 1449 1283 τυχοι,
1474 1233 1500 1270 i.
1525 1245 1557 1270 e.
1569 1233 1799 1284 ,ubicunque

343 1303 428 1328 sese
452 1292 602 1327 occasio
624 1289 749 1326 dabat.
805 1287 883 1324 WE
887 1297 940 1324 SS.

460 1348 564 1386 577.
597 1346 670 1384 32.
705 1340 811 1396 ’'Asp
835 1338 995 1395 ημὲρας
1014 1365 1062 1373 --··
1083 1340 1348 1396 γενομὲνους]
1382 1343 1493 1388 Quod
1514 1344 1643 1383 Latini
1664 1345 1798 1384 dicunt

342 1404 528 1441 convivia
548 1402 593 1438 de
620 1399 682 1438 die
704 1401 864 1446 (lucere,
899 1400 939 1436 id
961 1400 1101 1439 Graeci
1132 1401 1266 1438 efferre
1298 1402 1427 1438 solent
1455 1398 1526 1454 ἀφ’
1555 1396 1724 1454 ἡμέρας.
1773 1415 1798 1440 a

341 1460 480 1507 quibus
500 1459 665 1496 mutuati
687 1470 768 1493 esse
788 1456 971 1494 videntur
989 1456 1133 1497 Latini.
1193 1456 1260 1494 Sic
1287 1457 1476 1506 Polybius
1503 1459 1569 1496 lib.
1585 1458 1614 1494 V
1619 1458 1686 1495 111.
1716 1460 1794 1499 22.

338 1516 456 1570 Γαΐῳ
487 1517 546 1554 τῶ
577 1512 722 1567 Λιβιιιι)
753 1527 897 1564 γεενομ
881 1511 956 1566 ένῳ
986 1528 1092 1564 μετα
1120 1516 1207 1553 τῶν
1232 1508 1432 1564 συνηθων
1455 1510 1526 1565 ἀφ’
1557 1509 1636 1566 ἦμε
1631 1513 1728 1566 ’.ρας
1759 1521 1798 1552 et

338 1575 455 1638 paulo
485 1578 570 1620 post
599 1571 657 1607 bis
682 1569 814 1606 eadem
842 1571 1039 1607 locutione
1065 1572 1198 1607 utitur.
1268 1568 1374 1606 Haec
1406 1569 1535 1608 Latini
1565 1574 1793 1620 tempestiva

339 1630 523 1666 convivia
553 1628 770 1676 appellant,
812 1637 908 1675 quae
939 1627 1088 1663 scilicet
1116 1634 1204 1663 ante
1227 1624 1358 1663 horam
1390 1639 1532 1663 nonam
1555 1626 1793 1665 inchoaban-

338 1692 426 1732 tur,
459 1691 502 1722 ut
523 1692 626 1723 reete
648 1683 804 1731 Lipsius
821 1682 869 1721 ad
890 1683 1029 1720 librum
1050 1682 1159 1720 XIV.
1180 1685 1223 1722 ‘³.
1249 1681 1379 1720 Taciti
1397 1683 1610 1721 adnotavit.
1665 1684 1791 1727 Quare

338 1748 443 1779 errat
472 1744 505 1778 is
534 1743 600 1790 qui
627 1741 741 1776 aliter
771 1747 906 1777 contra
924 1738 1047 1788 Lipsii
1079 1741 1308 1776 sententiam
1337 1740 1611 1788 interpretatur
1644 1739 1690 1777 de
1712 1740 1789 1796 die,

336 1805 382 1835 ut
402 1798 503 1835 idem
524 1799 577 1834 sit
597 1796 697 1846 quod
717 1796 888 1833 meridie.
941 1795 1066 1846 Igitur
1086 1798 1119 1832 si
1139 1799 1225 1844 quis
1244 1795 1290 1832 ab
1310 1794 1403 1831 hora
1425 1797 1464 1834 7.
1486 1797 1711 1833 convivium
1728 1800 1791 1833 in-

335 1857 443 1900 ierit,
470 1856 503 1891 is
525 1854 570 1890 de
596 1853 656 1889 die
675 1859 807 1901 potare
829 1865 909 1889 non
926 1850 1104 1889 dicetur?
1131 1865 1206 1901 quo
1229 1851 1321 1900 quid
1340 1858 1400 1888 est
1418 1850 1646 1889 absurdius?
1686 1851 1790 1892 Sane

335 1911 434 1949 inud
453 1910 677 1948 convivium
695 1907 735 1946 C.
751 1909 878 1956 Livii,
919 1909 1022 1957 quod
1043 1909 1229 1958 Polybius
1247 1908 1293 1944 de
1313 1908 1374 1945 die
1396 1915 1573 1957 coeptum
1589 1909 1710 1946 fuisse
1731 1909 1790 1946 di-

336 1970 414 2014 cit,
447 1974 532 2017 post
549 1966 747 2003 meridiem
768 1964 989 2002 inchoatum
1011 1978 1094 2002 esse
1114 1978 1193 2002 non
1222 1964 1367 2001 dubito.
1425 1963 1573 2001 Scribit
1594 1967 1696 2003 enim
1714 1965 1792 2003 Ρο-

336 2025 489 2073 lybius,
526 2024 627 2059 circa
656 2023 749 2058 solis
779 2034 959 2058 occasum
987 2023 1152 2058 maxime
1180 2022 1405 2058 convivium
1431 2021 1684 2069 inferbuisse,
1711 2018 1790 2074 τὴν

335 2074 621 2131 ἀκμαιοτάτην
642 2075 805 2128 ἔχοντος
826 2073 1040 2116 oni-&eom
1083 2077 1184 2115 unde
1209 2077 1405 2124 probabile
1432 2083 1511 2123 est,
1537 2076 1632 2114 hora
1652 2084 1790 2115 octava

335 2138 457 2174 fuisse
486 2134 718 2173 inchoatum.
777 2134 880 2177 Quid
908 2134 941 2169 si
969 2140 1058 2170 ante
1089 2134 1309 2180 meridiem,
1344 2139 1387 2169 ut
1407 2131 1679 2170 Saturnalibus
1702 2134 1790 2172 fieri

335 2194 496 2238 solebat,
524 2194 661 2228 initum
672 2192 788 2228 fuerit
799 2187 1047 2227 convivium?
1077 2202 1206 2226 nonne
1227 2196 1265 2225 et
1284 2190 1552 2238 tempestivum
1571 2189 1610 2226 id
1626 2190 1788 2237 (lic-etur,

335 2262 382 2287 ae
414 2249 460 2285 de
490 2246 578 2284 die?
639 2245 779 2283 Caesar
800 2246 845 2282 de
866 2247 967 2282 bello
983 2245 1235 2294 Hispaniensi
1253 2242 1468 2297 (cap-33.)
1506 2247 1589 2296 ipse
1617 2247 1665 2285 de
1690 2252 1786 2285 tem-

323 2318 432 2359 pore
450 2306 656 2349 coenavit,
685 2305 818 2340 vinum
841 2309 883 2339 et
895 2303 1065 2340 nardum
1083 2302 1159 2338 sibi
1180 2301 1344 2348 infudit.
1404 2301 1551 2338 VALES.

450 2362 555 2401 577.
587 2361 661 2399 33.
697 2355 824 2398 ΖΙιἸετὰ
844 2358 1034 2409 κερατίου
1062 2357 1131 2396 καὶ
1161 2356 1426 2410 συμφωνίας]
1472 2357 1667 2408 Interpres
1699 2372 1787 2398 cum

324 2418 474 2471 poculo
494 2424 535 2454 et
550 2416 794 2467 symphonia.
851 2414 1006 2451 Mallem
1026 2428 1120 2465 ego,
1146 2413 1379 2451 salmasium
1404 2420 1580 2461 secutus,
1618 2429 1704 2452 oum
1733 2418 1785 2453 ti-

333 2476 400 2511 bia
428 2480 468 2511 et
497 2473 740 2524 symphonia.
798 2469 940 2523 Κέρας
971 2477 1009 2507 et
1037 2465 1224 2521 κεράτιον
1256 2470 1354 2507 hane
1375 2477 1606 2519 potestatem
1625 2484 1703 2508 non
1722 2484 1785 2508 re-

332 2544 482 2579 spuere,
508 2531 592 2582 lege
615 2531 657 2566 in
676 2527 734 2567 Cl.
751 2526 798 2565 T.
809 2526 1095 2564 Hemstcrhusii
1115 2535 1208 2564 nota
1226 2527 1274 2564 ad
1286 2525 1503 2566 Lucian.D.
1527 2526 1783 2577 Dialog.X1[.

337 2590 378 2628 1.
416 2584 541 2626 Μετὰ
573 2582 793 2637 κεραμίου,
830 2584 932 2632 quod
952 2583 1236 2632 aputhAthen„
1269 2584 1359 2620 vide
1389 2583 1578 2631 quomodo
1607 2583 1786 2631 expediat

332 2656 496 2693 magnus
519 2642 817 2679 Animadversor
843 2639 886 2677 L.
905 2640 951 2678 V.
980 2640 1022 2680 4.
1067 2646 1106 2676 et
1133 2640 1179 2675 de
1210 2641 1451 2690 tempestivis
1477 2640 1669 2676 conviviis
1695 2640 1783 2676 istis

335 2699 512 2744 Salmas,
532 2710 643 2747 quem
661 2698 838 2734 Valesius
858 2696 1049 2745 designat,
1078 2695 1126 2733 ad
1148 2695 1305 2744 Vopisci
1322 2695 1493 2733 Florian.
1516 2709 1546 2732 c.
1562 2697 1602 2734 6.
1643 2694 1782 2732 WESS.

451 2757 554 2795 577.
582 2755 658 2793 42.
693 2749 915 2801 Ἐκάθ-ιζεν
942 2751 1005 2790 ἐπὶ
1036 2749 1186 2804 δίφρον
1215 2750 1348 2804 ilem]
1394 2751 1501 2788 llaec
1539 2764 1588 2787 ex
1626 2752 1784 2802 Polybii

332 2813 400 2850 lib.
413 2811 566 2849 XXVI.
599 2812 833 2858 transcripta
853 2821 947 2857 pene
966 2808 1016 2845 ad
1038 2809 1198 2846 verbnm
1223 2813 1325 2845 sunt.
1392 2807 1470 2844 Sed
1491 2814 1529 2844 et
1548 2807 1682 2845 Livius
1713 2808 1780 2844 lib.

332 2868 437 2906 XLI.
470 2881 503 2906 c.
525 2868 599 2908 20.
627 2866 757 2904 eadem
780 2879 827 2904 ex
844 2865 1009 2915 Polybio
1037 2871 1083 2902 ut
1101 2866 1221 2912 solet,
1261 2865 1536 2902 transtulerat:
1565 2886 1623 2893 -
1658 2876 1781 2910 more,
