1891 3310
652 178 1035 211 PRAEFATxm
1407 179 1569 211 xxxlx

117 277 322 311 iactatione
352 285 446 320 opus
477 274 716 319 absolveret,
758 286 807 310 an
839 276 1074 310 conturbatis
1107 276 1189 309 eius
1223 276 1336 310 rebus
1370 278 1564 320 perierint,

113 335 318 369 adfirmare
342 344 416 367 non
442 343 611 377 possum:
639 332 688 366 ad
715 333 965 366 clarissimum
989 337 1094 367 certe
1114 333 1203 367 lic.
1229 332 1310 366 Pu.
1333 335 1564 367 n'Onvm-

113 403 234 427 taum
262 392 355 426 nihil
378 391 508 425 horum
534 391 777 433 pervenisse,
811 389 954 435 liquido
986 392 1157 435 cognovi.
1215 390 1289 424 Sed
1323 396 1451 425 cetera
1482 402 1564 435 per-

111 461 324 495 sequamur.
383 447 695 482 christianissimi
729 447 936 480 Galliarum
971 450 1074 492 regis
1102 447 1333 482 bibliotheca
1369 450 1563 491 auxilium,

110 508 210 553 quod
230 508 375 552 prolixe
394 509 589 549 praestare
608 508 770 547 poterat,
797 515 870 538 non
889 507 1090 538 recusavit.
1134 506 1263 539 Habet
1287 510 1441 550 praeter
1464 517 1560 547 eum,

110 566 157 599 de
184 576 256 611 quo
282 564 456 607 superius
480 561 654 601 memini,
681 572 816 603 unum,
843 563 901 595 cui
923 563 1070 606 priores
1091 562 1178 596 libri
1203 564 1237 597 V
1261 564 1411 605 adsunt,
1433 564 1561 606 alium,

106 625 146 657 in
172 634 244 668 quo
268 620 489 655 undecimus
517 623 556 651 et
580 623 785 663 sequentes
811 623 993 663 quatuor,
1036 621 1190 653 tertium
1225 620 1379 655 eosdem
1413 623 1559 665 conple-

106 691 196 714 xum
224 683 263 713 et
282 678 380 713 XVI.
408 687 490 710 cum
518 677 678 720 septimo
703 676 870 716 decimo,
901 681 1075 721 quartum
1100 678 1284 722 denique,
1326 679 1431 711 cuius
1458 681 1559 723 pagi-

107 740 166 771 nis
194 736 405 780 consignati
429 737 518 767 sunt
542 735 705 778 quinque
733 735 927 776 postremi.
971 733 1118 768 Primus
1145 745 1341 768 numerum
1360 735 1562 770 MMan.

105 794 350 841 praeferens,
394 797 433 826 et
470 795 646 836 quartus,
690 800 801 834 quem
827 789 926 824 LXI.
949 802 1064 836 supra
1085 793 1144 825 bis
1168 793 1408 826 millesimum
1433 803 1560 828 nume-

106 857 213 892 rant,
255 851 390 884 eodem
423 847 692 892 chirographo,
726 848 795 881 sed
821 850 966 882 recenti
991 854 1030 883 et
1052 850 1203 884 indocto
1229 850 1462 895 descriptus,
1494 853 1558 884 mi-

105 910 207 942 nime
233 907 354 940 malus
383 910 459 947 est,
498 905 602 938 fideli
628 915 675 938 ex
702 906 878 949 exemplo
904 910 1105 950 exceptus:
1141 908 1346 950 secundus,
1380 910 1438 941 cui
1469 913 1557 942 nota

103 963 415 1002 MMIDXXXIX.
448 963 659 1006 inponitur,
703 964 822 997 seculi
856 963 938 999 XV.
973 969 1138 997 aetatem
1167 975 1240 998 non
1261 969 1434 1009 superat,
1468 967 1556 1000 olim

104 1022 306 1066 Augustini
331 1019 543 1054 Cardinalis
566 1020 765 1062 Trivultii3
802 1022 949 1061 tertius,
975 1022 1146 1065 signatus
1170 1022 1292 1055 indice
1314 1022 1494 1065 MMLX„
1517 1026 1556 1057 in

103 1080 230 1114 fronte
258 1082 296 1112 et
321 1078 422 1110 calce
448 1075 542 1110 haec
567 1080 757 1119 ostentat,
796 1079 909 1123 κτῆμα
928 1078 1113 1112 Ἀντωνίου
1136 1080 1200 1112 τοῦ
1220 1076 1413 1125 Ἐτεάρχου,
1448 1082 1468 1114 ὃ
1499 1082 1556 1115 δὲ-

103 1139 208 1171 dmum
232 1138 279 1173 εἰς
303 1139 443 1179 σημεῖον
466 1134 685 1180 εὐχαριστίας
709 1135 756 1178 τῷ
780 1136 931 1181 κραταιῷ
953 1139 1089 1180 βασιλεῖ
1116 1137 1279 1177 Κελτῶν,
1318 1140 1365 1180 τῷ
1392 1141 1557 1183 ἐπιφανε-

101 1195 213 1238 στάτῳ
252 1194 474 1238 Φραγκίσκῳ·
517 1192 650 1236 quibus
685 1192 821 1226 deinde
857 1194 1091 1237 adpingitur‚
1135 1204 1182 1226 (ιη
1216 1192 1394 1238 Soplciuni
1421 1197 1557 1229 manu?

103 1252 165 1286 Sic
199 1252 299 1284 foret
328 1250 453 1282 medio
488 1249 616 1282 seculo
641 1248 760 1290 XVL,
795 1261 866 1294 quo
893 1250 1059 1284 Michael
1083 1250 1295 1295 Sophianus
1317 1253 1430 1294 vixit,
1465 1264 1555 1287 exa—

100 1314 218 1344 ratus.
265 1307 340 1341 Sed
371 1306 459 1350 quid
485 1307 516 1338 si
539 1308 723 1340 Antonius
748 1308 828 1351 ipse
856 1309 980 1341 scriba
1004 1309 1139 1350 fuerit,
1169 1320 1241 1354 quo
1277 1311 1400 1343 officio
1431 1312 1469 1343 in
1501 1312 1553 1343 in-

101 1368 185 1401 suia
205 1368 371 1408 Corcyra
394 1374 508 1407 saepe
538 1363 704 1396 functum
731 1364 847 1398 fuisse
875 1366 1007 1398 eadem
1033 1366 1212 1410 Sophiani
1237 1372 1388 1409 aetate,
1427 1368 1554 1401 claris-

99 1426 226 1458 simet
257 1420 437 1466 adparet?
486 1421 682 1464 Utcunque
708 1422 746 1454 id
771 1421 907 1465 fuerit,
955 1434 1077 1468 neque
1114 1425 1213 1457 enim
1250 1426 1376 1469 magni
1413 1435 1458 1458 ea
1492 1436 1555 1458 res

100 1481 283 1515 momenti
323 1482 400 1519 est,
442 1478 759 1513 conferendorum
790 1490 920 1514 eorum
955 1480 1124 1514 laborem
1149 1483 1188 1515 in
1214 1493 1256 1516 se
1285 1482 1554 1517 humanissime

99 1538 268 1582 suscepit
298 1537 540 1570 doctissimus
574 1536 644 1569 DE
680 1546 735 1570 LA
765 1538 953 1579 Rimas,
996 1542 1035 1572 et
1067 1539 1202 1574 dextre
1235 1541 1408 1574 absolvit.
1457 1541 1555 1583 Itali,

98 1605 258 1640 quorum
291 1594 487 1628 litei-ariae
521 1595 652 1638 copiae
688 1596 727 1628 in
759 1596 871 1629 laude
905 1600 1128 1640 versantur,
1174 1597 1405 1631 nobisvhaud
1431 1600 1553 1632 minus

97 1654 286 1688 faverunt.
331 1652 556 1686 Vaticanum
584 1652 754 1694 CXXX„
786 1658 873 1687 ante
898 1652 967 1687 hos
990 1658 1193 1688 sexcentos
1217 1665 1336 1689 annos
1359 1656 1396 1688 in
1423 1655 1555 1689 charta

96 1711 335 1755 Pergamena
360 1710 560 1752 scriptum,
607 1714 646 1743 et
670 1710 781 1744 docta
805 1711 980 1744 Britanni
1004 1722 1117 1746 manu
1144 1717 1337 1746 enotatum
1370 1714 1417 1747 ad
1451 1716 1553 1756 quin-

97 1780 169 1814 que
199 1769 346 1812 priores
369 1766 487 1800 libros
512 1766 687 1808 adhibui,
720 1769 778 1800 cui
805 1772 844 1801 et
866 1769 931 1801 alii
956 1772 1275 1813 opportunissime
1299 1774 1554 1804 accesserunt.

98 1827 196 1862 Nam
230 1835 311 1858 cum
348 1823 480 1857 sedulo
516 1826 799 1869 perquirerem,
835 1836 953 1870 ecqua
977 1829 1039 1860 via
1065 1827 1112 1860 ad
1138 1827 1274 1868 hiatus,
1307 1827 1440 1872 quibus
1467 1827 1553 1861 Dio-

98 1885 205 1919 dorei
230 1882 381 1927 quidam
406 1881 492 1914 libri
516 1882 790 1924 dissociantur,
832 1884 1040 1927 explendos
1063 1885 1244 1926 inveniri,
1286 1889 1400 1928 atque
1427 1889 1553 1918 utrum

96 1941 380 1986 deperditorum
414 1938 556 1982 aliquid
588 1950 607 1972 e
643 1939 801 1973 latebris
833 1946 965 1984 posset
1000 1942 1103 1985 erui,
1152 1942 1327 1975 benivole
1367 1944 1553 1975 succurrit

94 2002 153 2034 vir
178 2001 290 2042 longe
317 1996 574 2029 nobilissimus
597 1995 675 2030 Pu.
699 1997 864 2030 MARIA
891 1999 1076 2040 ΜοΝἰ-ῐ,
1103 2010 1221 2043 nuper
1241 2000 1442 2033 admodum
1463 2001 1550 2032 emi-

93 2058 317 2093 nentissimo
340 2055 384 2087 E,
408 2053 450 2088 R,
477 2053 731 2087 Cardinalium
768 2055 930 2100 collegio
962 2056 1195 2101 adscriptus:
1238 2057 1323 2090 huic
1354 2058 1475 2090 debeo
1512 2062 1551 2091 et

95 2114 341 2151 eruditissimi
381 2112 574 2145 losspn.
614 2111 730 2144 Slno
747 2121 784 2146 N.
826 2115 1072 2146 AssEniAnr
1114 2115 1393 2157 promtissimae
1435 2125 1549 2148 curae

92 2178 239 2219 partem
267 2173 531 2213 excerptorum
559 2179 605 2202 ex
632 2169 761 2203 codice
778 2172 1072 2215 quingentorum
1098 2171 1218 2205 ferme
1243 2182 1425 2205 annorum
1448 2172 1550 2205 bom-

92 2232 253 2276 bycino,
289 2229 426 2262 librum
452 2228 610 2271 primum
639 2231 677 2260 et
701 2232 864 2272 quatuor
887 2229 1080 2261 insecutos
1113 2230 1350 2262 continente:
1392 2234 1548 2273 accepta

95 2291 209 2324 etiam
238 2286 385 2326 resero,
429 2295 525 2329 quae
553 2295 598 2317 ex
621 2284 771 2318 schedis
795 2290 883 2319 ante
911 2284 979 2319 hos
1005 2290 1199 2319 trecentos
1223 2297 1342 2319 annos
1366 2286 1547 2330 deprope-

93 2349 188 2381 ratis
205 2369 214 2386 ‚
243 2344 290 2377 ad
315 2343 433 2376 libros
457 2343 520 2376 xl.
544 2342 626 2375 ΧΗ.
653 2342 753 2375 ΧΙΙΙ.
777 2342 879 2377 xlv.
903 2342 1007 2384 XV.‚
1036 2348 1075 2377 et
1100 2355 1146 2377 ex
1174 2345 1272 2385 aliis,
1300 2343 1470 2377 eiusdem
1486 2354 1546 2377 ve-

92 2404 267 2443 tristans,
303 2401 350 2433 ad
376 2405 588 2444 postremos
614 2401 777 2443 quinque
801 2401 1046 2435 illustrandos
1071 2403 1240 2435 admovi:
1277 2412 1322 2434 nc
1351 2412 1448 2434 nunc
1473 2411 1547 2434 me-

93 2471 238 2496 morem
265 2459 311 2492 de
339 2458 583 2501 fragmentis,
615 2462 654 2490 et
680 2457 795 2490 nobili
822 2468 881 2498 eo,
908 2459 1007 2502 quod
1031 2460 1081 2492 H.
1108 2459 1402 2493 §repunt-s
1428 2460 1547 2491 incer·

94 2525 132 2554 to
159 2517 336 2562 scriptori
360 2516 461 2548 inter
484 2514 700 2547 Polemonis
730 2519 769 2548 et
792 2515 955 2548 Himerii
981 2518 1162 2561 reliquias
1183 2516 1422 2550 attribuerat.
1458 2515 1542 2549 Per·

94 2589 142 2623 go
166 2576 371 2615 Venetiam,
408 2570 507 2604 unde
542 2571 701 2614 provida
732 2572 941 2606 doctissimi
974 2574 1130 2608 Abbatis
1162 2574 1335 2607 ΒιΛειῐ
1368 2574 1544 2605 CAnro-

93 2643 235 2668 mum
266 2641 356 2666 cura
387 2629 576 2672 inpetravi
609 2632 648 2661 et
674 2639 720 2661 ex
739 2629 979 2664 Bibliotheca
1004 2632 1153 2675 quidem
1179 2630 1266 2663 Divi
1289 2630 1410 2663 Marci
1433 2630 1544 2663 coila-

93 2693 239 2732 tiones,
267 2691 322 2723 uti
346 2691 502 2728 vocant,
533 2685 688 2720 decadis
712 2687 868 2721 ultimae
895 2698 941 2722 ex
971 2689 1220 2727 membranis,
1251 2688 1407 2731 antiqua
1431 2697 1543 2720 manu

187 2819 204 2852 1
228 2814 312 2849 Vid.
338 2815 530 2849 Montsauc.
555 2814 805 2858 palaeograph.
832 2815 957 2849 Graec.
980 2828 1012 2858 p.
1033 2817 1087 2851 82.
1113 2817 1168 2852 90.
1196 2814 1250 2850 95.
