1891 3310
467 169 532 211 ΙΝ
558 168 673 212 LIB.
703 168 807 209 XV.
835 166 962 210 CAP.
995 169 1071 212 47.
1109 170 1185 212 48.
1510 179 1570 220 35

111 286 294 324 eximitur
314 280 506 324 Nicocles.
541 282 747 323 Tractavit
767 282 869 321 hunc
888 295 1037 334 quoque
1060 284 1187 322 locum
1204 282 1313 323 Hier.
1333 284 1497 327 Wolfius
1517 293 1566 332 ad

109 342 312 394 Evagorae
344 341 528 379 lsocratei
558 341 810 390 principium,
841 340 1022 389 visusque
1043 340 1117 377 sibi
1148 347 1208 377 est
1234 344 1565 397 animadvertisse,

109 399 323 437 Diodorum
361 411 489 435 secum
518 410 710 449 pugnare:
751 409 914 445 namque
946 396 1010 433 hic
1048 395 1198 444 doceri,
1234 400 1402 437 eunuchi
1429 403 1563 443 fraude

108 455 326 506 Evagoram
344 456 523 502 periisse:
554 455 726 491 eumdem
745 466 837 490 vero
858 453 1077 504 Evagoram
1096 454 1209 490 rebus
1226 457 1435 505 gerendis
1425 472 1465 495 m
1487 459 1544 511 Cy
1546 484 1564 490 -

109 525 177 561 pro
199 514 383 561 praeponi
399 511 439 548 L.
455 510 560 548 XVI.
583 513 643 550 42
651 517 798 559 .‚atque
821 512 960 547 iterum
980 509 1148 547 interfici
1168 511 1337 549 eiusdem
1360 514 1425 551 lib.
1442 530 1472 552 c.
1487 518 1561 558 46.

107 567 185 605 Sed
209 568 404 605 aberravit
422 581 444 605 a
460 574 567 604 recto
596 568 748 604 tramite
769 570 831 604 vir
851 567 1106 603 doctissimus.
1146 565 1348 619 Evagoras
1369 572 1442 608 iste
1461 573 1560 612 alius

106 631 185 672 est,
215 630 253 660 et
269 624 432 673 prioris‚
459 625 516 661 uti
539 623 716 670 videtur,
742 623 867 660 filius:
891 624 1019 673 plures
1043 625 1145 660 enim
1167 622 1346 673 reliquit,
1378 639 1455 665 non
1479 643 1559 668 om-

103 693 174 718 nes
202 681 355 729 quidem
384 694 517 731 reges,
557 682 749 718 neminem
779 686 907 716 tamen
937 682 1088 729 privata
1119 678 1352 719 conditione.
1396 682 1559 727 Οὐδένα

102 735 323 783 ἰδιωτικοῖς
355 733 532 788 ὀνόμασι
560 731 993 791 προσαγορευόμενον,
1021 735 1211 774 Isocrates
1240 739 1296 775 ait
1319 740 1361 777 in
1389 739 1557 794 Evagor.

101 805 139 843 p-
161 795 270 834 297.
302 793 440 830 WVEss.

217 851 290 890 39
315 850 388 890 36.
413 844 495 888 ''En
523 846 650 900 ἄρχον
653 862 724 895 τος
747 869 795 876 -
810 842 1018 901 Ἀστείου]
1045 846 1187 888 Verum
1209 847 1282 888 hoc
1300 848 1466 892 hominis
1485 867 1556 893 no-

100 919 211 953 men,
238 907 338 956 quod
369 913 519 954 praeter
540 905 754 943 Diodorum
786 906 907 942 edunt
929 904 1208 944 Demosthenes
1241 907 1287 945 Ο.
1322 909 1364 946 in
1385 909 1554 951 'Iimotlu

101 977 137 1014 p.
160 964 281 1009 659..,
313 961 524 1000 Pausanias
548 963 590 999 L.
612 961 683 1000 IX.
709 965 747 1003 l.
768 976 803 1012 p.
827 963 950 1009 713.,
977 960 1209 1012 Pariumque
1227 976 1405 1004 marmor.
1436 967 1554 1007 Solus

99 1020 327 1057 Aristoteles
359 1017 401 1056 L.
426 1018 453 1056 Ι.
487 1018 644 1056 Meteor.
675 1032 706 1056 c.
728 1021 770 1059 6.
814 1016 872 1057 ἐπ’
898 1016 1135 1070 Ἀρισταίου
1165 1017 1386 1073 ἄρχοντος,
1415 1025 1482 1063 ubi
1504 1039 1553 1064 ex

98 1078 271 1127 margine
297 1073 478 1115 Ἀστείου
504 1088 586 1113 esse
617 1075 911 1114 adsciscendum
946 1074 1042 1113 bene
1077 1086 1310 1114 monuerunt
1337 1083 1412 1118 viri
1436 1081 1551 1121 docti.

100 1133 238 1172 WEss.

213 1189 286 1229 39.
317 1188 390 1229 37.
424 1182 607 1241 Μάρκον
632 1183 815 1242 Φούριον
832 1185 924 1240 etc]
954 1186 1126 1240 Insignis
1146 1186 1207 1227 hic
1230 1191 1384 1229 tandem
1400 1193 1553 1234 Livium

96 1246 200 1284 inter
220 1255 258 1283 et
273 1243 490 1283 Diodorum
508 1246 725 1283 concordia.
756 1246 852 1283 Vide
873 1247 984 1283 illum
1004 1246 1050 1283 de
1080 1245 1139 1283 his
1167 1248 1336 1285 tribunis
1357 1254 1553 1290 consulari

97 1310 284 1352 potestate
305 1310 343 1339 et
363 1303 463 1340 bello
481 1302 759 1353 Praenestino,
790 1314 866 1352 quo
889 1303 936 1340 de
964 1301 1094 1353 paullo
1117 1309 1206 1340 ante
1229 1303 1391 1351 Noster,
1419 1307 1460 1344 L.
1483 1309 1547 1346 VI.

98 1362 174 1401 22.
203 1359 341 1397 WEss.

212 1418 286 1456 39.
307 1417 383 1455 43.
422 1410 639 1469 Ἐγένοντο
672 1409 793 1468 πάθη
813 1415 1014 1462 τοιαῦτα]
1058 1412 1117 1452 De
1142 1414 1214 1454 hoc
1243 1430 1385 1469 genere
1405 1417 1549 1461 dictum

29 1451 31 1462 '
96 1474 205 1511 alias.
237 1471 486 1510 vid.n0t.1n
509 1472 551 1510 L.
572 1472 600 1509 1.
624 1473 698 1512 93.
731 1473 797 1510 111.
818 1474 893 1513 21.
931 1473 977 1510 v.
1001 1475 1040 1513 8.
1078 1471 1215 1510 wssss.

20 1857 30 1912 {l

19 1929 23 1989 ἒ

209 1530 282 1569 39.
306 1530 382 1569 49.
406 1526 532 1568 Ἀλλὰ
551 1526 700 1576 νυκτὸς
717 1529 791 1568 τοῦ
812 1526 980 1575 πάθους
1001 1525 1269 1583 συμβάντος]
1302 1528 1428 1570 Noetu
1452 1530 1551 1571 hane

93 1587 350 1624 calamitatem
376 1585 523 1623 duabus
555 1587 635 1623 illis
653 1587 814 1624 urbibus
837 1589 999 1623 exitium
1022 1588 1218 1633 attulisse,
1247 1587 1471 1626 Heraclides
1493 1596 1550 1628 te-

96 1649 222 1680 statur
241 1644 357 1680 etiam
383 1645 424 1680 in
446 1642 626 1681 Strabon.
648 1642 692 1682 L.
718 1642 819 1680 VIII.
849 1653 884 1692 p.
911 1644 1014 1682 590.
1042 1650 1079 1680 et
1107 1643 1290 1681 Aelianus
1310 1645 1356 1682 de
1379 1645 1544 1684 Animal.

95 1699 139 1737 L.
157 1699 231 1737 XI.
255 1702 326 1741 19.
369 1698 554 1749 Suspicor
581 1706 708 1737 autem
745 1698 958 1738 Diodorum
989 1697 1081 1736 haee
1105 1698 1352 1750 descripsisse
1384 1714 1432 1739 ex
1459 1702 1548 1741 Cal-

93 1756 274 1794 listhenis
298 1752 556 1807 ίΕλληνικιῗνν
587 1770 721 1806 opere,
754 1759 863 1792 cuius
882 1763 1068 1792 *extremo
1102 1755 1186 1795 Lib.
1212 1756 1319 1796 XIV.
1356 1761 1544 1800 meminit.

93 1811 193 1851 Eum
214 1814 314 1850 enim
339 1816 379 1850 in
409 1813 468 1850 his
489 1814 598 1849 libris
631 1813 844 1862 disputasse
865 1812 1092 1863 diligenter,
1121 1811 1438 1861 quemadmodum
1460 1814 1548 1854 He-

87 1871 171 1908 lice
198 1877 235 1906 et
253 1869 369 1907 Bura
393 1871 470 1906 sint
489 1881 659 1916 mersae,
687 1876 725 1905 et
749 1870 834 1918 quis
854 1867 940 1905 illas
968 1880 1078 1905 casus
1099 1870 1139 1905 in
1160 1880 1281 1917 mare,
1314 1872 1377 1908 vel
1398 1873 1438 1909 in
1459 1874 1546 1911 illas

94 1940 199 1964 mare
219 1928 422 1973 inmiserit,
446 1929 623 1963 novimus
645 1938 693 1962 ex
706 1924 854 1962 Seneca
874 1926 920 1969 Q.
937 1925 1026 1964 Nat.
1049 1925 1091 1962 L.
1106 1923 1170 1962 VI.
1187 1926 1262 1965 23.
1294 1926 1548 1979 Namsingu..

93 1985 166 2021 lari
187 1982 463 2020 Callisthenem
478 1983 599 2029 libro,
626 1980 728 2032 quod
753 1984 814 2019 vir
841 1984 1019 2032 egregius
1044 1979 1092 2018 ad
1111 1981 1341 2020 Strabonem
1364 1984 1547 2033 opinaba—

93 2047 179 2088 tur,
209 2040 255 2075 de
277 2038 486 2077 miserabili
507 2038 656 2076 urbium
680 2050 810 2075 earum
832 2011 956 2075 cladeo
963 2041 1111 2089 egisse,
1144 2050 1222 2075 non
1243 2038 1374 2088 liquet.
1408 2042 1545 2082 IVESS

206 2096 283 2136 40.
318 2098 390 2135 62
416 2091 589 2161 Ελίκην
599 2110 642 2134 τε
652 2109 731 2164 tnott
758 2093 941 2162 Βουροω]
974 2093 1175 2132 StraboL.
1198 2095 1226 2133 I
1248 2109 1283 2146 p.
1306 2097 1406 2137 102.
1435 2099 1547 2137 Bov-

93 2168 147 2206 ρα
167 2152 211 2192 δὲ
231 2152 298 2192 καὶ
313 2147 474 2218 EM'7773
498 2146 522 2202 ἦ
544 2151 619 2203 μὲν
643 2144 723 2191 vn&
740 2163 982 2202 χασματος,
1015 2167 1039 2202 7]
1063 2151 1107 2191 δὲ
1134 2147 1213 2191 υπὸ
1237 2166 1421 2203 κυματος
1437 2170 1548 2208 ηφα·

92 2209 234 2261 νίσθη
276 2208 394 2246 Caius
415 2210 547 2259 opinio
566 2212 599 2245 si
628 2210 779 2255 valeat,
820 2221 949 2245 earum
971 2208 1095 2245 altera
1128 2208 1235 2246 hiatu
1256 2216 1380 2247 terrae
1412 2210 1547 2249 hausta

94 2267 269 2306 subsidit.
310 2266 387 2303 Alii
419 2267 623 2314 pluresque
648 2278 833 2312 numero,
856 2272 900 2302 ut
920 2265 1015 2302 bene
1038 2265 1090 2302 ibi
1113 2267 1174 2303 vir
1200 2277 1376 2317 magnus,
1399 2275 1547 2304 utram·

93 2335 167 2372 que
193 2323 371 2360 fluetibus
399 2322 618 2370 absorptam
647 2322 922 2370 prodiderunt,
951 2323 992 2358 in
1023 2332 1185 2370 quorum
1217 2323 1351 2360 ordine
1382 2323 1546 2361 Ovidius

94 2384 210 2418 etiam
232 2376 479 2429 Metamorph.
499 2379 588 2418 XV,
610 2379 718 2419 293.
747 2391 833 2415 cum
865 2386 959 2415 nota
978 2377 1026 2415 N.
1048 2378 1213 2415 Heinsii.
1266 2380 1370 2423 Quae
1392 2381 1547 2428 quidem

95 2435 286 2474 discordia
316 2437 503 2483 cessabit,
535 2437 569 2473 si
590 2436 723 2473 eodem
744 2435 812 2473 illo
835 2441 1004 2485 tempore
1036 2440 1075 2471 et
1098 2431 1299 2486 χάσματα
1326 2433 1548 2489 θαλάσσης

95 2501 134 2531 et
157 2488 351 2543 κυμάτων
376 2491 594 2545 ἐπιδρομαὶ
625 2493 792 2539 fuerint,
821 2493 935 2529 sicuti
957 2498 1090 2528 auctor
1113 2494 1168 2528 ait
1191 2492 1236 2529 de
1267 2490 1413 2530 Mundo
1437 2506 1468 2530 e.
1490 2494 1548 2541 4.,

96 2552 180 2588 sive
214 2550 492 2595 Clmsmatiae,
519 2549 589 2600 qui
618 2550 836 2599 grandiori
865 2548 1242 2599 motusmtefactis
1269 2548 1394 2586 subito
1430 2562 1549 2587 vora-

97 2609 238 2652 trinis,
271 2613 472 2643 terrarum
490 2613 635 2657 partes
665 2606 897 2653 absorbent,
921 2605 1020 2653 apud
1053 2605 1240 2642 Ammian.
1273 2604 1314 2642 L.
1348 2605 1474 2642 XVII.
1509 2608 1549 2646 7.

97 2662 198 2700 Τυιιι
227 2666 329 2700 enim
351 2671 388 2699 et
410 2664 531 2699 altera
559 2662 737 2699 fluetibus
760 2661 930 2707 hauriri,
958 2662 1155 2710 alteraque
1176 2664 1360 2712 voragine
1388 2662 1552 2709 quadam

97 2732 249 2770 pessum
269 2721 324 2756 ire
347 2721 485 2768 potuit.
518 2718 643 2756 Maior
661 2726 719 2755 est
742 2717 944 2755 difficultas
966 2721 1003 2755 in
1023 2718 1198 2755 dissensu
1221 2717 1394 2767 polybii,
1420 2719 1550 2767 pulcre

96 2776 362 2813 animadversa
387 2776 432 2812 ab
459 2775 515 2812 Ill.
537 2775 676 2812 Ezech.
697 2774 931 2824 Spanhemio
963 2774 1009 2811 ad
1031 2773 1179 2812 Gallim.
1202 2773 1251 2810 H.
1276 2773 1359 2810 Dc!-
1386 2788 1421 2812 v.
1453 2778 1551 2814 ml.

98 2833 285 2870 Adfirmat
317 2836 417 2870 euim
449 2832 772 2882 prudentissimus
809 2834 994 2881 scriptor,
1029 2833 1070 2868 in
1105 2842 1210 2869 suam
1242 2842 1361 2879 usque
1393 2838 1553 2869 aetatem

1199 2888 1271 2926 3.
