1859 3326
972 79 981 99 ν’·

263 205 356 245 228
739 200 1267 244 ANNOTATIONES

270 317 438 355 datione.
463 315 594 354 PALM.
634 312 884 370 Ἀτροπάτῃ
914 317 1142 369 legendum,
1180 318 1247 357 diu
1278 326 1338 356 est
1370 333 1456 357 cum
1487 316 1725 371 Bongarsius

270 374 318 412 ml
341 374 478 412 lustin.
507 371 617 410 XIII.
642 373 684 413 ll.
708 374 957 413 adscriberet.
998 373 1134 413 Cetera
1167 386 1262 424 quac
1294 379 1357 414 vir
1391 377 1658 424 doctissimus,
1685 384 1729 415 ut

273 431 464 468 lustinum
484 431 648 477 iuvaret,
676 431 1008 475 conmentabatur„
1038 434 1243 469 maximam
1263 439 1409 482 partem
1430 437 1613 482 occupata
1637 439 1728 471 sunt

274 503 297 525 a
318 487 615 538 diligentissimo
636 485 898 525 Freinshemio
920 487 967 524 ad
987 487 1110 526 Curtii
1134 489 1177 528 L.
1201 487 1255 527 X.
1284 492 1352 530 10.
1374 503 1408 539 p.
1435 491 1560 537 815..
1602 492 1667 540 qui
1689 496 1729 526 et

278 545 442 592 Orosio,
482 555 550 591 pro
578 556 653 592 quo
682 542 910 594 Eutropium
941 546 1146 583 memoriae
1178 553 1332 594 peccato
1352 546 1565 583 Palmerius
1586 548 1730 595 posuit,

277 603 396 638 simili
427 600 617 637 medicina
647 600 951 638 subveniendum
980 614 1062 639 esse
1093 603 1234 641 doc’uit.
1263 603 1402 640 VVESS.
1442 603 1553 640 Parti
1581 603 1731 640 Mediae

277 657 500 707 Atropatem
521 657 752 705 praefectum
770 670 852 694 esse
874 658 992 695 tradit
1011 661 1126 696 etiam
1140 658 1310 696 Iustinus
1324 659 1434 697 XIII.
1445 660 1488 699 4.
1517 660 1731 709 descriptus

278 716 326 752 ab
347 715 488 750 Oresio
504 712 569 750 m.
592 714 681 760 23.,
710 725 807 761 quae
831 715 876 751 ab
896 727 940 751 eo
962 728 1048 765 pars
1070 729 1207 753 nomen
1229 719 1377 765 accepit
1391 717 1660 764 Atropatenae,
1689 722 1733 753 ut

278 784 326 808 cx
354 768 594 819 Geograpbis
614 777 779 807 constat.
810 769 966 820 Reliqui
989 774 1195 821 scriptores
1207 772 1356 811 Mediae
1378 787 1498 811 unum
1515 772 1733 824 Pythonem

277 828 511 878 praefectum
535 833 762 866 memorant.
1284 862 1287 865 ,

393 884 500 922 259.
531 884 572 921 2.
611 879 802 931 ”Εῖαξαν
829 880 1108 938 Ἀῥριὸαἴον]
1152 884 1264 923 Conf.
1291 884 1403 924 huius
1431 886 1522 924 libri
1552 899 1632 936 cap.
1653 887 1730 926 26.

275 938 587 990 Distinguendus
609 945 736 977 autem
760 940 822 978 hic
841 937 1093 980 Arrhidaeus
1120 955 1142 979 a
1163 956 1254 993 rege
1284 950 1341 980 est
1361 944 1532 981 eiusdem
1551 944 1734 989 nominis,

278 999 353 1034 etsi
383 998 496 1033 aliter
519 999 712 1034 censuerit
731 997 902 1035 Iustinus
923 998 965 1035 L.
987 998 1095 1036 XIII.
1118 1000 1160 1039 4.
1198 999 1310 1037 Certa
1338 1007 1553 1048 testataque
1583 1011 1646 1037 res
1677 1005 1738 1036 est

278 1053 433 1091 Arriani
457 1052 598 1090 indicio
618 1054 719 1102 apud
738 1053 918 1092 Photium
940 1052 1031 1093 Cod.
1051 1055 1177 1095 XCII.
1209 1070 1244 1105 p.
1269 1058 1378 1096 219.
1409 1057 1546 1093 Wssss.

391 1111 498 1149 259.
533 1109 571 1148 5.
607 1106 772 1151 ’Όντων
801 1111 989 1166 μυρίων]
1033 1111 1132 1150 Vide
1162 1124 1257 1161 quae
1290 1114 1452 1150 inferius
1483 1125 1515 1150 c.
1543 1113 1612 1153 12.
1648 1123 1738 1161 proc

280 1165 433 1204 duntur.
465 1164 601 1203 lVESS.

391 1224 496 1263 260.
533 1223 607 1263 37.
638 1219 714 1263 Ἐν
729 1219 990 1280 Ἀιιιφιπόλει
1012 1222 1057 1264 δὲ
1077 1226 1151 1277 τῆς
1174 1220 1482 1278 Ταυροπόλου]
1520 1222 1612 1261 Fuit
1631 1236 1674 1261 ea
1695 1226 1738 1261 in

277 1279 370 1316 urbe
398 1278 547 1317 Dianae
584 1283 789 1330 templum,
832 1284 941 1320 cuius
970 1285 1158 1334 vestigia,
1200 1295 1287 1320 cum
1317 1284 1400 1333 ipsa
1428 1284 1504 1319 iam
1533 1283 1576 1319 in
1604 1282 1739 1319 ruinas

278 1337 456 1383 abiisset,
487 1336 553 1373 diu
576 1336 784 1376 durarunt:

391 1388 541 1433 Λοιηά
560 1407 624 1433 τοι
644 1393 865 1447 Αἲθοπίης
887 1393 1184 1449 Βραῑᾪωνίδος
1204 1392 1312 1447 ἴχνια
1332 1393 1434 1448 νηοῦ

448 1448 628 1500 Mz'mec,
652 1450 721 1490 καὶ
741 1454 932 1503 ποταμοῦ
957 1449 1254 1505 ἀλιιᾳιμάχητον
1275 1448 1404 1503 ὕδωρ,

281 1504 485 1555 Antipater
507 1508 633 1556 inquit
652 1510 777 1546 nobili
797 1510 837 1546 in
856 1509 1164 1560 Epigrammate,
1191 1508 1293 1559 quod
1313 1510 1389 1547 viri
1417 1506 1672 1545 eruditissimi
1691 1505 1735 1546 L.

278 1561 531 1610 Holstenius,
570 1562 619 1602 R.
652 1563 875 1614 Bentleius‚
910 1565 1113 1604 Boivinius
1144 1579 1212 1604 sua
1246 1579 1337 1603 cura
1365 1579 1450 1602 cum
1470 1568 1550 1602 sint
1573 1564 1736 1615 dignati,

276 1620 440 1656 mirarer
466 1620 633 1669 discerpi
664 1624 834 1670 potuisse
865 1629 903 1660 et
935 1624 1267 1674 negligentissime
1295 1624 1457 1660 tractari
1484 1624 1525 1658 in
1564 1628 1738 1657 extrema

277 1682 385 1725 parte
408 1688 640 1725 nuperarum
657 1677 894 1729 Hesychian.
929 1678 1135 1717 Lucubrat.
1155 1692 1189 1728 p.
1213 1680 1342 1728 319.,
1376 1679 1454 1717 nisi
1472 1678 1642 1716 eiusdem
1660 1677 1740 1714 sol-

278 1733 413 1769 lertiae
435 1735 543 1780 plura
563 1734 708 1772 ibidem
729 1737 939 1785 specimina
957 1743 1165 1774 exstarent.
1192 1736 1331 1774 WVESS.

389 1791 496 1829 260.
519 1791 593 1830 38.
613 1787 683 1830 'Ev
697 1788 854 1846 Κύῤῥῳ
877 1791 920 1832 δὲ
934 1793 1021 1843 etc.]
1055 1793 1194 1831 Invitis
1206 1794 1314 1830 libris
1326 1791 1503 1829 erunibus
1514 1789 1738 1838 hocrecepi.

277 1844 379 1889 Quid
401 1848 504 1884 enim
524 1845 682 1885 Corsica
702 1849 751 1896 ad
773 1847 1063 1887 Alexandrum?
1102 1849 1209 1887 Eane
1230 1852 1270 1888 in
1290 1846 1540 1887 Macedonia?
1567 1846 1738 1884 Detexe-

274 1913 359 1938 ram
379 1902 420 1939 id
440 1907 731 1942 amanuensium
751 1913 946 1955 peccatum
966 1906 1014 1944 ad
1033 1906 1120 1944 ltin.
1153 1906 1346 1944 Hierosol.
1371 1919 1406 1955 p.
1422 1907 1549 1952 606.,
1575 1905 1737 1956 ignarus

275 1956 492 1997 Celeb.1ac.
506 1960 752 1999 Gronovium
768 1962 945 2001 eamdem
965 1962 1053 2000 huic
1074 1964 1157 2001 loco
1178 1964 1412 2001 medicinam
1428 1961 1478 1999 ad
1489 1960 1673 2010 Stephan.
1693 1960 1736 1995 in

273 2010 443 2065 Κίρῥος
462 2017 612 2054 fecisse.
640 2015 761 2055 Refer
784 2032 875 2070 ergo
896 2018 984 2056 huic
1008 2019 1169 2057 solidam
1190 2020 1367 2071 gratiam,
1395 2031 1466 2055 nec
1488 2018 1581 2056 audi
1606 2024 1735 2055 tamen

272 2068 319 2106 de
347 2071 521 2121 Cym-ho,
548 2073 687 2124 Syriae
706 2075 825 2123 urbe,
847 2077 1110 2126 accipientem.
1146 2075 1397 2113 Macedoniae
1418 2073 1590 2125 Cyrrhus
1611 2080 1682 2121 est,
1710 2084 1734 2109 a.

273 2123 503 2177 Thucydide
525 2130 569 2168 L.
603 2129 652 2167 II.
676 2132 804 2179 100,
834 2144 914 2169 non
936 2135 1167 2181 praeterita,
1197 2133 1299 2169 unde
1331 2128 1476 2182 Syriae·
1492 2133 1552 2168 illi
1572 2130 1735 2175 civitati,

269 2188 315 2219 ut
345 2187 476 2221 multis
515 2187 602 2223 aliis
634 2187 806 2225 eiusdem
833 2190 1028 2239 regionis,
1061 2202 1081 2226 e
1112 2188 1342 2227 Macedonia
1366 2199 1580 2240 cognomen
1610 2188 1733 2225 venit.

269 2238 433 2289 Appian.
455 2240 607 2291 Syriae.
631 2255 666 2292 p.
687 2245 796 2284 201.
824 2245 926 2282 vide.
949 2245 1090 2283 WEss.

382 2299 490 2337 260.
516 2300 591 2339 52.
617 2295 1148 2352 Ἔπιβαλλόμειόςόἷκείας
1168 2300 1385 2353 διαβολῆς]
1415 2298 1492 2337 Pro
1514 2293 1735 2350 ἐπιβαλλό-

265 2366 389 2403 μενος
408 2355 494 2404 lego
516 2352 825 2408 ἐπιλαβόμενος.
857 2356 1014 2398 STEPH.
1038 2366 1076 2395 et
1089 2357 1225 2396 RHoD.
1261 2358 1320 2395 Ill.
1343 2357 1520 2408 Scaliger
1539 2351 1734 2406 ἕπιλαβό·

266 2423 390 2459 μενος
410 2411 545 2463 itidem
570 2421 793 2450 correxerat
812 2413 860 2451 ad
881 2416 941 2452 sui
959 2415 1051 2452 libri
1072 2427 1175 2452 oram
1188 2443 1201 2464 ,
1231 2427 1290 2452 me
1314 2428 1393 2451 non
1414 2415 1549 2451 invito.
1583 2412 1733 2450 Poterit

264 2465 432 2503 sortasse
452 2469 604 2505 salvtun
636 2475 763 2506 tamen
784 2483 888 2518 esse,
915 2472 949 2508 si
970 2469 1122 2517 οἶκείας
1153 2468 1353 2521 διαβολὰς
1384 2469 1453 2509 καὶ
1482 2468 1732 2522 κατηγορίας

265 2522 430 2572 legatur.
466 2523 577 2561 Certe
601 2523 809 2576 ἐπιβαλών
830 2519 902 2566 οὖν
920 2524 1032 2582 αὐτῷ
1057 2525 1259 2578 διαβολὰς
1277 2526 1444 2578 ψευδεῖς
1463 2525 1531 2566 καὶ
1554 2540 1727 2578 κατηγο-

267 2577 358 2630 ρίας
379 2576 550 2626 ἀδίκους
570 2580 670 2618 dixit
690 2580 804 2620 huius
825 2584 890 2621 lib.
912 2597 994 2633 cap.
1019 2585 1094 2624 23.
1126 2584 1264 2621 Wssss.

376 2638 486 2676 260.
521 2638 594 2677 65.
633 2633 749 2678 Ἀπὸ
784 2638 922 2678 τοίνυν
950 2642 1025 2679 τοῦ
1061 2638 1168 2680 κατὰ
1201 2637 1391 2679 Κιλικίαν
1424 2632 1594 2691 Ταύρου
1620 2632 1724 2687 πα]

263 2686 386 2739 Saepe
408 2700 536 2730 monet
554 2692 694 2732 Strabo
718 2694 763 2735 L.
789 2694 861 2732 XI.
883 2707 920 2746 p.
943 2697 1118 2738 751·.·A.
1152 2698 1256 2738 778.
1278 2694 1322 2734 Β.
1356 2696 1461 2736 791.
1483 2693 1527 2733 Β.
1560 2698 1599 2729 et
1623 2691 1726 2729 Mela

263 2744 308 2786 L.
331 2747 360 2784 1.
387 2750 456 2787 15.
489 2749 625 2789 Wssss.
1696 2792 1701 2797 ,

372 2806 479 2845 280.
511 2808 582 2846 77-
629 2804 683 2847 Οἱ
699 2806 776 2859 μὲν
805 2807 861 2856 εἷς
882 2807 957 2849 τόν
984 2806 1090 2848 κατὰ
1112 2805 1188 2860 τὴν
1214 2804 1385 2860 Ἰνδικὴν
1407 2806 1500 2857 στα]
1536 2805 1603 2844 Sic
1628 2807 1724 2843 seri-

253 2860 352 2908 psit,
382 2862 550 2900 articulo
571 2863 620 2902 ad
642 2861 715 2904 τὸν
742 2863 923 2906 ὠκεανὸν
946 2867 1081 2904 relato.
1110 2866 1247 2904 IVEss.
