1859 3326
281 191 370 233 182
658 205 661 210 ¹
735 182 1263 230 ANNOTATIONES

395 299 501 341 205.
530 300 570 339 3.
605 295 806 357 Ἀνδρεία
829 298 897 340 καὶ
923 301 974 354 τῇ
994 305 1068 339 eto.
1080 298 1097 350 J
1128 298 1345 352 Legebatur
1367 297 1435 340 καὶ
1465 297 1511 340 δὲ
1531 301 1606 355 τῇ,
1634 313 1730 352 quo-

282 371 368 397 rum
385 357 549 394 medium
564 355 619 393 ΙΙΙ.
634 343 812 407 Scaliger
831 357 931 395 libro
951 369 1021 394 suo
1039 330 1297 406 adScripserat
1315 366 1397 394 esse
1418 357 1640 396 delendum:
1669 361 1734 397 cui

281 421 521 452 vetustorum
541 411 658 450 Codd
689 414 849 462 imperio
879 413 1085 449 assentior.
1128 410 1430 450 Rhodomannus
1462 415 1503 450 in
1535 421 1615 451 not.
1638 412 1734 452 Cor-

283 476 379 509 rect.
398 467 567 524 ἀνδρεία
592 467 637 508 ὸὲ
658 483 724 507 και
743 483 794 522 τῃ
817 469 1003 517 malebat3
1034 479 1155 518 neque
1176 469 1242 506 ille
1263 471 1376 509 male.
1400 469 1540 508 Wnss.

398 537 505 577 204.
537 537 576 575 7.
612 531 879 586 Ἐπικάμπιον
903 533 1070 588 ἐποίησε
1088 531 1232 604 τάξιν]
1272 536 1339 574 Sic
1359 537 1402 576 L.
1425 536 1537 574 XIX.
1559 538 1634 578 27.
1656 537 1734 577 29.

286 593 421 645 Polyb.
442 593 487 630 V.
506 596 564 633 8
538 594 578 628 0.
609 598 646 628 et
666 591 707 628 L
729 591 792 628 Vl.
806 593 880 632 28.
909 590 1039 630 Erat
1022 588 1265 643 επικάιιπιος
1283 589 1395 640 τάξις
1417 596 1592 642 incurva,
1622 599 1737 642 atque

287 650 335 687 ad
365 650 527 700 effigiem
557 647 746 696 quandam
774 647 943 694 forficis,
975 654 1018 685 ut
1047 661 1095 685 ex
1119 650 1265 686 Aelian.
1294 647 1404 686 Tact.
1432 662 1465 687 c.
1485 649 1559 701 45.
1591 657 1737 687 notum.

286 706 416 743 Latini
444 711 643 754 propterea
659 703 857 752 forficem
890 716 958 740 seu
985 704 1193 756 soz-picem
1226 712 1369 744 vocant
1397 705 1498 756 apud
1527 705 1660 759 Veget.
1691 705 1738 765 de

288 759 1172 807 R.Mi1it1..111.13..etkestummserr.a
1201 760 1341 799 WVEss.

401 829 508 868 205.
542 827 611 868 13.
644 826 729 865 Καὶ
749 831 840 873 ταῖς
869 826 1089 880 σαρίσσαις
1106 824 1182 874 τὰς
1211 825 1391 875 ἀσπίδας
1410 823 1596 879 τυπτειν]
1636 804 1744 866 Scri-

289 883 386 921 bunt
409 891 446 921 et
474 897 550 920 uno
571 883 685 919 sibilo
716 882 906 936 σαριᾝσας
944 884 1090 921 Auctor
1111 891 1223 922 vetus
1253 885 1293 921 in
1315 884 1497 922 Biblioth.
1525 883 1684 923 Coislin.
1708 897 1743 932 p.

291 940 395 980 514.
436 937 596 991 §doma
614 940 759 990 πηχῶν
789 939 872 979 ἐστι
904 936 968 978 ιδ’.
995 939 1172 991 ἐχρῶντο
1195 939 1241 979 δὲ
1271 939 1377 994 αι’-τῆ
1396 935 1652 987 Μακεδόνες.
1680 943 1744 978 cui

289 996 334 1032 de
355 997 418 1033 101.
423 996 598 1046 gitucline
628 995 727 1032 nihil
759 995 962 1034 admodum
991 997 1209 1047 obloquitur
1226 997 1377 1034 Aelian.
1403 996 1514 1035 Tact.
1535 1010 1567 1035 c.
1592 997 1662 1037 14.
1698 996 1744 1034 ld

289 1059 434 1099 autem,
468 1052 570 1101 quod
588 1052 667 1088 suis
689 1052 909 1090 Alexander
927 1053 1061 1099 edicit,
1088 1053 1137 1089 ad
1158 1053 1337 1090 ciendum
1359 1055 1559 1103 strepitum
1580 1065 1646 1102 per
1663 1058 1746 1089 erat

289 1108 445 1146 efficax:
476 1108 577 1145 unde
597 1114 636 1144 et
664 1108 765 1156 apud
785 1107 978 1146 Romanos
998 1110 1142 1146 irarum
1172 1115 1209 1146 et
1233 1110 1377 1146 doloris
1397 1110 1597 1148 indicium.
1643 1108 1747 1146 Nam

290 1178 376 1203 cum
394 1164 522 1203 bustis
552 1164 931 1215 clypeiferiuntur‚
958 1167 1048 1203 irae
1071 1166 1341 1204 documentum
1370 1172 1430 1203 est
1452 1172 1491 1204 et
1508 1166 1676 1214 doloris,
1703 1171 1748 1202 ut

289 1220 482 1259 Ammiani
503 1221 631 1257 verbis
650 1221 771 1257 (licam
793 1220 835 1257 L.
853 1220 943 1258 XV.
970 1224 1010 1262 8.
1035 1221 1174 1260 WVESS.

402 1278 509 1317 205.
540 1277 618 1317 29.
657 1276 742 1316 Καὶ
771 1273 849 1331 γὰρ
870 1276 1067 1327 Μαζαῖος
1087 1284 1159 1314 etc.
1171 1280 1189 1327 ]
1229 1276 1366 1316 Paullo
1389 1275 1603 1315 diversiore
1631 1276 1748 1315 modo

292 1330 449 1371 Curtius
473 1332 535 1371 IV.
565 1334 635 1372 15.
662 1333 803 1370 ἏῙΕΞΞ.

403 1401 511 1442 205.
535 1400 611 1440 41.
641 1396 705 1438 Τὰ
727 1397 804 1450 μὲν
822 1398 1108 1453 ὃιηκοντίσθη]
1135 1399 1225 1439 Non
1245 1399 1443 1452 proscribo
1462 1398 1749 1453 ὃιηκοντίσθη,

290 1457 425 1494 tritum
447 1458 553 1503 sam,
581 1457 695 1494 etiam
717 1455 887 1505 Synesio
910 1455 979 1494 Or.
1001 1456 1047 1494 de
1068 1455 1192 1508 Regu.
1212 1470 1246 1508 p.
1265 1455 1415 1503 28.D.‚
1428 1468 1551 1507 neque
1571 1457 1750 1507 pugnabo

292 1519 436 1559 tamen,
458 1513 490 1549 si
510 1514 572 1550 cui
588 1525 636 1549 ex
656 1510 776 1552 Codd.
799 1512 1206 1565 συνηκοντι’σθη,ε1ιιο
1224 1525 1315 1550 mox
1331 1518 1466 1549 auctor
1484 1526 1564 1563 cap.
1578 1514 1652 1553 63.
1675 1515 1752 1550 uti-

292 1575 380 1618 tur
399 1569 661 1619 arripiendum
680 1568 869 1606 videatur.
899 1568 957 1605 De
977 1575 1131 1620 strage,
1157 1580 1270 1617 quam
1293 1569 1461 1606 falciferi
1478 1582 1613 1606 currus
1637 1569 1753 1606 dede-

290 1626 400 1671 rint,
432 1631 469 1662 et
489 1624 706 1661 miserando
728 1626 982 1664 laceratorum
1008 1628 1138 1673 exitu,
1162 1624 1304 1664 Suidas
1323 1637 1373 1662 ex
1396 1628 1547 1663 incerto
1566 1626 1753 1676 scriptore

294 1682 338 1720 in
356 1677 684 1748 Λρεπανοφόρα.
712 1680 847 1719 WEss.

409 1738 516 1777 206.
550 1739 623 1777 50.
652 1733 793 1776 ''Emwv
815 1734 860 1776 δὲ
884 1756 933 1765 —-
951 1731 1305 1804 οἷναῤῥηττόντων
1325 1744 1398 1775 ete.
1407 1736 1424 1788 J
1452 1734 1684 1774 Conmodius
1705 1736 1753 1775 ob

294 1795 504 1844 praemissa
532 1799 690 1843 putares
714 1790 791 1839 τὰς
811 1794 864 1831 π)
856 1788 992 1845 ευρὰς
1021 1790 1382 1847 ἀναῤῥηττεσθαι,
1412 1805 1534 1842 neque
1567 1805 1659 1830 saue
1690 1793 1755 1830 in-

296 1861 509 1900 congruum
537 1850 697 1895 fuisset7
736 1851 770 1886 si
802 1862 869 1899 per
899 1850 1100 1897 sequentia
1130 1852 1314 1888 stetisset.
1364 1849 1513 1886 ordina
1543 1862 1636 1900 ergo
1673 1850 1757 1886 acsi

293 1906 486 1957 legeretur
503 1907 586 1944 τῶν
607 1899 805 1955 αριιιὶτων
823 1900 1184 1958 ἀναῤῥηττόντων·
1217 1919 1381 1958 namque
1399 1906 1440 1945 id
1458 1905 1505 1946 ad
1527 1905 1757 1957 explendam

295 1968 528 2000 structuram
546 1961 840 1998 adsciscendum
860 1968 928 1998 est.
956 1960 1006 1998 W
1010 1971 1095 1999 Ess.

411 2029 518 2069 206.
557 2029 632 2069 64.
676 2026 734 2067 Oc
747 2042 789 2067 τε
807 2022 1077 2080 μηλοφόροι]
1116 2027 1243 2066 Aurea
1270 2030 1392 2076 mala,
1422 2027 1546 2067 hastis
1574 2029 1756 2079 praefixa,

298 2084 506 2135 gerebant,
529 2092 643 2135 atque
665 2083 755 2120 inde
783 2085 860 2121 illis
887 2096 1039 2122 nomen.
1082 2082 1306 2121 Heraclides
1328 2083 1516 2122 Cumaeus
1539 2087 1579 2122 in
1612 2085 1753 2125 Athen.

300 2140 345 2180 L.
368 2139 459 2178 ΧΠ.
488 2153 523 2189 p.
545 2140 649 2180 514.
669 2138 713 2175 Β.
744 2131 852 2191 ἦσαν
876 2136 918 2177 δ’
951 2153 1064 2179 ουτοι
1093 2137 1361 2207 (Melophori)
1380 2143 1463 2179 τῶν
1494 2137 1758 2195 δορυφόρων,

303 2195 370 2235 καὶ
400 2197 459 2250 τῷ
491 2194 592 2248 γέιει
622 2191 746 2234 adme
750 2209 770 2241 ς
799 2193 989 2247 Πέρσαι,
1030 2192 1093 2233 ἐπὶ
1122 2198 1205 2235 τῶν
1230 2192 1446 2263 στυράκων
1476 2199 1591 2248 μῆλα
1618 2199 1756 2249 χρυσᾶ

304 2237 632 2303 ἓβζοντες,χίλιοι
672 2247 745 2291 τὸν
785 2248 993 2316 αριθμὸν,
1031 2248 1270 2303 ἀριστίνδην
1303 2248 1553 2304 ἐκλεγόμενοι
1594 2252 1637 2293 ἐκ
1675 2255 1760 2293 τῶν

303 2307 462 2359 μυρίων
495 2309 675 2360 Περσῶν
703 2308 788 2346 τῶν
818 2302 1045 2346 αθανοίτων
1070 2309 1145 2346 κα)
1137 2306 1347 2358 οιμένων.
1390 2310 1497 2352 Quae
1517 2307 1761 2357 Melophoro-

303 2376 392 2401 rum
414 2376 577 2409 nomen.
604 2362 938 2412 conditionemque
960 2369 998 2399 et
1014 2375 1214 2400 numerum
1234 2377 1319 2402 cum
1337 2364 1529 2402 uberrime
1549 2365 1758 2414 declarent,

304 2422 415 2457 mitto
438 2419 584 2457 Aelian,
605 2418 708 2457 Hist.
729 2418 819 2458 Var.
844 2418 917 2457 IX.
940 2419 980 2459 3.
1008 2426 1045 2455 et
1058 2418 1241 2470 Polyaen.
1264 2420 1324 2457 lV.
1347 2421 1385 2459 3.
1409 2422 1484 2460 24.
1509 2420 1606 2459 Vide
1627 2428 1759 2459 tamen

305 2475 349 2515 Β.
370 2475 611 2513 Brissonium
632 2475 677 2512 de
705 2474 812 2514 Pers.
834 2474 956 2526 Regu.
977 2474 1019 2512 L.
1043 2475 1071 2512 I.
1092 2488 1126 2525 p.
1145 2478 1251 2517 270.
1282 2475 1421 2513 WEss.

421 2544 528 2583 206.
551 2544 625 2582 66.
672 2541 754 2582 Καὶ
785 2541 1013 2592 Κοσσαῖοι]
1050 2542 1156 2581 Novi
1180 2544 1346 2582 Cissiam
1373 2545 1593 2594 regionem,
1623 2545 1666 2581 in
1686 2555 1762 2592 qua

309 2597 433 2645 Susa,
463 2610 511 2634 ex
539 2597 735 2635 Herodoto
754 2596 796 2635 L.
822 2597 867 2635 V.
891 2597 982 2644 49.,
1010 2599 1167 2650 eiusque
1196 2601 1341 2637 incolas
1362 2599 1560 2645 Ktooc'wg
1585 2606 1652 2637 aut
1681 2600 1760 2639 Κι-

311 2654 426 2700 σιόυς
444 2656 484 2692 in
505 2653 684 2692 Strabon.
705 2653 793 2693 XV.
818 2665 854 2701 p.
877 2655 1012 2694 1058.
1034 2653 1074 2692 C.
1101 2662 1139 2693 et
1162 2654 1345 2704 Steplian.
1370 2669 1456 2694 voc.
1489 2655 1645 2704 Σοῦσα,
1674 2657 1762 2693 nul-

311 2712 371 2747 los
401 2723 494 2748 vero
516 2707 882 2755 me10vg.Bene
902 2708 997 2760 Reg.
1018 2722 1087 2758 pr.
1113 2713 1222 2750 euius
1249 2712 1453 2751 Κοσσαῖοι
1480 2724 1502 2748 a
1522 2709 1653 2748 Curtio
1682 2725 1762 2748 non

313 2773 603 2816 praetereuntur
631 2766 674 2805 L.
711 2765 777 2802 lV.
804 2768 874 2806 12.
905 2767 996 2813 10.,
1024 2768 1170 2804 fusiore
1201 2769 1292 2805 stilo
1327 2780 1349 2805 a
1379 2766 1551 2804 Diodoro
1581 2767 1762 2819 descripti

313 2825 436 2871 capite
469 2821 672 2859 undecimo
706 2834 820 2871 supra
851 2824 1102 2860 centesimum
1131 2823 1244 2861 huius
1271 2824 1372 2861 libri.
1399 2822 1540 2860 Wssss.
