1859 3326
314 192 407 231 462
784 186 1302 227 ANNOTATIONES

315 301 434 348 κίσας
464 300 627 339 Pausan.
658 299 700 338 L.
725 298 755 340 l.
789 313 825 351 p.
846 301 921 341 23.
971 300 1113 341 wass.
1173 299 1296 352 Reliq
1381 299 1473 339 vide
1508 301 1549 339 in
1585 298 1766 350 Excerpt.

316 360 438 397 Vatic.
465 372 501 408 p.
521 358 598 397 49.

431 414 534 454 560.
562 415 637 453 96.
671 408 797 464 Πλὴν
828 408 907 464 γὰρ
939 408 1105 464 ἀνδρῶν
1131 408 1230 451 δέκα
1260 411 1329 452 καὶ
1358 408 1585 467 τεττάρων]
1625 411 1767 450 Confer

315 471 451 522 Eclog.
466 472 536 510 10.
555 468 764 506 Lib.XXl.
785 469 940 516 p.491.
962 468 1110 506 etPlut.
1122 467 1270 506 Demet.
1284 483 1319 519 p.
1333 471 1454 519 908„
1487 471 1647 518 quixul
1668 470 1766 507 dun-

315 535 425 565 taxat
451 527 596 564 oceisos
620 527 695 571 ait.
732 526 862 561 nescio
891 537 941 561 an
971 526 1081 561 male.
1138 525 1181 562 Id
1212 525 1307 563 mihi
1326 527 1479 575 quidem
1502 533 1604 563 certe
1628 528 1764 574 liquet,

315 597 449 623 verum
477 595 558 619 esse
587 594 666 618 non
692 593 823 629 posse,
858 580 958 628 quod
986 581 1128 618 ibidem
1155 582 1333 629 additur,
1368 582 1522 620 Thebas
1551 595 1595 619 ea
1622 589 1767 632 tempe-

316 647 413 678 state
441 636 553 677 οὔπω
586 635 757 675 δέκατον
784 634 874 682 ἔτος
902 638 1021 674 fuisse
1042 637 1242 675 habitatas.
1301 639 1539 676 Instauratae
1557 640 1657 675 enim
1675 644 1767 675 sunt

315 710 339 734 a
361 694 576 732 Cassandro
605 705 708 730 anno
728 694 769 732 2.
805 692 959 743 Olymp.
981 704 1117 742 CXVI„
1145 696 1268 732 altera
1289 697 1375 733 vice
1396 708 1418 732 a
1437 694 1633 732 Demetrio
1652 708 1767 732 occu-

316 759 424 803 patae
453 750 606 799 Olymp.
626 759 757 785 cxxu.
786 763 889 787 anno
907 750 1095 799 secundo,
1156 751 1259 800 quod
1287 753 1533 790 intervallum
1558 754 1625 788 ΧΧ
1654 753 1766 788 annis

315 809 476 856 amplius
505 812 573 842 est.
630 806 769 842 wssss.

430 864 534 902 560.
568 863 641 901 99.
678 858 769 901 Ὅτι
789 856 1076 914 Ἀγάθαρχος]
1124 862 1228 902 Cave
1257 870 1368 913 putes
1394 864 1556 902 eundem
1585 877 1690 911 esse,
1720 863 1766 900 de

314 934 389 969 qno
424 920 551 968 paullo
587 925 688 954 aute.
756 917 879 955 Filius
904 919 1160 970 Agafflarehi,
1204 933 1323 970 nepos
1354 921 1579 972 Agathoclis
1608 926 1688 968 est,
1723 925 1766 957 ut

314 977 460 1025 Ecloga
485 976 553 1014 12.
584 973 753 1012 LXXI.
774 987 811 1023 p.
829 976 936 1015 492.
966 976 1134 1014 docetur.
1186 976 1322 1014 Wl-tss.

432 1032 536 1071 560.
572 1033 610 1070 l.
648 1032 877 1078 Παντελῶς
905 1029 1028 1079 νέως]
1076 1033 1218 1071 Verum
1240 1041 1298 1070 est
1320 1030 1431 1080 νέος,
1467 1035 1525 1070 uti
1542 1045 1578 1082 p.
1595 1033 1698 1073 562.
1724 1032 1765 1071 5.

314 1089 360 1125 de
381 1087 597 1125 Ptolemaeo
612 1086 791 1125 Cerauno
811 1084 886 1140 την
904 1086 981 1139 μὲν
999 1084 1161 1141 ἡλικίαν
1179 1087 1271 1136 νέος
1291 1086 1348 1129 ὢν
1366 1091 1589 1136 παντελῶς.
1624 1089 1767 1126 WESS.

312 1150 353 1183 in
373 1143 473 1182 Add.

426 1201 531 1240 560.
560 1201 603 1239 2.
635 1196 726 1239 ‘'Ozz
744 1193 866 1247 οὗτος
886 1198 1093 1255 ἱστορικὸς
1111 1198 1330 1253 (Τίμαιος)
1352 1198 1427 1248 τὰς
1451 1205 1547 1247 etc.]
1583 1200 1645 1239 Ex
1663 1214 1766 1239 mar-

312 1260 402 1309 gine
425 1256 573 1293 Timaei
593 1269 733 1293 nomen
753 1258 795 1294 in
814 1260 1028 1296 orationem
1047 1261 1215 1304 inserui,
1252 1265 1407 1296 secutus
1427 1258 1607 1307 Suidam,
1640 1261 1705 1309 qui
1724 1261 1766 1296 in

311 1327 407 1351 voce
429 1312 603 1361 Τίμαιος
625 1315 754 1350 onmia
772 1314 866 1351 haec
883 1316 1101 1364 exscripsit.
1155 1314 1297 1352 VVESS.

427 1369 532 1409 561.
561 1370 636 1408 20.
680 1369 874 1423 Καίτοιγε
900 1370 962 1417 τίς
991 1368 1065 1410 οὐκ
1095 1366 1225 1423 οἶδεν]
1264 1370 1443 1408 conferri
1460 1378 1628 1409 meretur
1647 1370 1767 1422 Poly-

311 1426 418 1471 bius,
446 1438 557 1474 quem
576 1428 616 1462 in
639 1424 786 1464 Timaei
807 1426 876 1464 hac
894 1427 1191 1477 reprehensione
1211 1426 1405 1466 Diodorus
1425 1436 1622 1467 auctorem
1640 1427 1768 1477 habet,

309 1483 377 1520 lib.
397 1481 487 1519 ΧΠ.
515 1484 556 1521 6.
616 1482 758 1521 lVEss.

426 1539 528 1577 561.
559 1538 634 1576 25.
683 1536 857 1591 Πολλὴν
890 1541 965 1591 τῆς
987 1537 1165 1587 Ἰταλίας
1193 1555 1237 1580 τε
1262 1539 1330 1580 καὶ
1358 1537 1531 1593 Λιβύης
1556 1544 1643 1587 τοῖς
1671 1537 1766 1593 etc.]

308 1594 522 1631 Addiderat
537 1594 709 1631 Valesius
729 1604 815 1644 post
829 1593 1000 1648 Λιβύης
1020 1611 1154 1635 vocem
1171 1602 1337 1650 μοῖραν,
1363 1610 1474 1647 quam
1497 1600 1764 1636 exterminavi.

309 1650 418 1688 Ferri
440 1652 521 1687 eius
534 1651 646 1687 facile
662 1658 791 1699 potest
810 1653 997 1700 absentia,
1017 1654 1130 1691 modo
1145 1655 1470 1706 subintelligatur.
1501 1655 1648 1693 Auc'tor
1664 1655 1766 1704 ipse-

310 1714 387 1744 met
408 1706 449 1742 L.
472 1706 501 1745 1.
521 1707 563 1745 4.
593 1704 829 1759 ἐπήλθομεν
851 1707 1007 1762 πολλὴν
1029 1712 1104 1762 τῆς
1126 1726 1168 1750 τε
1188 1708 1328 1757 Ἀσίας
1359 1710 1427 1750 καὶ
1454 1713 1529 1762 τῆς
1549 1705 1765 1762 Εὐρώπης.

310 1763 360 1800 Et
381 1763 421 1799 Ι..
438 1764 483 1802 V.
509 1764 583 1802 32.
614 1764 682 1801 καὶ
714 1762 872 1817 πολλὴν
897 1765 974 1817 μὲν
1002 1769 1077 1818 τῆς
1105 1762 1333 1820 Εὐρώπης,
1375 1765 1450 1807 οὐκ
1477 1766 1618 1819 ὀλίγην
1635 1765 1768 1806 δὲκαὶ

308 1823 384 1871 τῆς
399 1817 539 1865 Ἀσίας
558 1817 929 1873 φορολογήσαντες.
969 1822 1076 1861 Haec
1094 1837 1198 1862 nunc
1220 1824 1373 1862 abunde
1392 1830 1495 1864 sunt.
1534 1822 1653 1862 Plura
1671 1825 1769 1861 alias

310 1877 409 1914 dedi.
465 1876 603 1912 VVESS.

426 1933 529 1972 561.
559 1933 634 1971 29.
676 1932 825 1989 Αειλιά
842 1957 897 1962 -——
918 1934 1192 1987 διενηνοχέναι
1208 1932 1307 1983 τοὺς
1327 1932 1515 1985 ἅπαντας
1535 1940 1633 1984 eto-‚1
1669 1936 1768 1975 Vide

311 2001 406 2037 quae
433 1989 478 2025 de
501 1988 571 2026 hoc
591 2002 731 2038 genere
748 1991 941 2040 adscripta
961 1999 1051 2029 sunt
1071 1993 1112 2029 L.
1125 1993 1170 2029 11.
1199 1994 1239 2032 5.
1298 1994 1434 2031 WESS.

427 2046 531 2085 561.
565 2046 637 2084 30.
675 2045 901 2098 Διὰγοῦν]
942 2048 1027 2085 MS.
1057 2046 1123 2087 ὸίἀ
1147 2044 1238 2101 γάρ.
1296 2050 1450 2087 VALEs.

429 2103 532 2141 561.
558 2102 631 2142 38.
681 2100 965 2156 Lfflvahycpstdg
991 2101 1069 2156 γὰρ
1096 2100 1162 2143 ὑπ’
1189 2103 1518 2157 Ἀγαθοκλέους]
1573 2105 1766 2157 Interpres

312 2157 446 2208 opibus
469 2158 516 2194 ul)
537 2158 757 2206 Agalltocle
788 2168 951 2208 auctus,
989 2161 1091 2210 quod
1119 2161 1167 2198 ad
1197 2166 1258 2199 sui
1284 2163 1372 2200 libri
1394 2177 1498 2201 oram
1521 2176 1599 2200 non
1623 2165 1767 2202 iniuria

312 2215 368 2250 Cl.
391 2215 603 2250 Salmasius
629 2219 792 2253 notavit.
852 2217 894 2253 ld
917 2219 1018 2255 enim
1036 2219 1160 2254 solum
1178 2220 1286 2266 vult,
1315 2218 1475 2258 Calliam
1490 2220 1535 2257 ab
1555 2220 1766 2270 Agathocle

311 2278 528 2317 susceptum
556 2272 671 2318 inque
700 2275 828 2321 gratia
859 2274 1004 2320 fuisse,
1029 2276 1088 2311 uti
1116 2273 1263 2312 Ctesias
1291 2273 1553 2330 ἀναληφθεὶς
1580 2273 1660 2316 ὑπὸ
1690 2279 1765 2316 τοῦ

309 2325 512 2376 βασιλέως
540 2326 587 2363 ab
613 2327 827 2365 Artaxerxe
857 2330 905 2366 ob
932 2332 988 2366 rei
1014 2330 1185 2368 medicae
1202 2333 1381 2380 peritiam
1400 2335 1442 2370 in
1466 2335 1631 2384 gratiam
1656 2347 1767 2371 rece-

312 2391 396 2432 ptus
428 2382 532 2419 hil.
564 2384 636 2422 32.
692 2384 868 2422 Ceterum
900 2388 1029 2424 omnia
1055 2386 1148 2423 haec
1179 2388 1224 2424 de
1256 2386 1378 2427 Callia
1401 2388 1541 2427 Suidas
1569 2393 1611 2428 in
1639 2389 1766 2428 Colle-

311 2446 446 2475 ctauea
474 2452 541 2475 sua
570 2439 720 2476 addidit
746 2455 831 2480 voc.
861 2442 1059 2488 Καλλίας.
1119 2443 1256 2484 VVEss.
1403 2474 1409 2480 .

428 2496 530 2535 561.
560 2496 635 2535 40.
672 2497 896 2549 ΙΙροψῆτιν
921 2500 997 2550 τῆς
1025 2496 1247 2551 ἀληθείας]
1286 2499 1430 2539 Confer
1457 2502 1499 2540 L.
1518 2502 1546 2540 I.
1567 2504 1612 2543 2.
1670 2502 1765 2541 Mox

312 2549 453 2587 Suidas
476 2548 523 2589 οὗ
545 2549 821 2601 διαλέλοιπεν,
852 2555 953 2603 quod
973 2568 1159 2605 peraeque
1179 2559 1315 2605 placet.
1375 2558 1516 2597 WESS.

429 2608 533 2647 561.
560 2609 634 2647 44.
687 2607 809 2648 ΙῙολὺ
838 2608 936 2656 τοὺς
964 2610 1116 2658 ἄλλους
1144 2608 1514 2666 ὑπερβεβληκέναι]
1562 2614 1607 2652 In
1642 2614 1765 2654 Suida

311 2657 654 2714 2‘·71‹÷(›[>'fsstjue'vae‚
689 2668 772 2713 pari
794 2670 997 2705 sententia.
1055 2668 1141 2706 Mos
1170 2679 1230 2708 est
1259 2672 1427 2709 librariis
1447 2678 1650 2723 perpetuus
1672 2672 1765 2711 haec

315 2720 428 2756 verba
449 2721 697 2758 confundere.
731 2722 827 2759 Vide
847 2724 894 2760 ad
918 2723 959 2760 L.
983 2725 1013 2761 1.
1040 2727 1110 2766 58.
1144 2733 1181 2763 et
1203 2728 1243 2765 L.
1267 2727 1356 2764 XV.
1380 2731 1453 2768 88.
1513 2729 1651 2766 VVESS.

427 2778 531 2816 561.
568 2778 638 2816 50.
692 2779 763 2832 Tap
792 2781 1000 2834 γραφείῳ]
1055 2781 1210 2821 Rectius
1229 2784 1330 2832 apud
1351 2782 1509 2822 Suidam
1535 2786 1678 2836 legitur
1704 2787 1763 2838 τῷ

309 2837 469 2883 γραφεῖ.
549 2832 670 2872 Porro
700 2833 761 2872 hic
790 2834 931 2875 Callias
961 2838 1109 2877 duobus
1142 2846 1187 2892 vet
1214 2851 1276 2877 xx
1309 2840 1419 2878 libris
1447 2854 1509 2879 res
1536 2838 1764 2893 Agathoclis
