<?xml version="1.0" encoding="UTF-8"?>
<!DOCTYPE html PUBLIC "-//W3C//DTD XHTML 1.0 Transitional//EN"
    "http://www.w3.org/TR/xhtml1/DTD/xhtml1-transitional.dtd">
<html xmlns="http://www.w3.org/1999/xhtml" xml:lang="en" lang="en">
 <head>
  <title>
</title>
<meta http-equiv="Content-Type" content="text/html;charset=utf-8" />
  <meta name='ocr-system' content='tesseract 3.04.00' />
  <meta name='ocr-capabilities' content='ocr_page ocr_carea ocr_par ocr_line ocrx_word'/>
</head>
<body>
  <div class='ocr_page' id='page_1' title='image "./bibliothecahisto05dioduoft_0537.png"; bbox 0 0 1891 3310; ppageno 0'>
   <div class='ocr_carea' id='block_1_1' title="bbox 372 173 1560 223">
    <p class='ocr_par' dir='ltr' id='par_1_1' title="bbox 372 173 1560 223">
     <span class='ocr_line' id='line_1_1' title="bbox 372 173 1560 223; baseline -0.001 -9"><span class='ocrx_word' id='word_1_1' title='bbox 372 173 1292 216; x_wconf 61' lang='lat' dir='ltr'>lrJEXCERP&#39;fALEGAT10NUM.</span> <span class='ocrx_word' id='word_1_2' title='bbox 1469 183 1560 223; x_wconf 74' lang='lat'>525</span> 
     </span>
    </p>
   </div>
   <div class='ocr_carea' id='block_1_2' title="bbox 48 283 1563 1360">
    <p class='ocr_par' dir='ltr' id='par_1_2' title="bbox 48 283 1563 1360">
     <span class='ocr_line' id='line_1_2' title="bbox 217 283 1563 342; baseline 0.001 -12"><span class='ocrx_word' id='word_1_3' title='bbox 217 291 323 330; x_wconf 86' lang='grc'><strong>627.</strong></span> <span class='ocrx_word' id='word_1_4' title='bbox 352 289 424 330; x_wconf 82' lang='lat'>52</span> <span class='ocrx_word' id='word_1_5' title='bbox 464 283 603 342; x_wconf 67' lang='lat' dir='ltr'>Md219</span> <span class='ocrx_word' id='word_1_6' title='bbox 632 285 677 328; x_wconf 74' lang='grc' dir='ltr'>δὲ</span> <span class='ocrx_word' id='word_1_7' title='bbox 705 289 790 328; x_wconf 81' lang='grc' dir='ltr'>τῶν</span> <span class='ocrx_word' id='word_1_8' title='bbox 818 311 875 318; x_wconf 57' lang='lat'>-⁴-</span> <span class='ocrx_word' id='word_1_9' title='bbox 902 286 1263 341; x_wconf 71' lang='grc' dir='ltr'><em>αναψυξαμένων]</em></span> <span class='ocrx_word' id='word_1_10' title='bbox 1326 291 1432 330; x_wconf 79' lang='lat' dir='ltr'>Citat</span> <span class='ocrx_word' id='word_1_11' title='bbox 1459 291 1563 331; x_wconf 82' lang='lat' dir='ltr'>hunc</span> 
     </span>
     <span class='ocr_line' id='line_1_3' title="bbox 105 339 1562 398; baseline 0.001 -15"><span class='ocrx_word' id='word_1_12' title='bbox 105 348 230 384; x_wconf 88' lang='lat' dir='ltr'>locum</span> <span class='ocrx_word' id='word_1_13' title='bbox 262 346 402 383; x_wconf 75' lang='lat' dir='ltr'>suidas</span> <span class='ocrx_word' id='word_1_14' title='bbox 433 349 474 384; x_wconf 91' lang='lat' dir='ltr'>in</span> <span class='ocrx_word' id='word_1_15' title='bbox 505 359 602 384; x_wconf 84' lang='lat' dir='ltr'>voce</span> <span class='ocrx_word' id='word_1_16' title='bbox 626 339 716 384; x_wconf 59' lang='lat' dir='ltr'>BZ&#39;</span> <span class='ocrx_word' id='word_1_17' title='bbox 680 360 824 393; x_wconf 78' lang='grc' dir='ltr'><strong>.ανων,</strong></span> <span class='ocrx_word' id='word_1_18' title='bbox 860 345 927 382; x_wconf 88' lang='lat' dir='ltr'>sed</span> <span class='ocrx_word' id='word_1_19' title='bbox 944 358 1012 396; x_wconf 89' lang='lat' dir='ltr'>pro</span> <span class='ocrx_word' id='word_1_20' title='bbox 1031 342 1103 398; x_wconf 58' lang='grc' dir='ltr'>μός</span> <span class='ocrx_word' id='word_1_21' title='bbox 1108 360 1152 392; x_wconf 84' lang='grc' dir='ltr'>ις</span> <span class='ocrx_word' id='word_1_22' title='bbox 1169 345 1284 383; x_wconf 86' lang='lat' dir='ltr'>habet</span> <span class='ocrx_word' id='word_1_23' title='bbox 1300 344 1422 397; x_wconf 66' lang='grc' dir='ltr'><em>μόὶις</em></span> <span class='ocrx_word' id='word_1_24' title='bbox 1452 357 1490 386; x_wconf 85' lang='lat' dir='ltr'>et</span> <span class='ocrx_word' id='word_1_25' title='bbox 1513 350 1562 388; x_wconf 79' lang='lat' dir='ltr'>ad</span> 
     </span>
     <span class='ocr_line' id='line_1_4' title="bbox 102 399 1561 454; baseline -0.001 -13"><span class='ocrx_word' id='word_1_26' title='bbox 102 417 208 441; x_wconf 79' lang='lat' dir='ltr'>oram</span> <span class='ocrx_word' id='word_1_27' title='bbox 232 403 321 440; x_wconf 84' lang='lat' dir='ltr'><strong>libri</strong></span> <span class='ocrx_word' id='word_1_28' title='bbox 340 415 408 451; x_wconf 91' lang='lat' dir='ltr'>pro</span> <span class='ocrx_word' id='word_1_29' title='bbox 429 399 743 453; x_wconf 70' lang='grc' dir='ltr'>ἀναλεξαμὲνιυν</span> <span class='ocrx_word' id='word_1_30' title='bbox 761 402 1006 440; x_wconf 83' lang='lat' dir='ltr'>emendatum</span> <span class='ocrx_word' id='word_1_31' title='bbox 1026 409 1086 440; x_wconf 83' lang='lat' dir='ltr'>est</span> <span class='ocrx_word' id='word_1_32' title='bbox 1105 400 1249 453; x_wconf 59' lang='lat' dir='ltr'>dmum</span> <span class='ocrx_word' id='word_1_33' title='bbox 1254 402 1452 454; x_wconf 73' lang='grc' dir='ltr'>ξαμ.ἔν·.ιωι</span> <span class='ocrx_word' id='word_1_34' title='bbox 1481 405 1561 444; x_wconf 83' lang='lat' dir='ltr'>Sed</span> 
     </span>
     <span class='ocr_line' id='line_1_5' title="bbox 101 458 1561 509; baseline 0.003 -13"><span class='ocrx_word' id='word_1_35' title='bbox 101 473 179 497; x_wconf 89' lang='lat' dir='ltr'>non</span> <span class='ocrx_word' id='word_1_36' title='bbox 206 460 322 497; x_wconf 88' lang='lat' dir='ltr'>video</span> <span class='ocrx_word' id='word_1_37' title='bbox 352 471 421 496; x_wconf 90' lang='lat' dir='ltr'>cur</span> <span class='ocrx_word' id='word_1_38' title='bbox 446 472 601 496; x_wconf 87' lang='lat' dir='ltr'>necesse</span> <span class='ocrx_word' id='word_1_39' title='bbox 620 458 739 495; x_wconf 84' lang='lat' dir='ltr'>fucrit</span> <span class='ocrx_word' id='word_1_40' title='bbox 756 459 809 495; x_wconf 83' lang='lat' dir='ltr'>ita</span> <span class='ocrx_word' id='word_1_41' title='bbox 839 459 1054 496; x_wconf 85' lang='lat' dir='ltr'>emendare.</span> <span class='ocrx_word' id='word_1_42' title='bbox 1122 459 1196 496; x_wconf 88' lang='lat' dir='ltr'>Est</span> <span class='ocrx_word' id='word_1_43' title='bbox 1227 461 1326 497; x_wconf 90' lang='lat' dir='ltr'>enim</span> <span class='ocrx_word' id='word_1_44' title='bbox 1360 458 1561 509; x_wconf 65' lang='grc' dir='ltr'><em>ἀναλεξα-</em></span> 
     </span>
     <span class='ocr_line' id='line_1_6' title="bbox 98 513 1560 568; baseline 0.001 -12"><span class='ocrx_word' id='word_1_45' title='bbox 98 516 258 568; x_wconf 73' lang='grc' dir='ltr'><em>μένων,</em></span> <span class='ocrx_word' id='word_1_46' title='bbox 286 529 373 554; x_wconf 78' lang='lat' dir='ltr'>cum</span> <span class='ocrx_word' id='word_1_47' title='bbox 392 528 433 553; x_wconf 83' lang='lat' dir='ltr'>se</span> <span class='ocrx_word' id='word_1_48' title='bbox 454 516 715 565; x_wconf 76' lang='lat' dir='ltr'><em>collegissent.</em></span> <span class='ocrx_word' id='word_1_49' title='bbox 774 513 938 564; x_wconf 84' lang='lat' dir='ltr'>Reliqua</span> <span class='ocrx_word' id='word_1_50' title='bbox 959 515 1224 554; x_wconf 85' lang='lat' dir='ltr'>emendatiora</span> <span class='ocrx_word' id='word_1_51' title='bbox 1243 523 1333 554; x_wconf 89' lang='lat' dir='ltr'>sunt</span> <span class='ocrx_word' id='word_1_52' title='bbox 1354 519 1452 566; x_wconf 90' lang='lat' dir='ltr'>apud</span> <span class='ocrx_word' id='word_1_53' title='bbox 1466 518 1560 558; x_wconf 69' lang='lat' dir='ltr'>Sui-</span> 
     </span>
     <span class='ocr_line' id='line_1_7' title="bbox 101 572 1557 622; baseline 0.003 -13"><span class='ocrx_word' id='word_1_54' title='bbox 101 573 210 621; x_wconf 87' lang='lat' dir='ltr'>dam,</span> <span class='ocrx_word' id='word_1_55' title='bbox 241 585 352 622; x_wconf 87' lang='lat' dir='ltr'>quam</span> <span class='ocrx_word' id='word_1_56' title='bbox 377 573 417 609; x_wconf 89' lang='lat' dir='ltr'>in</span> <span class='ocrx_word' id='word_1_57' title='bbox 444 579 578 609; x_wconf 87' lang='lat' dir='ltr'>nostro</span> <span class='ocrx_word' id='word_1_58' title='bbox 608 573 833 620; x_wconf 80' lang='lat' dir='ltr'>exemplari.</span> <span class='ocrx_word' id='word_1_59' title='bbox 882 572 1026 611; x_wconf 75' lang='lat' dir='ltr'>URSlN.</span> <span class='ocrx_word' id='word_1_60' title='bbox 1083 572 1224 610; x_wconf 75' lang='lat' dir='ltr'>suidas</span> <span class='ocrx_word' id='word_1_61' title='bbox 1242 586 1320 610; x_wconf 93' lang='lat' dir='ltr'>non</span> <span class='ocrx_word' id='word_1_62' title='bbox 1341 587 1386 611; x_wconf 84' lang='lat' dir='ltr'>eo</span> <span class='ocrx_word' id='word_1_63' title='bbox 1407 582 1557 614; x_wconf 88' lang='lat' dir='ltr'>tantum</span> 
     </span>
     <span class='ocr_line' id='line_1_8' title="bbox 48 625 1556 680; baseline 0.003 -14"><span class='ocrx_word' id='word_1_64' title='bbox 48 647 55 648; x_wconf 29' lang='lat' dir='ltr'><em>ff</em></span> <span class='ocrx_word' id='word_1_65' title='bbox 99 630 207 679; x_wconf 80' lang='lat' dir='ltr'>loco,</span> <span class='ocrx_word' id='word_1_66' title='bbox 247 642 358 678; x_wconf 88' lang='lat' dir='ltr'>quem</span> <span class='ocrx_word' id='word_1_67' title='bbox 377 627 544 666; x_wconf 89' lang='lat' dir='ltr'>Ursinus</span> <span class='ocrx_word' id='word_1_68' title='bbox 575 629 788 676; x_wconf 78' lang='lat' dir='ltr'>indicavit,</span> <span class='ocrx_word' id='word_1_69' title='bbox 826 629 892 666; x_wconf 86' lang='lat' dir='ltr'>scd</span> <span class='ocrx_word' id='word_1_70' title='bbox 914 636 952 667; x_wconf 83' lang='lat' dir='ltr'>et</span> <span class='ocrx_word' id='word_1_71' title='bbox 974 632 1015 667; x_wconf 87' lang='lat' dir='ltr'>in</span> <span class='ocrx_word' id='word_1_72' title='bbox 1032 625 1351 680; x_wconf 72' lang='grc' dir='ltr'>Ἀναλεξάμενος</span> <span class='ocrx_word' id='word_1_73' title='bbox 1370 631 1462 669; x_wconf 84' lang='lat' dir='ltr'>baec</span> <span class='ocrx_word' id='word_1_74' title='bbox 1485 632 1556 670; x_wconf 82' lang='lat' dir='ltr'>ha-</span> 
     </span>
     <span class='ocr_line' id='line_1_9' title="bbox 98 682 1557 737; baseline 0.002 -14"><span class='ocrx_word' id='word_1_75' title='bbox 98 686 161 723; x_wconf 85' lang='lat' dir='ltr'>bet</span> <span class='ocrx_word' id='word_1_76' title='bbox 187 687 329 734; x_wconf 47' lang='lat' dir='ltr'>rerba,</span> <span class='ocrx_word' id='word_1_77' title='bbox 366 691 592 723; x_wconf 82' lang='lat' dir='ltr'>constanter</span> <span class='ocrx_word' id='word_1_78' title='bbox 621 682 671 724; x_wconf 77' lang='grc' dir='ltr'>ἀι</span> <span class='ocrx_word' id='word_1_79' title='bbox 676 684 937 737; x_wconf 68' lang='grc' dir='ltr'><em>αλεξαμενων</em></span> <span class='ocrx_word' id='word_1_80' title='bbox 965 687 1151 726; x_wconf 84' lang='lat' dir='ltr'>scribens.</span> <span class='ocrx_word' id='word_1_81' title='bbox 1210 685 1397 737; x_wconf 77' lang='lat' dir='ltr'>Equidem</span> <span class='ocrx_word' id='word_1_82' title='bbox 1419 696 1462 726; x_wconf 84' lang='lat' dir='ltr'>ut</span> <span class='ocrx_word' id='word_1_83' title='bbox 1484 689 1557 727; x_wconf 81' lang='lat' dir='ltr'>hoc</span> 
     </span>
     <span class='ocr_line' id='line_1_10' title="bbox 97 743 1557 795; baseline 0.003 -16"><span class='ocrx_word' id='word_1_84' title='bbox 97 753 174 780; x_wconf 87' lang='lat' dir='ltr'>non</span> <span class='ocrx_word' id='word_1_85' title='bbox 207 744 368 790; x_wconf 82' lang='lat' dir='ltr'>damno,</span> <span class='ocrx_word' id='word_1_86' title='bbox 406 743 462 780; x_wconf 84' lang='lat' dir='ltr'>ita</span> <span class='ocrx_word' id='word_1_87' title='bbox 492 743 694 792; x_wconf 81' lang='lat' dir='ltr'>vulgatum</span> <span class='ocrx_word' id='word_1_88' title='bbox 725 755 905 792; x_wconf 83' lang='lat' dir='ltr'>spernere</span> <span class='ocrx_word' id='word_1_89' title='bbox 927 756 1005 780; x_wconf 87' lang='lat' dir='ltr'>non</span> <span class='ocrx_word' id='word_1_90' title='bbox 1026 746 1221 791; x_wconf 82' lang='lat' dir='ltr'><strong>sustineo,</strong></span> <span class='ocrx_word' id='word_1_91' title='bbox 1260 745 1405 783; x_wconf 83' lang='lat' dir='ltr'>cultum</span> <span class='ocrx_word' id='word_1_92' title='bbox 1424 759 1557 795; x_wconf 81' lang='lat' dir='ltr'>aeque.</span> 
     </span>
     <span class='ocr_line' id='line_1_11' title="bbox 96 792 1554 851; baseline 0.001 -14"><span class='ocrx_word' id='word_1_93' title='bbox 96 796 239 837; x_wconf 85' lang='lat' dir='ltr'>Notum</span> <span class='ocrx_word' id='word_1_94' title='bbox 261 798 399 836; x_wconf 70' lang='lat' dir='ltr'>Poiitae</span> <span class='ocrx_word' id='word_1_95' title='bbox 419 799 523 836; x_wconf 84' lang='lat' dir='ltr'>istud</span> <span class='ocrx_word' id='word_1_96' title='bbox 547 797 756 849; x_wconf 70' lang='grc' dir='ltr'>ἀνέψυχον</span> <span class='ocrx_word' id='word_1_97' title='bbox 776 799 848 851; x_wconf 65' lang='lat' dir='ltr'>cpi&gt;</span> <span class='ocrx_word' id='word_1_98' title='bbox 853 814 899 838; x_wconf 80' lang='grc' dir='ltr'>ον</span> <span class='ocrx_word' id='word_1_99' title='bbox 919 792 1046 851; x_wconf 74' lang='grc' dir='ltr'><em>ἦτορ,</em></span> <span class='ocrx_word' id='word_1_100' title='bbox 1078 800 1122 836; x_wconf 87' lang='lat' dir='ltr'>de</span> <span class='ocrx_word' id='word_1_101' title='bbox 1144 811 1219 848; x_wconf 82' lang='lat' dir='ltr'>quo</span> <span class='ocrx_word' id='word_1_102' title='bbox 1240 800 1420 839; x_wconf 81' lang='lat' dir='ltr'>Eustath.</span> <span class='ocrx_word' id='word_1_103' title='bbox 1445 804 1486 839; x_wconf 88' lang='lat' dir='ltr'>in</span> <span class='ocrx_word' id='word_1_104' title='bbox 1510 802 1554 839; x_wconf 80' lang='lat' dir='ltr'>il.</span> 
     </span>
     <span class='ocr_line' id='line_1_12' title="bbox 94 853 1552 945; baseline 0.001 -54"><span class='ocrx_word' id='word_1_105' title='bbox 94 856 149 896; x_wconf 88' lang='lat' dir='ltr'><strong><em>K</em></strong></span> <span class='ocrx_word' id='word_1_106' title='bbox 178 869 212 905; x_wconf 88' lang='lat' dir='ltr'>p.</span> <span class='ocrx_word' id='word_1_107' title='bbox 228 857 334 896; x_wconf 86' lang='lat'>824.</span> <span class='ocrx_word' id='word_1_108' title='bbox 365 863 403 892; x_wconf 87' lang='lat' dir='ltr'>et</span> <span class='ocrx_word' id='word_1_109' title='bbox 425 856 530 893; x_wconf 88' lang='lat' dir='ltr'>aliud</span> <span class='ocrx_word' id='word_1_110' title='bbox 553 855 752 904; x_wconf 77' lang='lat' dir='ltr'>Euripidis</span> <span class='ocrx_word' id='word_1_111' title='bbox 772 854 909 892; x_wconf 84' lang='lat' dir='ltr'>Helen.</span> <span class='ocrx_word' id='word_1_112' title='bbox 937 869 975 892; x_wconf 88' lang='lat' dir='ltr'>v.</span> <span class='ocrx_word' id='word_1_113' title='bbox 997 857 1131 896; x_wconf 88' lang='lat' dir='ltr'>llOO.</span> <span class='ocrx_word' id='word_1_114' title='bbox 1134 853 1230 945; x_wconf 52' lang='grc' dir='ltr'>ςδύ’</span> <span class='ocrx_word' id='word_1_115' title='bbox 1265 855 1415 912; x_wconf 69' lang='grc' dir='ltr'>οἰκτρὼ</span> <span class='ocrx_word' id='word_1_116' title='bbox 1447 857 1552 913; x_wconf 73' lang='grc' dir='ltr'>φῶτ’</span> 
     </span>
     <span class='ocr_line' id='line_1_13' title="bbox 94 906 1554 965; baseline 0.002 -15"><span class='ocrx_word' id='word_1_117' title='bbox 94 908 259 963; x_wconf 50' lang='lat' dir='ltr'>(institisti</span> <span class='ocrx_word' id='word_1_118' title='bbox 246 927 310 952; x_wconf 83' lang='lat' dir='ltr'>ov</span> <span class='ocrx_word' id='word_1_119' title='bbox 334 908 485 952; x_wconf 50' lang='lat' dir='ltr'>mim-nt</span> <span class='ocrx_word' id='word_1_120' title='bbox 524 911 623 950; x_wconf 89' lang='lat' dir='ltr'>Tum</span> <span class='ocrx_word' id='word_1_121' title='bbox 644 911 778 962; x_wconf 77' lang='grc' dir='ltr'><em>καιροὶ</em></span> <span class='ocrx_word' id='word_1_122' title='bbox 799 906 964 961; x_wconf 49' lang='lat' dir='ltr'>aarum}</span> <span class='ocrx_word' id='word_1_123' title='bbox 968 927 1044 958; x_wconf 63' lang='grc' dir='ltr'>ἕως</span> <span class='ocrx_word' id='word_1_124' title='bbox 1065 912 1161 950; x_wconf 79' lang='lat' dir='ltr'>exS</span> <span class='ocrx_word' id='word_1_125' title='bbox 1165 913 1311 951; x_wconf 86' lang='lat' dir='ltr'>Lucae</span> <span class='ocrx_word' id='word_1_126' title='bbox 1330 914 1374 952; x_wconf 86' lang='lat' dir='ltr'>A.</span> <span class='ocrx_word' id='word_1_127' title='bbox 1397 915 1439 951; x_wconf 84' lang='lat' dir='ltr'>A.</span> <span class='ocrx_word' id='word_1_128' title='bbox 1472 930 1554 965; x_wconf 85' lang='lat' dir='ltr'>cap.</span> 
     </span>
     <span class='ocr_line' id='line_1_14' title="bbox 94 964 1554 1023; baseline 0.003 -17"><span class='ocrx_word' id='word_1_129' title='bbox 94 968 161 1006; x_wconf 87' lang='lat' dir='ltr'>III.</span> <span class='ocrx_word' id='word_1_130' title='bbox 180 970 255 1009; x_wconf 72' lang='lat'>20.</span> <span class='ocrx_word' id='word_1_131' title='bbox 286 971 367 1007; x_wconf 84' lang='lat' dir='ltr'>vim</span> <span class='ocrx_word' id='word_1_132' title='bbox 383 971 457 1008; x_wconf 79' lang='grc' dir='ltr'>τοῦ</span> <span class='ocrx_word' id='word_1_133' title='bbox 478 964 776 1019; x_wconf 63' lang='grc' dir='ltr'>ἀναψύχεσθαι</span> <span class='ocrx_word' id='word_1_134' title='bbox 799 976 837 1005; x_wconf 88' lang='lat' dir='ltr'>ct</span> <span class='ocrx_word' id='word_1_135' title='bbox 859 966 1089 1019; x_wconf 68' lang='grc' dir='ltr'>ἀιαψίχειι</span> <span class='ocrx_word' id='word_1_136' title='bbox 1120 972 1160 1006; x_wconf 89' lang='lat' dir='ltr'>in</span> <span class='ocrx_word' id='word_1_137' title='bbox 1180 972 1310 1007; x_wconf 79' lang='lat' dir='ltr'>animo</span> <span class='ocrx_word' id='word_1_138' title='bbox 1331 973 1554 1023; x_wconf 71' lang='lat' dir='ltr'>collixrendo</span> 
     </span>
     <span class='ocr_line' id='line_1_15' title="bbox 96 1024 1554 1066; baseline 0.003 -4"><span class='ocrx_word' id='word_1_139' title='bbox 96 1032 134 1062; x_wconf 89' lang='lat' dir='ltr'>et</span> <span class='ocrx_word' id='word_1_140' title='bbox 163 1026 374 1063; x_wconf 76' lang='lat' dir='ltr'>reficiendo</span> <span class='ocrx_word' id='word_1_141' title='bbox 403 1025 650 1063; x_wconf 72' lang='lat' dir='ltr'>declarantia.</span> <span class='ocrx_word' id='word_1_142' title='bbox 709 1024 781 1063; x_wconf 78' lang='lat' dir='ltr'>Est</span> <span class='ocrx_word' id='word_1_143' title='bbox 816 1032 943 1062; x_wconf 60' lang='lat' dir='ltr'>tamea</span> <span class='ocrx_word' id='word_1_144' title='bbox 976 1028 1015 1063; x_wconf 90' lang='lat' dir='ltr'>in</span> <span class='ocrx_word' id='word_1_145' title='bbox 1034 1025 1180 1063; x_wconf 80' lang='lat' dir='ltr'>Suidae</span> <span class='ocrx_word' id='word_1_146' title='bbox 1210 1033 1246 1063; x_wconf 87' lang='lat' dir='ltr'>et</span> <span class='ocrx_word' id='word_1_147' title='bbox 1265 1027 1437 1065; x_wconf 83' lang='lat' dir='ltr'>codicum</span> <span class='ocrx_word' id='word_1_148' title='bbox 1460 1043 1554 1066; x_wconf 88' lang='lat' dir='ltr'>con—</span> 
     </span>
     <span class='ocr_line' id='line_1_16' title="bbox 95 1077 1554 1136; baseline 0.003 -18"><span class='ocrx_word' id='word_1_149' title='bbox 95 1083 225 1120; x_wconf 84' lang='lat' dir='ltr'>cordia</span> <span class='ocrx_word' id='word_1_150' title='bbox 249 1086 370 1120; x_wconf 83' lang='lat' dir='ltr'>maius</span> <span class='ocrx_word' id='word_1_151' title='bbox 390 1085 648 1132; x_wconf 84' lang='lat' dir='ltr'>patrocinium</span> <span class='ocrx_word' id='word_1_152' title='bbox 678 1085 735 1136; x_wconf 72' lang='grc' dir='ltr'>τῷ</span> <span class='ocrx_word' id='word_1_153' title='bbox 768 1077 1107 1132; x_wconf 70' lang='grc' dir='ltr'><em>ἀναλεξαμέιίυν,</em></span> <span class='ocrx_word' id='word_1_154' title='bbox 1137 1082 1238 1133; x_wconf 86' lang='lat' dir='ltr'>quod</span> <span class='ocrx_word' id='word_1_155' title='bbox 1262 1091 1299 1119; x_wconf 86' lang='lat' dir='ltr'>et</span> <span class='ocrx_word' id='word_1_156' title='bbox 1326 1084 1368 1123; x_wconf 89' lang='lat' dir='ltr'>L.</span> <span class='ocrx_word' id='word_1_157' title='bbox 1383 1084 1554 1123; x_wconf 84' lang='lat' dir='ltr'>Kustero</span> 
     </span>
     <span class='ocr_line' id='line_1_17' title="bbox 92 1138 1555 1189; baseline 0.003 -14"><span class='ocrx_word' id='word_1_158' title='bbox 92 1142 224 1188; x_wconf 87' lang='lat' dir='ltr'>potius</span> <span class='ocrx_word' id='word_1_159' title='bbox 245 1143 386 1177; x_wconf 82' lang='lat' dir='ltr'>visum.</span> <span class='ocrx_word' id='word_1_160' title='bbox 447 1139 569 1177; x_wconf 84' lang='lat' dir='ltr'>Porro</span> <span class='ocrx_word' id='word_1_161' title='bbox 594 1140 830 1186; x_wconf 83' lang='lat' dir='ltr'>orationem,</span> <span class='ocrx_word' id='word_1_162' title='bbox 869 1151 943 1189; x_wconf 82' lang='lat' dir='ltr'>qua</span> <span class='ocrx_word' id='word_1_163' title='bbox 965 1138 1159 1176; x_wconf 80' lang='lat' dir='ltr'>Romanos</span> <span class='ocrx_word' id='word_1_164' title='bbox 1180 1147 1265 1189; x_wconf 90' lang='lat' dir='ltr'>post</span> <span class='ocrx_word' id='word_1_165' title='bbox 1284 1143 1555 1181; x_wconf 81' lang='lat' dir='ltr'>inclementem</span> 
     </span>
     <span class='ocr_line' id='line_1_18' title="bbox 93 1194 1553 1247; baseline 0.004 -16"><span class='ocrx_word' id='word_1_166' title='bbox 93 1197 206 1233; x_wconf 84' lang='lat' dir='ltr'>istam</span> <span class='ocrx_word' id='word_1_167' title='bbox 226 1195 271 1233; x_wconf 87' lang='lat' dir='ltr'>de</span> <span class='ocrx_word' id='word_1_168' title='bbox 283 1194 515 1247; x_wconf 72' lang='lat' dir='ltr'>Carthagine</span> <span class='ocrx_word' id='word_1_169' title='bbox 536 1195 748 1234; x_wconf 79' lang='lat' dir='ltr'>evertenda</span> <span class='ocrx_word' id='word_1_170' title='bbox 767 1196 1001 1232; x_wconf 83' lang='lat' dir='ltr'>sententiam</span> <span class='ocrx_word' id='word_1_171' title='bbox 1025 1198 1261 1247; x_wconf 66' lang='lat' dir='ltr'>conpellarit</span> <span class='ocrx_word' id='word_1_172' title='bbox 1280 1196 1440 1235; x_wconf 81' lang='lat' dir='ltr'>Blanno</span> <span class='ocrx_word' id='word_1_173' title='bbox 1469 1202 1553 1237; x_wconf 75' lang='lat' dir='ltr'>sive</span> 
     </span>
     <span class='ocr_line' id='line_1_19' title="bbox 92 1250 1553 1306; baseline 0.003 -17"><span class='ocrx_word' id='word_1_174' title='bbox 92 1250 247 1300; x_wconf 79' lang='lat' dir='ltr'>Blano,</span> <span class='ocrx_word' id='word_1_175' title='bbox 287 1253 486 1303; x_wconf 81' lang='lat' dir='ltr'>Appianus</span> <span class='ocrx_word' id='word_1_176' title='bbox 515 1252 652 1291; x_wconf 86' lang='lat' dir='ltr'>Punic.</span> <span class='ocrx_word' id='word_1_177' title='bbox 682 1266 716 1303; x_wconf 88' lang='lat' dir='ltr'>p.</span> <span class='ocrx_word' id='word_1_178' title='bbox 742 1255 814 1293; x_wconf 79' lang='lat'>77.</span> <span class='ocrx_word' id='word_1_179' title='bbox 844 1253 982 1290; x_wconf 85' lang='lat' dir='ltr'>tribuit</span> <span class='ocrx_word' id='word_1_180' title='bbox 1005 1252 1218 1302; x_wconf 75' lang='lat' dir='ltr'>Hannoni,</span> <span class='ocrx_word' id='word_1_181' title='bbox 1250 1256 1313 1292; x_wconf 90' lang='lat' dir='ltr'>cui</span> <span class='ocrx_word' id='word_1_182' title='bbox 1333 1268 1553 1306; x_wconf 85' lang='lat' dir='ltr'>cognomen</span> 
     </span>
     <span class='ocr_line' id='line_1_20' title="bbox 96 1309 879 1360; baseline -0.001 -12"><span class='ocrx_word' id='word_1_183' title='bbox 96 1309 249 1357; x_wconf 64' lang='lat' dir='ltr'>Gulae,</span> <span class='ocrx_word' id='word_1_184' title='bbox 277 1322 390 1360; x_wconf 85' lang='lat' dir='ltr'>quam</span> <span class='ocrx_word' id='word_1_185' title='bbox 411 1316 516 1347; x_wconf 85' lang='lat' dir='ltr'>recte</span> <span class='ocrx_word' id='word_1_186' title='bbox 535 1313 680 1349; x_wconf 86' lang='lat' dir='ltr'>nescio.</span> <span class='ocrx_word' id='word_1_187' title='bbox 740 1309 879 1347; x_wconf 66' lang='lat' dir='ltr'>VVEss.</span> 
     </span>
    </p>
   </div>
   <div class='ocr_carea' id='block_1_3' title="bbox 91 1375 1553 1483">
    <p class='ocr_par' dir='ltr' id='par_1_3' title="bbox 91 1375 1553 1483">
     <span class='ocr_line' id='line_1_21' title="bbox 205 1375 1553 1433; baseline 0.001 -16"><span class='ocrx_word' id='word_1_188' title='bbox 205 1379 311 1417; x_wconf 81' lang='lat'>627.</span> <span class='ocrx_word' id='word_1_189' title='bbox 345 1378 417 1416; x_wconf 87' lang='lat'>55.</span> <span class='ocrx_word' id='word_1_190' title='bbox 452 1375 665 1429; x_wconf 72' lang='grc' dir='ltr'><em>Διελέχθη</em></span> <span class='ocrx_word' id='word_1_191' title='bbox 698 1376 1045 1430; x_wconf 73' lang='grc' dir='ltr'><strong><em>παραστατικῶς]</em></strong></span> <span class='ocrx_word' id='word_1_192' title='bbox 1088 1375 1156 1416; x_wconf 85' lang='lat' dir='ltr'>Sic</span> <span class='ocrx_word' id='word_1_193' title='bbox 1178 1381 1330 1417; x_wconf 83' lang='lat' dir='ltr'>correxi</span> <span class='ocrx_word' id='word_1_194' title='bbox 1350 1392 1419 1429; x_wconf 83' lang='lat' dir='ltr'>pro</span> <span class='ocrx_word' id='word_1_195' title='bbox 1441 1394 1553 1433; x_wconf 73' lang='grc' dir='ltr'><em>περι-</em></span> 
     </span>
     <span class='ocr_line' id='line_1_22' title="bbox 91 1433 1553 1483; baseline 0.003 -11"><span class='ocrx_word' id='word_1_196' title='bbox 91 1436 315 1481; x_wconf 76' lang='grc' dir='ltr'><em>στατικῶς,</em></span> <span class='ocrx_word' id='word_1_197' title='bbox 342 1440 470 1471; x_wconf 85' lang='lat' dir='ltr'>motus</span> <span class='ocrx_word' id='word_1_198' title='bbox 492 1441 530 1472; x_wconf 87' lang='lat' dir='ltr'>et</span> <span class='ocrx_word' id='word_1_199' title='bbox 553 1433 719 1471; x_wconf 88' lang='lat' dir='ltr'>Diodori</span> <span class='ocrx_word' id='word_1_200' title='bbox 736 1434 901 1482; x_wconf 80' lang='lat' dir='ltr'>iudicio,</span> <span class='ocrx_word' id='word_1_201' title='bbox 934 1437 1001 1483; x_wconf 86' lang='lat' dir='ltr'>qui</span> <span class='ocrx_word' id='word_1_202' title='bbox 1021 1434 1063 1471; x_wconf 89' lang='lat' dir='ltr'>L.</span> <span class='ocrx_word' id='word_1_203' title='bbox 1074 1434 1150 1472; x_wconf 94' lang='lat' dir='ltr'>XV</span> <span class='ocrx_word' id='word_1_204' title='bbox 1155 1435 1221 1472; x_wconf 89' lang='lat' dir='ltr'>III.</span> <span class='ocrx_word' id='word_1_205' title='bbox 1244 1437 1318 1475; x_wconf 81' lang='lat'>22.</span> <span class='ocrx_word' id='word_1_206' title='bbox 1348 1433 1394 1475; x_wconf 78' lang='grc' dir='ltr'>τὸ</span> <span class='ocrx_word' id='word_1_207' title='bbox 1420 1435 1553 1477; x_wconf 59' lang='grc' dir='ltr'><strong><em>δεινὸν</em></strong></span> 
     </span>
    </p>
   </div>
   <div class='ocr_carea' id='block_1_4' title="bbox 88 1485 1553 1598">
    <p class='ocr_par' dir='ltr' id='par_1_4' title="bbox 88 1485 1553 1598">
     <span class='ocr_line' id='line_1_23' title="bbox 89 1485 1553 1556; baseline 0.003 -28"><span class='ocrx_word' id='word_1_208' title='bbox 89 1485 365 1541; x_wconf 70' lang='grc' dir='ltr'>υπομίνοιτες</span> <span class='ocrx_word' id='word_1_209' title='bbox 390 1493 736 1556; x_wconf 62' lang='grc' dir='ltr'>παραστατικῶς,</span> <span class='ocrx_word' id='word_1_210' title='bbox 775 1499 813 1528; x_wconf 88' lang='lat' dir='ltr'>et</span> <span class='ocrx_word' id='word_1_211' title='bbox 844 1491 886 1528; x_wconf 87' lang='lat' dir='ltr'>L.</span> <span class='ocrx_word' id='word_1_212' title='bbox 906 1491 1004 1529; x_wconf 90' lang='lat' dir='ltr'>XX</span> <span class='ocrx_word' id='word_1_213' title='bbox 1033 1493 1103 1532; x_wconf 87' lang='lat' dir='ltr'>ll.</span> <span class='ocrx_word' id='word_1_214' title='bbox 1134 1489 1553 1547; x_wconf 74' lang='grc' dir='ltr'>παραστατικώτερον</span> 
     </span>
     <span class='ocr_line' id='line_1_24' title="bbox 88 1542 1552 1598; baseline 0.002 -13"><span class='ocrx_word' id='word_1_215' title='bbox 88 1543 163 1585; x_wconf 79' lang='grc' dir='ltr'>τὸν</span> <span class='ocrx_word' id='word_1_216' title='bbox 193 1546 382 1586; x_wconf 73' lang='grc' dir='ltr'><em>κινὸυιον</em></span> <span class='ocrx_word' id='word_1_217' title='bbox 410 1542 656 1598; x_wconf 71' lang='grc' dir='ltr'><em>υπέμειναν,</em></span> <span class='ocrx_word' id='word_1_218' title='bbox 693 1555 732 1585; x_wconf 84' lang='lat' dir='ltr'>et</span> <span class='ocrx_word' id='word_1_219' title='bbox 752 1551 860 1586; x_wconf 58' lang='lat' dir='ltr'>iocis</span> <span class='ocrx_word' id='word_1_220' title='bbox 881 1562 975 1596; x_wconf 90' lang='lat' dir='ltr'>usu,</span> <span class='ocrx_word' id='word_1_221' title='bbox 1006 1549 1048 1586; x_wconf 88' lang='lat' dir='ltr'>in</span> <span class='ocrx_word' id='word_1_222' title='bbox 1071 1550 1193 1586; x_wconf 83' lang='lat' dir='ltr'>animi</span> <span class='ocrx_word' id='word_1_223' title='bbox 1216 1549 1359 1586; x_wconf 76' lang='lat' dir='ltr'>fiducia</span> <span class='ocrx_word' id='word_1_224' title='bbox 1379 1552 1488 1597; x_wconf 79' lang='lat' dir='ltr'>trito,</span> <span class='ocrx_word' id='word_1_225' title='bbox 1513 1558 1552 1588; x_wconf 81' lang='lat' dir='ltr'>et</span> 
     </span>
    </p>
   </div>
   <div class='ocr_carea' id='block_1_5' title="bbox 86 1597 1551 1767">
    <p class='ocr_par' dir='ltr' id='par_1_5' title="bbox 86 1597 1551 1767">
     <span class='ocr_line' id='line_1_25' title="bbox 90 1597 1550 1658; baseline 0.003 -19"><span class='ocrx_word' id='word_1_226' title='bbox 90 1601 234 1641; x_wconf 87' lang='lat' dir='ltr'>Suidae</span> <span class='ocrx_word' id='word_1_227' title='bbox 261 1606 513 1653; x_wconf 84' lang='lat' dir='ltr'>auctoritate,</span> <span class='ocrx_word' id='word_1_228' title='bbox 552 1606 608 1643; x_wconf 84' lang='lat' dir='ltr'>ita</span> <span class='ocrx_word' id='word_1_229' title='bbox 635 1606 791 1643; x_wconf 83' lang='lat' dir='ltr'>citantis</span> <span class='ocrx_word' id='word_1_230' title='bbox 820 1607 862 1642; x_wconf 90' lang='lat' dir='ltr'>in</span> <span class='ocrx_word' id='word_1_231' title='bbox 890 1597 1188 1658; x_wconf 68' lang='grc' dir='ltr'>Παραστᾶται.</span> <span class='ocrx_word' id='word_1_232' title='bbox 1246 1605 1373 1643; x_wconf 84' lang='lat' dir='ltr'>Habet</span> <span class='ocrx_word' id='word_1_233' title='bbox 1392 1607 1550 1655; x_wconf 86' lang='lat' dir='ltr'>ibidem,</span> 
     </span>
     <span class='ocr_line' id='line_1_26' title="bbox 89 1659 1551 1712; baseline 0.004 -16"><span class='ocrx_word' id='word_1_234' title='bbox 89 1671 184 1708; x_wconf 87' lang='lat' dir='ltr'>quae</span> <span class='ocrx_word' id='word_1_235' title='bbox 209 1672 258 1697; x_wconf 89' lang='lat' dir='ltr'>ex</span> <span class='ocrx_word' id='word_1_236' title='bbox 278 1659 322 1699; x_wconf 90' lang='lat' dir='ltr'>L.</span> <span class='ocrx_word' id='word_1_237' title='bbox 344 1660 441 1698; x_wconf 91' lang='lat' dir='ltr'>XX.</span> <span class='ocrx_word' id='word_1_238' title='bbox 482 1664 552 1702; x_wconf 92' lang='lat' dir='ltr'>ll.</span> <span class='ocrx_word' id='word_1_239' title='bbox 579 1662 745 1712; x_wconf 83' lang='lat' dir='ltr'>produxi</span> <span class='ocrx_word' id='word_1_240' title='bbox 763 1662 901 1711; x_wconf 78' lang='lat' dir='ltr'>verba,</span> <span class='ocrx_word' id='word_1_241' title='bbox 929 1673 1091 1712; x_wconf 82' lang='lat' dir='ltr'>quorum</span> <span class='ocrx_word' id='word_1_242' title='bbox 1114 1669 1253 1700; x_wconf 78' lang='lat' dir='ltr'>neutra</span> <span class='ocrx_word' id='word_1_243' title='bbox 1273 1663 1551 1703; x_wconf 82' lang='lat' dir='ltr'>animadvertit</span> 
     </span>
     <span class='ocr_line' id='line_1_27' title="bbox 86 1716 820 1767; baseline 0.003 -14"><span class='ocrx_word' id='word_1_244' title='bbox 86 1723 303 1767; x_wconf 83' lang='lat' dir='ltr'>postremus</span> <span class='ocrx_word' id='word_1_245' title='bbox 323 1716 466 1756; x_wconf 86' lang='lat' dir='ltr'>Suidae</span> <span class='ocrx_word' id='word_1_246' title='bbox 489 1719 628 1757; x_wconf 84' lang='lat' dir='ltr'>editor.</span> <span class='ocrx_word' id='word_1_247' title='bbox 681 1719 820 1757; x_wconf 68' lang='lat' dir='ltr'>Wizss.</span> 
     </span>
    </p>
   </div>
   <div class='ocr_carea' id='block_1_6' title="bbox 86 1781 1550 1950">
    <p class='ocr_par' dir='ltr' id='par_1_6' title="bbox 86 1781 1550 1950">
     <span class='ocr_line' id='line_1_28' title="bbox 201 1781 1550 1838; baseline 0.001 -12"><span class='ocrx_word' id='word_1_248' title='bbox 201 1787 308 1826; x_wconf 83' lang='lat'>628.</span> <span class='ocrx_word' id='word_1_249' title='bbox 341 1787 415 1826; x_wconf 85' lang='lat'>61.</span> <span class='ocrx_word' id='word_1_250' title='bbox 449 1783 540 1825; x_wconf 73' lang='lat' dir='ltr'><em>‘&#39;Om</em></span> <span class='ocrx_word' id='word_1_251' title='bbox 563 1781 812 1838; x_wconf 52' lang='lat' dir='ltr'>oi‘Pmpm-oz</span> <span class='ocrx_word' id='word_1_252' title='bbox 835 1781 1300 1838; x_wconf 54' lang='lat' dir='ltr'>dpeaerdfferoz-—b&#39;v‘ced</span> <span class='ocrx_word' id='word_1_253' title='bbox 1333 1786 1419 1826; x_wconf 87' lang='lat' dir='ltr'>Hoc</span> <span class='ocrx_word' id='word_1_254' title='bbox 1442 1789 1550 1837; x_wconf 71' lang='lat' dir='ltr'>frag-</span> 
     </span>
     <span class='ocr_line' id='line_1_29' title="bbox 86 1840 1548 1894; baseline 0.007 -16"><span class='ocrx_word' id='word_1_255' title='bbox 86 1848 255 1879; x_wconf 84' lang='lat' dir='ltr'>mentum</span> <span class='ocrx_word' id='word_1_256' title='bbox 277 1855 323 1878; x_wconf 85' lang='lat' dir='ltr'>ex</span> <span class='ocrx_word' id='word_1_257' title='bbox 345 1841 512 1892; x_wconf 84' lang='lat' dir='ltr'>Polybio</span> <span class='ocrx_word' id='word_1_258' title='bbox 533 1843 767 1892; x_wconf 74' lang='lat' dir='ltr'>deprompsit</span> <span class='ocrx_word' id='word_1_259' title='bbox 787 1843 995 1881; x_wconf 80' lang='lat' dir='ltr'>Diodorus.</span> <span class='ocrx_word' id='word_1_260' title='bbox 1046 1842 1188 1882; x_wconf 83' lang='lat' dir='ltr'>Statim</span> <span class='ocrx_word' id='word_1_261' title='bbox 1218 1856 1288 1894; x_wconf 85' lang='lat' dir='ltr'>pro</span> <span class='ocrx_word' id='word_1_262' title='bbox 1322 1840 1436 1886; x_wconf 77' lang='grc' dir='ltr'><em>ὁπότ’</em></span> <span class='ocrx_word' id='word_1_263' title='bbox 1473 1841 1548 1887; x_wconf 75' lang='grc' dir='ltr'>οὖν</span> 
     </span>
     <span class='ocr_line' id='line_1_30' title="bbox 87 1894 943 1950; baseline 0.001 -15"><span class='ocrx_word' id='word_1_264' title='bbox 87 1900 225 1947; x_wconf 88' lang='lat' dir='ltr'>opinor</span> <span class='ocrx_word' id='word_1_265' title='bbox 244 1896 484 1950; x_wconf 81' lang='lat' dir='ltr'>legendum</span> <span class='ocrx_word' id='word_1_266' title='bbox 471 1895 575 1939; x_wconf 83' lang='grc' dir='ltr'><em>όπου</em></span> <span class='ocrx_word' id='word_1_267' title='bbox 597 1894 943 1939; x_wconf 68' lang='lat' dir='ltr'>v’02&#39;n.Uus1x.</span> 
     </span>
    </p>
   </div>
   <div class='ocr_carea' id='block_1_7' title="bbox 79 1963 1550 2586">
    <p class='ocr_par' dir='ltr' id='par_1_7' title="bbox 79 1963 1550 2342">
     <span class='ocr_line' id='line_1_31' title="bbox 202 1963 1550 2035; baseline 0.001 -28"><span class='ocrx_word' id='word_1_268' title='bbox 202 1968 308 2007; x_wconf 83' lang='lat'>628.</span> <span class='ocrx_word' id='word_1_269' title='bbox 353 1968 426 2007; x_wconf 86' lang='grc'>66-</span> <span class='ocrx_word' id='word_1_270' title='bbox 462 1963 649 2035; x_wconf 76' lang='lat' dir='ltr'>’&#39;Equov</span> <span class='ocrx_word' id='word_1_271' title='bbox 678 1963 861 2007; x_wconf 76' lang='grc' dir='ltr'><em>ὃποσοῦν</em></span> <span class='ocrx_word' id='word_1_272' title='bbox 892 1966 1068 2015; x_wconf 69' lang='grc' dir='ltr'>ἕκαστος</span> <span class='ocrx_word' id='word_1_273' title='bbox 1095 1963 1292 2022; x_wconf 51' lang='lat' dir='ltr'>‹iduati-co]</span> <span class='ocrx_word' id='word_1_274' title='bbox 1342 1968 1399 2008; x_wconf 85' lang='lat' dir='ltr'>Ita</span> <span class='ocrx_word' id='word_1_275' title='bbox 1426 1970 1550 2010; x_wconf 84' lang='lat' dir='ltr'>edidit</span> 
     </span>
     <span class='ocr_line' id='line_1_32' title="bbox 85 2018 1548 2076; baseline 0.005 -18"><span class='ocrx_word' id='word_1_276' title='bbox 85 2018 267 2070; x_wconf 82' lang='lat' dir='ltr'>Ursinus,</span> <span class='ocrx_word' id='word_1_277' title='bbox 291 2029 331 2060; x_wconf 85' lang='lat' dir='ltr'>at</span> <span class='ocrx_word' id='word_1_278' title='bbox 349 2024 390 2060; x_wconf 89' lang='lat' dir='ltr'>in</span> <span class='ocrx_word' id='word_1_279' title='bbox 412 2026 513 2061; x_wconf 88' lang='lat' dir='ltr'>notis</span> <span class='ocrx_word' id='word_1_280' title='bbox 534 2018 649 2064; x_wconf 74' lang='grc' dir='ltr'><em>ὁπότ’</em></span> <span class='ocrx_word' id='word_1_281' title='bbox 674 2039 761 2073; x_wconf 73' lang='grc' dir='ltr'>ουν</span> <span class='ocrx_word' id='word_1_282' title='bbox 800 2024 902 2062; x_wconf 86' lang='lat' dir='ltr'>unde</span> <span class='ocrx_word' id='word_1_283' title='bbox 924 2025 1145 2076; x_wconf 85' lang='lat' dir='ltr'>ambiguum</span> <span class='ocrx_word' id='word_1_284' title='bbox 1172 2033 1242 2073; x_wconf 88' lang='lat' dir='ltr'>est,</span> <span class='ocrx_word' id='word_1_285' title='bbox 1272 2027 1395 2075; x_wconf 81' lang='lat' dir='ltr'>quid</span> <span class='ocrx_word' id='word_1_286' title='bbox 1384 2041 1425 2064; x_wconf 87' lang='lat' dir='ltr'>m</span> <span class='ocrx_word' id='word_1_287' title='bbox 1450 2031 1548 2066; x_wconf 85' lang='lat' dir='ltr'>scri—</span> 
     </span>
     <span class='ocr_line' id='line_1_33' title="bbox 83 2076 1547 2136; baseline 0.005 -21"><span class='ocrx_word' id='word_1_288' title='bbox 83 2085 150 2128; x_wconf 90' lang='lat' dir='ltr'>pto</span> <span class='ocrx_word' id='word_1_289' title='bbox 168 2080 296 2125; x_wconf 74' lang='lat' dir='ltr'>{fuerit</span> <span class='ocrx_word' id='word_1_290' title='bbox 326 2081 550 2130; x_wconf 85' lang='lat' dir='ltr'>exemplari.</span> <span class='ocrx_word' id='word_1_291' title='bbox 611 2081 656 2119; x_wconf 87' lang='lat' dir='ltr'>Si</span> <span class='ocrx_word' id='word_1_292' title='bbox 695 2076 902 2129; x_wconf 72' lang='grc' dir='ltr'>ὁπωσοῦν,</span> <span class='ocrx_word' id='word_1_293' title='bbox 940 2082 1077 2130; x_wconf 81' lang='lat' dir='ltr'>quidni</span> <span class='ocrx_word' id='word_1_294' title='bbox 1106 2079 1218 2128; x_wconf 79' lang='grc' dir='ltr'><em>ὅπως</em></span> <span class='ocrx_word' id='word_1_295' title='bbox 1245 2077 1318 2122; x_wconf 77' lang='grc' dir='ltr'>ουν</span> <span class='ocrx_word' id='word_1_296' title='bbox 1350 2083 1547 2136; x_wconf 62' lang='lat' dir='ltr'>refringas?</span> 
     </span>
     <span class='ocr_line' id='line_1_34' title="bbox 83 2134 1550 2189; baseline 0.005 -17"><span class='ocrx_word' id='word_1_297' title='bbox 83 2134 279 2173; x_wconf 87' lang='lat' dir='ltr'>Convenit</span> <span class='ocrx_word' id='word_1_298' title='bbox 301 2150 420 2186; x_wconf 85' lang='lat' dir='ltr'>paene</span> <span class='ocrx_word' id='word_1_299' title='bbox 442 2136 626 2188; x_wconf 83' lang='lat' dir='ltr'>Aeschyli</span> <span class='ocrx_word' id='word_1_300' title='bbox 649 2138 821 2189; x_wconf 84' lang='lat' dir='ltr'>Supplic.</span> <span class='ocrx_word' id='word_1_301' title='bbox 848 2152 886 2176; x_wconf 83' lang='lat' dir='ltr'>v.</span> <span class='ocrx_word' id='word_1_302' title='bbox 911 2139 1015 2179; x_wconf 87' lang='grc'><strong>843.</strong></span> <span class='ocrx_word' id='word_1_303' title='bbox 1057 2138 1251 2187; x_wconf 76' lang='grc' dir='ltr'><em>Σοῦσθε,</em></span> <span class='ocrx_word' id='word_1_304' title='bbox 1296 2138 1445 2180; x_wconf 70' lang='grc' dir='ltr'><em>σοῦ’σθ</em></span> <span class='ocrx_word' id='word_1_305' title='bbox 1483 2140 1550 2180; x_wconf 78' lang='grc' dir='ltr'>ἐπὶ</span> 
     </span>
     <span class='ocr_line' id='line_1_35' title="bbox 82 2187 1548 2250; baseline 0.005 -20"><span class='ocrx_word' id='word_1_306' title='bbox 82 2193 207 2244; x_wconf 73' lang='grc' dir='ltr'><em>βᾶριν</em></span> <span class='ocrx_word' id='word_1_307' title='bbox 232 2189 345 2240; x_wconf 81' lang='grc' dir='ltr'><em>ὅπως</em></span> <span class='ocrx_word' id='word_1_308' title='bbox 365 2193 528 2244; x_wconf 84' lang='grc' dir='ltr'><em>ποὸων,</em></span> <span class='ocrx_word' id='word_1_309' title='bbox 553 2208 623 2244; x_wconf 85' lang='lat' dir='ltr'>pro</span> <span class='ocrx_word' id='word_1_310' title='bbox 645 2207 720 2244; x_wconf 91' lang='lat' dir='ltr'>quo</span> <span class='ocrx_word' id='word_1_311' title='bbox 740 2195 925 2233; x_wconf 81' lang='lat' dir='ltr'>Aelianus</span> <span class='ocrx_word' id='word_1_312' title='bbox 944 2187 1303 2245; x_wconf 83' lang='lat' dir='ltr'>frequentissime</span> <span class='ocrx_word' id='word_1_313' title='bbox 1278 2213 1304 2250; x_wconf 81' lang='grc' dir='ltr'>ῃ</span> <span class='ocrx_word' id='word_1_314' title='bbox 1325 2196 1466 2237; x_wconf 75' lang='grc' dir='ltr'><em>ποδῶν</em></span> <span class='ocrx_word' id='word_1_315' title='bbox 1489 2194 1548 2237; x_wconf 75' lang='grc' dir='ltr'>εἷ-</span> 
     </span>
     <span class='ocr_line' id='line_1_36' title="bbox 79 2249 1544 2298; baseline 0.004 -12"><span class='ocrx_word' id='word_1_316' title='bbox 79 2262 169 2298; x_wconf 82' lang='grc' dir='ltr'>χον.</span> <span class='ocrx_word' id='word_1_317' title='bbox 226 2249 323 2287; x_wconf 87' lang='lat' dir='ltr'>Vide</span> <span class='ocrx_word' id='word_1_318' title='bbox 352 2249 399 2288; x_wconf 86' lang='lat' dir='ltr'>de</span> <span class='ocrx_word' id='word_1_319' title='bbox 429 2250 596 2290; x_wconf 85' lang='lat' dir='ltr'>Animal.</span> <span class='ocrx_word' id='word_1_320' title='bbox 626 2251 671 2292; x_wconf 91' lang='lat' dir='ltr'>L.</span> <span class='ocrx_word' id='word_1_321' title='bbox 695 2251 762 2290; x_wconf 89' lang='lat' dir='ltr'>III.</span> <span class='ocrx_word' id='word_1_322' title='bbox 785 2254 861 2294; x_wconf 85' lang='grc'>21.</span> <span class='ocrx_word' id='word_1_323' title='bbox 905 2252 970 2289; x_wconf 91' lang='lat' dir='ltr'>VI.</span> <span class='ocrx_word' id='word_1_324' title='bbox 994 2253 1070 2293; x_wconf 84' lang='grc'><strong>41.</strong></span> <span class='ocrx_word' id='word_1_325' title='bbox 1125 2250 1182 2290; x_wconf 88' lang='lat' dir='ltr'>X.</span> <span class='ocrx_word' id='word_1_326' title='bbox 1203 2253 1278 2294; x_wconf 87' lang='lat'>48.</span> <span class='ocrx_word' id='word_1_327' title='bbox 1333 2253 1445 2292; x_wconf 88' lang='lat' dir='ltr'>XIII.</span> <span class='ocrx_word' id='word_1_328' title='bbox 1471 2255 1544 2297; x_wconf 89' lang='lat'>14.</span> 
     </span>
     <span class='ocr_line' id='line_1_37' title="bbox 81 2304 225 2344; baseline 0 -2"><span class='ocrx_word' id='word_1_329' title='bbox 81 2304 225 2344; x_wconf 71' lang='lat' dir='ltr'>Wssss.</span> 
     </span>
    </p>

    <p class='ocr_par' dir='ltr' id='par_1_8' title="bbox 83 2359 1547 2586">
     <span class='ocr_line' id='line_1_38' title="bbox 198 2359 1547 2419; baseline 0.003 -17"><span class='ocrx_word' id='word_1_330' title='bbox 198 2363 303 2403; x_wconf 83' lang='lat'>628.</span> <span class='ocrx_word' id='word_1_331' title='bbox 342 2363 416 2403; x_wconf 86' lang='lat'>69.</span> <span class='ocrx_word' id='word_1_332' title='bbox 466 2359 555 2411; x_wconf 79' lang='grc' dir='ltr'>Τὰς</span> <span class='ocrx_word' id='word_1_333' title='bbox 594 2362 638 2405; x_wconf 73' lang='grc' dir='ltr'>δὲ</span> <span class='ocrx_word' id='word_1_334' title='bbox 677 2359 836 2405; x_wconf 70' lang='grc' dir='ltr'>ἑαυτῶν</span> <span class='ocrx_word' id='word_1_335' title='bbox 868 2363 1052 2419; x_wconf 55' lang='grc' dir='ltr'>κεφαλὰς</span> <span class='ocrx_word' id='word_1_336' title='bbox 1077 2360 1333 2419; x_wconf 70' lang='grc' dir='ltr'>τῦπτοιτες]</span> <span class='ocrx_word' id='word_1_337' title='bbox 1390 2366 1547 2418; x_wconf 71' lang='lat' dir='ltr'>Sufflas,</span> 
     </span>
     <span class='ocr_line' id='line_1_39' title="bbox 85 2417 1546 2469; baseline 0.008 -16"><span class='ocrx_word' id='word_1_338' title='bbox 85 2417 187 2466; x_wconf 88' lang='lat' dir='ltr'>quod</span> <span class='ocrx_word' id='word_1_339' title='bbox 209 2432 230 2455; x_wconf 80' lang='lat' dir='ltr'>a</span> <span class='ocrx_word' id='word_1_340' title='bbox 250 2417 292 2455; x_wconf 88' lang='lat' dir='ltr'>L.</span> <span class='ocrx_word' id='word_1_341' title='bbox 313 2418 481 2457; x_wconf 85' lang='lat' dir='ltr'>Kustero</span> <span class='ocrx_word' id='word_1_342' title='bbox 501 2434 580 2458; x_wconf 89' lang='lat' dir='ltr'>non</span> <span class='ocrx_word' id='word_1_343' title='bbox 599 2422 935 2469; x_wconf 85' lang='lat' dir='ltr'>animadversum,</span> <span class='ocrx_word' id='word_1_344' title='bbox 969 2421 1093 2459; x_wconf 86' lang='lat' dir='ltr'>haec</span> <span class='ocrx_word' id='word_1_345' title='bbox 1084 2435 1125 2460; x_wconf 75' lang='lat' dir='ltr'>in</span> <span class='ocrx_word' id='word_1_346' title='bbox 1147 2422 1320 2460; x_wconf 87' lang='lat' dir='ltr'>Lexicon</span> <span class='ocrx_word' id='word_1_347' title='bbox 1340 2437 1450 2462; x_wconf 92' lang='lat' dir='ltr'>suum</span> <span class='ocrx_word' id='word_1_348' title='bbox 1477 2426 1546 2464; x_wconf 83' lang='lat' dir='ltr'>ad-</span> 
     </span>
     <span class='ocr_line' id='line_1_40' title="bbox 84 2473 1547 2532; baseline 0.007 -22"><span class='ocrx_word' id='word_1_349' title='bbox 84 2474 185 2511; x_wconf 90' lang='lat' dir='ltr'>didit</span> <span class='ocrx_word' id='word_1_350' title='bbox 205 2488 290 2514; x_wconf 80' lang='lat' dir='ltr'>v.oc</span> <span class='ocrx_word' id='word_1_351' title='bbox 308 2473 563 2528; x_wconf 71' lang='grc' dir='ltr'><em>Ἐπιβοωμεν</em></span> <span class='ocrx_word' id='word_1_352' title='bbox 567 2493 617 2518; x_wconf 90' lang='grc' dir='ltr'>οι.</span> <span class='ocrx_word' id='word_1_353' title='bbox 668 2477 794 2516; x_wconf 73' lang='lat' dir='ltr'>Rem*</span> <span class='ocrx_word' id='word_1_354' title='bbox 784 2493 904 2530; x_wconf 77' lang='lat' dir='ltr'>ipsam</span> <span class='ocrx_word' id='word_1_355' title='bbox 925 2481 1117 2528; x_wconf 86' lang='lat' dir='ltr'>copiosius</span> <span class='ocrx_word' id='word_1_356' title='bbox 1139 2486 1177 2517; x_wconf 88' lang='lat' dir='ltr'>et</span> <span class='ocrx_word' id='word_1_357' title='bbox 1199 2481 1414 2532; x_wconf 85' lang='lat' dir='ltr'>elegantius</span> <span class='ocrx_word' id='word_1_358' title='bbox 1434 2495 1547 2521; x_wconf 85' lang='lat' dir='ltr'>exse-</span> 
     </span>
     <span class='ocr_line' id='line_1_41' title="bbox 83 2531 1002 2586; baseline 0.003 -17"><span class='ocrx_word' id='word_1_359' title='bbox 83 2534 215 2580; x_wconf 81' lang='lat' dir='ltr'>quitur</span> <span class='ocrx_word' id='word_1_360' title='bbox 234 2531 465 2582; x_wconf 87' lang='lat' dir='ltr'>Appianus</span> <span class='ocrx_word' id='word_1_361' title='bbox 455 2546 498 2570; x_wconf 88' lang='lat' dir='ltr'>m</span> <span class='ocrx_word' id='word_1_362' title='bbox 516 2533 652 2573; x_wconf 89' lang='lat' dir='ltr'>Punic.</span> <span class='ocrx_word' id='word_1_363' title='bbox 672 2550 709 2586; x_wconf 88' lang='lat' dir='ltr'>p.</span> <span class='ocrx_word' id='word_1_364' title='bbox 725 2537 799 2576; x_wconf 85' lang='lat'>91.</span> <span class='ocrx_word' id='word_1_365' title='bbox 858 2535 1002 2575; x_wconf 75' lang='lat' dir='ltr'>WEss.</span> 
     </span>
    </p>
   </div>
   <div class='ocr_carea' id='block_1_8' title="bbox 84 2598 1545 2823">
    <p class='ocr_par' dir='ltr' id='par_1_9' title="bbox 84 2598 1545 2823">
     <span class='ocr_line' id='line_1_42' title="bbox 199 2598 1544 2658; baseline 0.001 -17"><span class='ocrx_word' id='word_1_366' title='bbox 199 2603 306 2642; x_wconf 85' lang='lat'>628.</span> <span class='ocrx_word' id='word_1_367' title='bbox 336 2602 408 2642; x_wconf 85' lang='lat'>76</span> <span class='ocrx_word' id='word_1_368' title='bbox 437 2598 530 2642; x_wconf 89' lang='grc' dir='ltr'>Ὅτι</span> <span class='ocrx_word' id='word_1_369' title='bbox 561 2618 599 2642; x_wconf 89' lang='grc' dir='ltr'>οι</span> <span class='ocrx_word' id='word_1_370' title='bbox 629 2599 705 2655; x_wconf 78' lang='grc' dir='ltr'>τὴν</span> <span class='ocrx_word' id='word_1_371' title='bbox 717 2600 899 2655; x_wconf 74' lang='grc' dir='ltr'><em>Ἄραδον</em></span> <span class='ocrx_word' id='word_1_372' title='bbox 923 2602 1153 2657; x_wconf 75' lang='grc' dir='ltr'><em>οἰκοῦντες]</em></span> <span class='ocrx_word' id='word_1_373' title='bbox 1184 2605 1248 2644; x_wconf 86' lang='lat' dir='ltr'>Ex</span> <span class='ocrx_word' id='word_1_374' title='bbox 1268 2605 1402 2643; x_wconf 84' lang='lat' dir='ltr'>eodem</span> <span class='ocrx_word' id='word_1_375' title='bbox 1419 2605 1544 2658; x_wconf 84' lang='lat' dir='ltr'>Poly-</span> 
     </span>
     <span class='ocr_line' id='line_1_43' title="bbox 85 2656 1544 2711; baseline 0.006 -19"><span class='ocrx_word' id='word_1_376' title='bbox 85 2656 148 2694; x_wconf 87' lang='lat' dir='ltr'>bio</span> <span class='ocrx_word' id='word_1_377' title='bbox 171 2656 244 2694; x_wconf 86' lang='lat' dir='ltr'>hoc</span> <span class='ocrx_word' id='word_1_378' title='bbox 267 2670 417 2707; x_wconf 84' lang='lat' dir='ltr'>quoque</span> <span class='ocrx_word' id='word_1_379' title='bbox 437 2660 700 2711; x_wconf 85' lang='lat' dir='ltr'>fragmentum</span> <span class='ocrx_word' id='word_1_380' title='bbox 720 2663 927 2709; x_wconf 87' lang='lat' dir='ltr'>sumpsisse</span> <span class='ocrx_word' id='word_1_381' title='bbox 947 2659 1177 2710; x_wconf 83' lang='lat' dir='ltr'>Diodorum,</span> <span class='ocrx_word' id='word_1_382' title='bbox 1204 2676 1316 2700; x_wconf 87' lang='lat' dir='ltr'>nemo</span> <span class='ocrx_word' id='word_1_383' title='bbox 1337 2662 1544 2711; x_wconf 86' lang='lat' dir='ltr'>dubitabit,</span> 
     </span>
     <span class='ocr_line' id='line_1_44' title="bbox 84 2715 1545 2770; baseline 0.005 -20"><span class='ocrx_word' id='word_1_384' title='bbox 84 2715 152 2761; x_wconf 81' lang='lat' dir='ltr'>qui</span> <span class='ocrx_word' id='word_1_385' title='bbox 171 2716 211 2750; x_wconf 90' lang='lat' dir='ltr'>in</span> <span class='ocrx_word' id='word_1_386' title='bbox 235 2716 407 2766; x_wconf 79' lang='lat' dir='ltr'>legendis</span> <span class='ocrx_word' id='word_1_387' title='bbox 427 2716 654 2766; x_wconf 84' lang='lat' dir='ltr'>Polybianis</span> <span class='ocrx_word' id='word_1_388' title='bbox 680 2715 854 2754; x_wconf 86' lang='lat' dir='ltr'>historiis</span> <span class='ocrx_word' id='word_1_389' title='bbox 875 2718 990 2766; x_wconf 81' lang='lat' dir='ltr'>paulo</span> <span class='ocrx_word' id='word_1_390' title='bbox 1016 2717 1243 2770; x_wconf 87' lang='lat' dir='ltr'>diligentius</span> <span class='ocrx_word' id='word_1_391' title='bbox 1263 2726 1440 2757; x_wconf 85' lang='lat' dir='ltr'>versatus</span> <span class='ocrx_word' id='word_1_392' title='bbox 1460 2720 1545 2757; x_wconf 89' lang='lat' dir='ltr'>fue-</span> 
     </span>
     <span class='ocr_line' id='line_1_45' title="bbox 84 2770 1541 2823; baseline 0.005 -17"><span class='ocrx_word' id='word_1_393' title='bbox 84 2772 150 2807; x_wconf 80' lang='lat' dir='ltr'>rit.</span> <span class='ocrx_word' id='word_1_394' title='bbox 180 2770 273 2808; x_wconf 88' lang='lat' dir='ltr'>Mox</span> <span class='ocrx_word' id='word_1_395' title='bbox 298 2772 343 2808; x_wconf 88' lang='lat' dir='ltr'>de</span> <span class='ocrx_word' id='word_1_396' title='bbox 359 2772 564 2810; x_wconf 87' lang='lat' dir='ltr'>Ammonio</span> <span class='ocrx_word' id='word_1_397' title='bbox 582 2772 774 2811; x_wconf 86' lang='lat' dir='ltr'>videndus</span> <span class='ocrx_word' id='word_1_398' title='bbox 793 2779 852 2811; x_wconf 87' lang='lat' dir='ltr'>est</span> <span class='ocrx_word' id='word_1_399' title='bbox 870 2773 1004 2812; x_wconf 88' lang='lat' dir='ltr'>Livius</span> <span class='ocrx_word' id='word_1_400' title='bbox 1026 2773 1133 2823; x_wconf 83' lang='lat' dir='ltr'>Epit.</span> <span class='ocrx_word' id='word_1_401' title='bbox 1155 2775 1265 2814; x_wconf 89' lang='lat' dir='ltr'>Libri</span> <span class='ocrx_word' id='word_1_402' title='bbox 1289 2777 1361 2816; x_wconf 85' lang='lat'>50.</span> <span class='ocrx_word' id='word_1_403' title='bbox 1394 2775 1541 2817; x_wconf 73' lang='lat' dir='ltr'>URSlN.</span> 
     </span>
    </p>
   </div>
   <div class='ocr_carea' id='block_1_9' title="bbox 197 2835 1545 2896">
    <p class='ocr_par' dir='ltr' id='par_1_10' title="bbox 197 2835 1545 2896">
     <span class='ocr_line' id='line_1_46' title="bbox 197 2835 1545 2896; baseline 0.004 -17"><span class='ocrx_word' id='word_1_404' title='bbox 197 2840 304 2880; x_wconf 82' lang='lat'>628.</span> <span class='ocrx_word' id='word_1_405' title='bbox 335 2841 406 2881; x_wconf 86' lang='lat'>80.</span> <span class='ocrx_word' id='word_1_406' title='bbox 438 2835 488 2881; x_wconf 85' lang='lat' dir='ltr'>‘O</span> <span class='ocrx_word' id='word_1_407' title='bbox 509 2839 553 2881; x_wconf 63' lang='lat' dir='ltr'>de*</span> <span class='ocrx_word' id='word_1_408' title='bbox 570 2836 781 2896; x_wconf 77' lang='grc' dir='ltr'><em>Ἰσίδωρον</em></span> <span class='ocrx_word' id='word_1_409' title='bbox 801 2836 944 2889; x_wconf 76' lang='grc' dir='ltr'>αὐτοῖς</span> <span class='ocrx_word' id='word_1_410' title='bbox 968 2838 1199 2896; x_wconf 78' lang='grc' dir='ltr'><em>ἀπέστειλε]</em></span> <span class='ocrx_word' id='word_1_411' title='bbox 1229 2843 1416 2883; x_wconf 85' lang='lat' dir='ltr'>Mendosa</span> <span class='ocrx_word' id='word_1_412' title='bbox 1435 2856 1545 2884; x_wconf 84' lang='lat' dir='ltr'>erant</span> 
     </span>
    </p>
   </div>
  </div>
 </body>
</html>
