1891 3310
420 200 484 240 IN
515 198 628 238 mn.
654 196 790 238 XIX.
819 197 948 239 CAP.
978 201 1094 240 2.·—
1120 201 1162 240 7.
1430 205 1525 248 271

182 313 290 354 321.
319 313 364 353 4.
404 310 705 365 Ἀκεστορίδου
733 314 808 352 τοῦ
830 310 1090 364 Κορινθίου]
1130 311 1311 351 Fortasse
1335 314 1377 352 in
1399 317 1528 355 conti-‘-

70 368 159 406 nuis
179 370 257 406 illis
284 370 408 407 turbis
437 383 523 407 eum
545 369 783 419 Syracusani
805 381 854 407 ex
875 370 1079 420 metropoli
1096 382 1190 417 sua,
1217 378 1260 407 ut
1277 372 1370 409 olim
1390 370 1526 412 Timo-

69 426 259 473 leontem,
285 428 582 464 arcessiverant.
607 426 742 463 Wtss.

182 482 289 522 321.
319 479 597 538 16.²'Av0c519ae
622 484 696 521 τοῦ
728 477 868 532 ἑτέρου
895 478 1049 533 μέρους
1075 477 1153 546 την
1180 488 1254 518 etc.
1266 480 1283 534 ]
1317 483 1406 523 Τοῦ
1436 478 1526 523 ἔτί-

67 550 144 589 ρου
165 536 319 588 μέρους
343 540 574 576 reiectanea.
611 536 750 574 Rflon.
798 537 980 592 Ἀνοὸίᾳ
1005 551 1082 588 την
1095 536 1352 606 οὸοιπορίαν
1381 537 1525 605 ἐποιή-

68 593 197 645 οατο]
226 594 270 631 Si
292 597 432 646 legeris
451 594 635 632 distracta
655 607 751 632 voce
772 608 857 632 cum
870 578 1002 644 Regio
1014 606 1070 642 pr.
1090 590 1176 633 α’νω
1199 591 1266 632 διὰ
1285 596 1359 634 τοῦ
1381 591 1523 646 ἑτέρου

63 647 218 716 μέρους
241 651 335 688 ferri
364 658 559 699 utcunque
594 664 710 688 voces
740 651 836 687 istae
865 657 1032 700 possent.
1076 649 1226 687 Sustuli
1254 657 1380 688 tamen
1403 651 1524 690 Codd.

66 707 238 755 imperio.
275 703 454 746 Ἀιοδία
474 702 719 758 χρησασθαι
738 705 894 744 Philoni
924 707 1129 755 (licuntur,
1161 709 1228 755 qui
1247 719 1316 756 per
1345 721 1523 757 asperum

66 774 111 798 ae
133 762 286 799 difficile
315 765 389 800 iter
416 748 715 813 progrediuntur
750 764 815 800 lib.
851 763 897 799 (le
929 761 1147 802 Temulent.
1172 775 1207 811 p.
1229 764 1337 804 247.
1357 763 1400 802 B.
1421 772 1459 802 et
1480 765 1525 803 L.

65 817 98 857 I.
130 817 162 854 1
167 820 210 856 it.
230 818 326 856 Mos.
345 831 380 867 p.
404 821 510 860 628.
546 818 731 857 Straboni
751 815 856 857 dm'
837 821 969 869 οριῦι,
996 817 1064 857 καὶ
1085 816 1262 859 ἀιοὸιῶν
1279 818 1348 858 καὶ
1375 823 1524 861 κυκλο-

64 874 233 927 πορειάς
261 875 303 913 L.
324 875 399 915 XI.
422 889 458 925 p.
481 877 585 915 795.
605 874 646 912 C.
676 883 713 912 et
731 874 772 911 L.
795 875 868 912 XV
874 875 902 912 1.
930 887 967 924 p.
993 876 1130 915 1127.
1151 875 1194 913 A.
1222 876 1357 914 wssss.

178 931 285 971 321.
315 933 392 971 26.
425 931 676 983 ΙΙαραχθεὶς
697 930 753 977 εἷς
775 928 821 970 τὸ
843 933 919 982 τῆς
940 927 1172 982 Δήμητρος
1195 929 1322 984 ἱερὸν]
1354 932 1523 984 Egregie

64 984 124 1022 his
146 998 238 1024 usus
261 994 319 1024 est
344 987 400 1024 Io.
429 987 493 1025 Fr.
522 988 746 1025 Gronovius
774 987 868 1026 Ohs.
898 986 941 1024 L.
975 987 1038 1026 IV.
1060 988 1128 1034 4.,
1155 994 1198 1024 ut
1225 992 1265 1026 in
1296 989 1446 1027 Iustino
1475 989 1521 1028 L.

62 1041 198 1080 XXII.
215 1044 259 1082 2.
290 1045 366 1095 legi
386 1052 560 1094 oportere
583 1051 751 1082 teneret:
786 1043 882 1081 Tum
901 1043 1136 1081 Hamilcari
1155 1042 1428 1097 (Agathocles)
1451 1059 1524 1083 ex-

53 1100 203 1150 positis
232 1101 387 1150 ignibus
421 1101 583 1138 Cereri-s
613 1103 834 1151 tactisque,
868 1103 907 1137 in
934 1100 1120 1150 obsequia
1150 1100 1372 1139 Poenorum
1398 1104 1522 1140 iurat.

62 1154 131 1192 Sic
152 1158 254 1194 enim
273 1158 364 1194 olim
384 1170 465 1194 mos
486 1158 647 1204 ferebat,
675 1164 718 1194 ut
738 1160 778 1193 in
798 1159 949 1206 templis
970 1163 1085 1204 atquc
1106 1156 1154 1193 ad
1174 1170 1259 1194 aras
1278 1155 1375 1197 καθ’
1401 1156 1523 1210 ἱερῶν

62 1213 250 1249 iurarent.
299 1212 395 1251 Vide
422 1214 553 1252 virum
583 1214 847 1252 doctissimum
875 1213 923 1250 ad
954 1213 1118 1262 Appian.
1147 1213 1311 1264 Hispan.
1347 1226 1384 1264 p.
1412 1216 1522 1256 431.

61 1267 201 1306 WEss.

175 1326 283 1365 321.
311 1325 384 1366 36.
426 1322 553 1366 Μετὰ
573 1321 650 1378 τὴν
676 1322 916 1378 ὀλιγαρχίαν
937 1320 1203 1379 ὑφηγημένον
1234 1327 1310 1378 τῆς
1331 1321 1521 1379 πόλεως]

61 1380 163 1432 Lege
180 1377 298 1420 κατά.
335 1380 468 1430 Neque
489 1383 594 1420 enim
625 1385 801 1419 sexcenti
822 1384 908 1429 isti,
936 1385 1118 1420 restituto
1148 1384 1354 1432 populari
1344 1384 1522 1432 imperio,

62 1437 268 1488 Syracusis
290 1445 505 1487 praeerant
544 1437 740 1486 Fuerant,
761 1452 848 1476 cum
875 1451 1082 1487 paucorum
1111 1439 1331 1477 dominatus
1360 1441 1522 1487 valeret,

60 1495 264 1545 praecipua
285 1501 474 1543 potestate
495 1497 702 1541 instructi,
731 1508 836 1546 qua,
852 1495 1086 1544 reipublicae
1109 1502 1257 1534 mutata
1276 1496 1422 1543 forma,
1451 1507 1522 1534 ex·

60 1551 244 1589 ciderunt.
286 1549 396 1588 Nihil
414 1553 568 1588 clarius.
597 1551 738 1588 WVESS.

172 1607 281 1647 322.
311 1608 386 1647 47.
437 1604 548 1654 Τούς
575 1622 618 1647 τε
650 1606 692 1646 ἐκ
722 1604 1049 1659 ΠῙορςηάντίνης]
1091 1606 1179 1645 Vid.
1202 1607 1246 1647 L.
1277 1606 1352 1645 XI.
1373 1609 1446 1648 78.
1481 1614 1521 1645 et

57 1662 165 1701 XIV.
183 1666 254 1704 78.
282 1662 471 1701 Videntur
489 1672 614 1701 autem
628 1663 865 1715 Morgantini
883 1671 992 1701 tanto
1013 1665 1187 1713 cupidius
1201 1664 1250 1701 ad
1270 1663 1522 1715 Agathoclem

61 1734 144 1758 sese
166 1720 412 1767 adiunxisse,
443 1720 544 1770 quod
577 1734 662 1757 eum
696 1722 768 1758 sibi
791 1728 1004 1769 praetorem
1032 1727 1070 1757 et
1097 1720 1230 1758 ducem
1262 1728 1377 1758 antea
1407 1723 1520 1770 inpo-

59 1784 216 1816 suerant
235 1777 309 1826 ipsi
337 1776 438 1826 apud
459 1777 596 1813 lustin.
621 1776 664 1814 L.
686 1776 820 1815 XXII.
841 1779 883 1816 2.
927 1776 1021 1813 Mox
1047 1776 1293 1814 doctissimus
1322 1776 1518 1826 Interpres

58 1832 128 1873 καὶ
160 1829 258 1878 τοὺς
287 1829 400 1885 αὐτῷ
430 1829 631 1884 πρότερον
669 1831 1039 1883 συμπορευθέντας
1068 1829 1172 1884 πρὸς
1201 1832 1520 1884 Καρχηδονίους

58 1891 200 1936 vertit,
230 1902 315 1926 cum
336 1890 439 1936 illis,
464 1890 533 1940 qui
561 1890 755 1927 adversus
779 1889 1133 1939 Carthaginienses
1163 1902 1326 1941 operam
1349 1892 1388 1927 ei
1398 1891 1519 1941 prius

56 1952 336 1985 navaverunt:
364 1944 467 1982 haud
488 1948 568 1983 scio
587 1959 637 1982 an
657 1947 768 1983 male.
799 1945 861 1982 Ex
880 1945 1032 1982 Iustino
1051 1946 1204 1994 quidem
1224 1953 1326 1983 certe
1347 1952 1515 1994 constat,

56 2000 307 2054 Agathoclem
330 2001 378 2038 ad
400 2000 771 2054 Carthaginienses,
784 2015 872 2039 cum
892 2003 1019 2051 patria
1039 2003 1152 2040 exsul
1171 2002 1317 2050 aberat,
1341 2015 1425 2040 sese
1446 2002 1517 2040 ad·

56 2060 251 2111 plicuisse.
281 2057 416 2095 WVEss.

170 2116 277 2154 322.
310 2116 383 2154 62
415 2113 488 2161 Εἷς
506 2111 553 2154 τὸ
585 2109 905 2165 Τιμολεόντιον]
935 2112 1065 2164 Nepos
1085 2112 1238 2152 Cornel.
1263 2113 1408 2154 Timol.
1429 2127 1513 2164 cap.

53 2173 123 2209 ult.
158 2170 487 2218 Timoleonteum,
516 2178 555 2208 et
583 2171 685 2209 Plut.
713 2177 885 2208 extrema
914 2173 995 2208 vita
1026 2169 1169 2208 Timol.
1202 2166 1516 2222 Τιμολεόντειον

53 2234 217 2265 vocant:
251 2241 336 2264 cum
357 2227 504 2265 Nostro
534 2228 629 2264 facit
651 2228 889 2278 Polyaenus,
920 2234 1052 2276 estque
1073 2227 1279 2264 discrimen
1300 2229 1455 2276 perleve
1477 2233 1517 2264 et

55 2287 98 2323 in
121 2290 296 2322 veterum
315 2287 468 2334 scriptis
484 2285 682 2334 frequens.
729 2283 983 2335 Sylburgium
1014 2283 1104 2323 vide
1134 2284 1183 2321 ad
1204 2285 1370 2322 Pausan.
1397 2283 1441 2321 L.
1462 2283 1513 2324 ΙΙ.

56 2354 92 2391 p.
117 2343 221 2382 171.
249 2339 385 2377 Wess.

169 2398 275 2436 322.
307 2398 380 2436 63.
415 2393 527 2443 Τοὺς
547 2395 636 2449 περὶ
651 2393 889 2447 Πείσαρχον
911 2394 979 2434 καὶ
999 2393 1162 2436 Δεκ).εά
1186 2395 1288 2448 εἴα]
1318 2395 1517 2434 inmanem

54 2452 155 2490 hanc
173 2453 372 2501 perfidiam
392 2460 430 2489 et
448 2453 712 2490 crudelitatem
735 2455 870 2503 attigit
888 2454 1003 2490 etiam
1021 2452 1242 2503 Polyaenus
1261 2452 1304 2492 L.
1327 2453 1372 2492 V.
1396 2453 1436 2492 3.
1460 2456 1515 2501 8.,

57 2510 122 2547 sed
157 2509 368 2559 Τι’σαρχον
395 2508 462 2548 καὶ
490 2507 672 2548 Διοκλέα
692 2511 918 2558 praecipuos
938 2521 988 2545 ex
1010 2510 1092 2546 illis
1125 2511 1341 2556 sexcentis,
1373 2515 1413 2545 et
1447 2522 1516 2546 ve-

55 2569 159 2614 rius,
184 2580 242 2603 me
265 2565 391 2603 iudice
402 2595 414 2613 ‚
444 2565 657 2614 adpeuans.
700 2565 744 2602 ln
765 2566 926 2614 reliquis
945 2578 1024 2602 non
1042 2578 1162 2617 usque
1184 2577 1332 2616 quaque
1351 2578 1515 2603 eonsen-

59 2626 127 2672 tit,
157 2630 200 2660 ut
229 2635 300 2659 nec
323 2621 494 2659 lustinus
518 2622 560 2659 L.
580 2620 676 2658 XX.
706 2624 774 2662 11.
796 2624 839 2661 2.
871 2621 1012 2660 Wnss.

174 2679 279 2718 322.
308 2680 380 2718 79.
412 2675 463 2717 Oi
482 2676 557 2728 μὲν
576 2675 655 2729 γὰρ
672 2675 937 2728 χαριέστατοι
957 2679 1041 2717 τῶν
1060 2679 1260 2725 πολιτῶν]
1292 2677 1394 2716 Nam
1414 2690 1515 2727 gra-

59 2735 262 2772 tiosissimi
281 2737 423 2772 civium
447 2735 652 2784 interpres.
689 2732 751 2771 'lu
772 2734 859 2771 vide
878 2741 958 2771 not.
981 2735 1022 2771 in
1053 2733 1096 2774 L
1118 2734 1189 2772 XI.
1213 2737 1288 2776 88.
1322 2735 1459 2772 wass.

172 2791 277 2830 322.
300 2793 373 2831 99.
412 2789 498 2837 Τὰς
519 2790 626 2836 ιὸιας
647 2786 841 2844 εὐπορίας
863 2787 1281 2843 ἕπανορθωσασθαι]
1315 2791 1394 2828 Imo
1414 2788 1516 2830 ἀπο-

59 2845 150 2896 ρίας
173 2842 571 2900 ἓπανορθ·ιυσασθ·.αι
599 2845 1015 2896 Srepu.Adstipu10r
1034 2846 1243 2898 Stephano.
1278 2846 1421 2885 Statim
1444 2843 1516 2886 αἰ·-
