1891 3310
435 165 500 204 IN
530 164 825 205 LlB.XVI1.
866 157 1222 210 CAP.4'4.45.1
1455 174 1543 215 169

94 274 345 332 πυρφόροις,
370 284 416 316 ut
444 290 535 316 mox
554 278 772 327 indicatur,
798 291 943 318 massas
968 281 1147 331 ingentes
1175 292 1313 331 easque
1336 283 1545 324 candentes

93 338 136 373 in
164 335 292 372 hostes
323 335 590 373 devolvebant.
626 335 712 373 Vid.
741 331 904 373 eundem
931 335 1086 376 Philon.
1106 349 1142 386 p.
1166 338 1240 377 95.
1277 338 1356 377 Sed
1376 342 1467 390 quid
1501 340 1546 380 αἱ

91 392 176 430 τῶν
206 392 330 444 κριῶν
358 386 607 443 ὃρμητηριάι
638 389 776 429 erunt?
824 391 965 440 Interp.
993 395 1166 430 arietum
1195 395 1335 444 quibus
1365 400 1545 435 concita-

93 447 241 485 bantur
260 447 411 494 funes,
432 459 511 483 non
543 447 792 484 dissentiente
812 447 943 496 Lipsio
972 449 1175 486 Poliorcet.
1195 449 1238 486 L.
1259 450 1304 488 V.
1329 455 1390 498 8.;
1420 466 1545 504 neque

93 506 191 541 male
221 505 302 550 illi,
325 505 380 541 ita
410 504 443 540 si
472 504 670 551 scripserit
689 510 835 542 auctor.
877 503 908 540 F
912 517 1020 542 ecero
1042 511 1169 541 tamen
1201 519 1287 545 cum
1318 506 1545 547 Casaubono

91 560 140 598 ad
159 561 326 596 Aeneam
345 572 380 608 p.
405 560 542 599 1797.
565 559 624 595 cd.
648 559 820 597 Gronov.
844 555 1115 612 ὃρμιστηριάς
1141 564 1366 613 corrigenti,
1393 571 1432 602 et
1450 578 1545 615 quac

89 615 305 653 mechanici
331 610 551 667 ἀρτήματα
571 617 695 667 κριῶν
724 617 919 663 vocitant,
946 618 1197 667 intelligenti.
1235 615 1547 675 Ὁρμιστηρίας,

91 674 173 709 sive
203 671 454 716 retinacula,
490 672 627 719 quibus
656 685 803 708 asseres
838 672 1146 722 suspenduntur,
1175 672 1287 714 Philo
1319 675 1436 714 habet
1465 677 1548 715 Po-

90 729 237 765 liorcet.
260 739 295 776 p.
317 728 406 775 91„
431 729 514 765 τῶν
534 728 658 780 κριῶν
677 724 900 781 ἀρτήματα
922 727 1178 779 Apollodorus
1198 729 1402 770 Polior-cet.
1423 735 1548 784 p.23.

91 791 130 821 et
150 797 187 833 p.
210 785 289 824 26.
315 790 388 822 etc.
422 782 557 820 Wssss.

207 839 310 880 194.
343 839 415 879 14.
458 840 559 884 Τοῖς
587 836 632 878 δὲ
661 834 804 890 κόραξι
834 838 903 878 καὶ
931 845 1024 887 ταῖς
1055 840 1246 895 σιδηραῖς
1270 843 1414 898 χερσὶν
1434 844 1545 898 etc.]

89 895 222 947 Iungit
249 907 388 932 corvos
416 895 635 944 ferreusque
665 908 824 944 manus,
855 896 922 933 sed
951 899 1083 934 navali
1113 901 1152 936 in
1181 902 1348 949 praelio,
1380 902 1544 952 AppIan,

86 951 182 990 Bell.
211 950 324 989 Civil.
345 951 389 989 L.
412 951 457 988 V.
479 963 517 999 p.
544 952 701 999 1159„
728 963 851 1000 neque
875 955 1051 1003 neglexit
1078 952 1231 992 Curtius
1252 955 1294 994 L.
1317 957 1380 995 lV.
1402 959 1443 999 3.
1465 959 1541 999 24.

88 1007 199 1046 Conf.
229 1007 282 1044 lo.
309 1006 523 1044 Brodaeum
552 1006 714 1044 Miscell.
742 1007 787 1047 L.
819 1007 866 1045 Π.
890 1010 962 1049 30.
995 1016 1033 1046 et
1060 1008 1116 1047 10.
1149 1010 1336 1053 Scheffer.
1367 1014 1412 1051 de
1440 1015 1542 1053 Nav.

88 1064 205 1103 Milit.
223 1063 265 1100 L.
286 1063 333 1102 11.
357 1065 397 1103 7.
425 1063 484 1100 De
504 1063 731 1118 θωρακίοις
751 1075 848 1113 quac
868 1065 951 1104 dixi
968 1065 1016 1103 ad
1036 1065 1078 1106 L.
1095 1065 1202 1104 XIV.
1227 1069 1311 1118 51„
1339 1082 1418 1108 non
1437 1078 1544 1109 muto

88 1123 329 1159 sententiam.
357 1119 493 1158 Wssss.

205 1177 306 1217 194.
340 1178 410 1217 16.
441 1171 595 1223 Πὰσας
619 1173 695 1224 τὰς
720 1173 911 1229 μηχανὰς
941 1176 1110 1232 ἒνεργεΐς
1129 1179 1368 1232 ποιοῦντες]
1402 1181 1547 1221 Omnes

88 1235 398 1285 oppugnantium
426 1233 634 1271 wzaclcinas
660 1234 871 1272 eludebant
899 1233 1054 1285 interp,
1085 1239 1194 1286 quasi
1212 1233 1435 1291 civevepyeig
1457 1253 1545 1277 cum

87 1288 184 1341 Reg.
208 1303 263 1340 pr.
294 1289 502 1341 legendum
531 1292 757 1328 censuisset.
804 1290 889 1341 Ego
910 1304 1003 1329 vcro
1032 1304 1113 1329 non
1140 1292 1277 1340 laudo,
1309 1306 1381 1331 nec
1408 1308 1546 1335 vocem

87 1353 200 1384 extra
221 1345 380 1382 Glossas
401 1345 508 1394 mihi,
538 1347 639 1394 quod
660 1347 813 1395 quidem
831 1348 1083 1395 meminerim,
1110 1361 1190 1386 non
1207 1350 1346 1388 lectam
1364 1354 1544 1402 scriptori

85 1404 250 1440 inculco.
281 1401 368 1439 Hoc
390 1403 496 1450 vult,
526 1397 669 1453 Tyrios
688 1410 1016 1455 propugnatorum
1039 1405 1216 1442 manibus
1235 1419 1366 1443 omnes
1387 1410 1545 1445 omnino

86 1458 284 1497 machinas
305 1458 567 1496 efficacissime
593 1471 818 1507 usurpasse:
848 1460 952 1509 quod
971 1462 1096 1510 ipsum
1119 1463 1308 1512 praecipit
1333 1462 1446 1501 Philo
1468 1465 1544 1501 Po-

86 1517 236 1552 liorcet.
258 1528 293 1563 p.
315 1516 389 1556 98.
418 1513 557 1568 ἐνεργῇ
581 1513 628 1554 δέ
655 1529 719 1554 σοι
738 1514 791 1555 τὰ
822 1515 923 1569 βέλη
945 1513 1083 1555 πάντα
1109 1514 1236 1566 ἔστω,
1261 1517 1330 1558 καὶ
1359 1517 1400 1559 οἷ
1425 1519 1545 1574 κριοὶ,

86 1570 155 1611 καὶ
174 1569 225 1612 τὰ
248 1567 462 1624 τρύπανα,
489 1570 556 1610 καὶ
576 1569 615 1610 οἳ
635 1567 807 1624 κόρακες
828 1579 898 1610 etc.
937 1572 1073 1610 Wssss.
1333 1567 1338 1572 ⁵

201 1629 304 1668 194.
332 1628 408 1668 23.
443 1623 702 1679 Ἐπιστήσας
732 1627 797 1667 ἐπὶ
816 1626 915 1675 τοὺς
944 1624 1224 1682 πετροβόλους
1254 1629 1541 1686 καταπέλτας]

84 1682 156 1721 Vir
175 1683 310 1721 doctus
330 1698 416 1722 cum
436 1685 666 1736 catapultas
695 1697 817 1737 super
845 1685 1030 1723 ballistas
1056 1688 1288 1724 statuisset:
1317 1699 1412 1736 quae
1430 1692 1543 1737 equi-

86 1740 173 1777 dem
190 1753 270 1778 non
293 1743 483 1791 intelligo.
516 1741 578 1777 An
596 1743 811 1790 catapultae
830 1742 994 1778 ballistis
1010 1742 1170 1779 fuerunt
1192 1743 1410 1791 inpositae?
1445 1744 1540 1783 Cras

82 1797 248 1835 fortasse
267 1797 431 1843 credam,
460 1796 573 1836 hodie
593 1809 670 1834 non
690 1799 827 1848 placet.
859 1795 922 1835 Tu
944 1804 1065 1845 verte,
1089 1812 1175 1837 cum
1193 1802 1425 1852 catapultas
1447 1814 1542 1840 con-

86 1859 154 1890 tra
177 1853 359 1890 ballistas
376 1850 628 1905 (Tyriorum)
652 1854 898 1893 collocasset.
933 1853 976 1891 ld
999 1861 1081 1892 erat
1101 1867 1150 1891 ex
1167 1867 1240 1892 usu
1259 1859 1317 1893 rei
1344 1859 1541 1906 militaris,

84 1916 130 1946 ut
148 1921 197 1945 ex
225 1908 386 1946 Philone
406 1909 497 1947 ibid.
517 1922 552 1958 p.
580 1911 684 1950 100.
719 1909 837 1947 Leon.
864 1910 958 1959 Imp.
980 1909 1128 1948 Tactic.
1148 1910 1238 1948 XV.
1259 1913 1334 1952 47.
1366 1920 1405 1950 et
1425 1914 1540 1951 huius

83 1966 151 2003 lib.
184 1978 265 2014 cap.
290 1966 361 2006 85.
390 1965 565 2012 videbis,
592 1977 717 2014 neque
744 1968 929 2017 ignorant
955 1969 1081 2006 nostri
1105 1967 1343 2017 mechanici,
1368 1972 1441 2008 etsi
1462 1971 1540 2008 alio

84 2033 188 2059 nunc
205 2020 468 2058 machinarum
486 2034 626 2071 genere
646 2023 866 2060 abutantur.
893 2022 1028 2060 WVESS.

199 2078 304 2118 194.
332 2079 409 2117 29.
436 2077 751 2131 ΙΙἸαρμαρίνους
769 2075 973 2132 τροχοὺς]
1003 2078 1120 2117 Haud
1138 2081 1218 2117 scio
1245 2092 1295 2118 an
1325 2081 1403 2119 sint
1430 2096 1542 2135 περι·

82 2129 333 2185 βαλλόμενοι
352 2133 518 2188 τροχοὶ,
548 2146 710 2182 quarum
732 2148 844 2172 usum
863 2135 975 2174 Philo
994 2136 1203 2174 Poliorcet.
1222 2150 1259 2187 p.
1283 2139 1386 2179 100.
1411 2139 1459 2175 ad
1479 2141 1541 2176 in-

81 2190 329 2241 fringendam
357 2191 524 2228 arietum
555 2192 793 2240 aliorumque
818 2193 983 2230 telorum
1002 2194 1083 2230 vim
1111 2194 1350 2231 conmendat.
1388 2193 1540 2232 Distin-

83 2248 169 2299 guit
202 2254 302 2283 certe
332 2246 486 2294 quidem
514 2243 613 2293 τοὺς
643 2244 889 2300 ἀφιεμένους
926 2245 1125 2301 τροχοὺς,
1163 2261 1256 2298 quas
1285 2251 1377 2289 alibi
1407 2265 1442 2301 p.
1467 2251 1542 2293 94.

84 2299 183 2347 τοὺς
201 2300 376 2355 τροχοὺς
395 2300 579 2355 δρέπανα
598 2300 768 2354 ἔχοντας
790 2304 1071 2354 adpellaverat,
1095 2312 1210 2356 utque
1229 2307 1270 2342 in
1294 2306 1463 2354 hostem,
1490 2320 1540 2346 ex

84 2360 225 2396 acclivi
244 2360 330 2396 loco
350 2360 505 2395 moenia
523 2359 764 2407 subeuntem,
784 2360 942 2398 devolvi
965 2367 1152 2409 oporteat,
1169 2362 1385 2400 edocuerat.
1399 2363 1538 2400 Wssss.

204 2415 308 2455 194.
342 2415 416 2454 34.
457 2413 543 2454 ,Καὶ
578 2414 726 2462 διπλᾶς
754 2414 963 2470 διφθέρας
994 2416 1293 2470 πεφυκωμένας
1323 2416 1538 2473 καταῤῥά-

83 2471 282 2520 πτοντες]
313 2469 520 2510 ΖῑἸαλακαὶ
542 2470 610 2510 καὶ
632 2470 943 2511 συνενδιδοῦσαι
962 2473 1213 2513 κατασκευαὶ
1234 2474 1346 2512 huius
1366 2476 1431 2514 lib.
1455 2489 1536 2525 cap.

84 2527 169 2566 43:
194 2527 299 2564 Alibi
331 2525 374 2565 ἐκ
403 2528 574 2579 βυρσῶν
602 2524 954 2581 περιερραμμένα,
986 2525 1122 2581 πλήρη
1145 2528 1286 2584 ἐρίων,
1314 2530 1370 2576 εἷς
1390 2528 1436 2570 τὸ
1462 2529 1539 2582 τὴν

85 2580 245 2635 πληγὴν
278 2579 483 2621 ἐνδιδόναι
511 2584 596 2623 τῶν
629 2579 866 2634 λιθοβόλων
895 2583 940 2624 L.
971 2584 1066 2621 XX.
1089 2587 1163 2626 92.
1192 2586 1428 2625 Mechanicis
1455 2602 1538 2637 μα-

85 2634 302 2691 λάγματα,
335 2641 394 2676 uti
414 2638 570 2675 Philoni
588 2639 754 2678 Poliorc.
777 2652 813 2688 p.
837 2640 913 2681 91.
939 2647 977 2678 et
997 2640 1072 2681 95.
1102 2642 1204 2686 Quid
1224 2656 1316 2681 vcro
1337 2641 1538 2696 διφθέραι

85 2691 403 2748 πεφυκωμέναις
443 2694 553 2734 Faeo
585 2695 728 2735 oblitas
755 2699 873 2734 vertit
904 2695 1228 2746 Rhodoxnannus,
1265 2698 1363 2736 nihil
1391 2699 1537 2736 addens

89 2750 135 2787 de
154 2752 244 2788 fuco
269 2752 532 2800 [figmentique
553 2753 660 2798 cius,
696 2752 796 2800 quod
819 2753 993 2801 profecto
1012 2767 1191 2805 magnum
1214 2767 1349 2803 operae
1372 2757 1536 2811 pretium

89 2807 230 2854 fuerat,
247 2809 432 2855 utilitate,
452 2820 593 2858 curque
615 2821 660 2844 eo
680 2809 844 2846 infectae
866 2810 985 2857 pelles
1007 2810 1248 2849 ballistarum
1270 2811 1411 2850 ictibus
1430 2811 1539 2848 fran-
