1859 3326
281 164 374 204 262
756 164 1278 205 ANNO'I'ATIONES

284 275 391 313 Fieri
409 275 560 324 quidem
581 283 684 315 certe
704 284 843 327 potest,
875 285 918 316 ut
938 278 1159 331 Antigonus
1178 279 1219 318 id
1239 280 1506 330 imperaverit:
1537 291 1660 330 neque
1679 286 1740 319 ta-

287 346 374 370 men
394 333 567 372 adfirmo.
604 335 735 373 wass.
1621 375 1623 377 ,

402 391 508 429 304.
534 392 608 430 22.
641 388 886 443 Ἀναγκαῖον
915 388 994 443 γὰρ
1027 383 1079 444 ἦν
1110 388 1264 438 αὐτοὺς
1285 388 1312 444 ἢ
1335 413 1384 421 —--
1411 388 1742 444 ἀποκλίναντας]

288 444 377 483 Νοη
409 448 520 495 plane
548 449 749 486 reiiculum
784 455 843 484 est
874 445 1030 496 αὐτοῖς,
1074 460 1197 499 neque
1218 451 1491 497 invenustum,
1517 450 1620 498 quod
1640 463 1744 487 nune

290 498 454 551 legitur,
488 504 602 541 modo
630 504 679 541 ad
711 507 912 553 sequentia
937 505 1141 544 referatur.
1182 505 1337 545 Maneat
1366 519 1458 558 ergo
1487 519 1556 546 sua
1577 507 1621 545 in
1638 506 1742 546 sede.

288 558 428 598 VVEss
1705 584 1709 590 ι

404 616 509 654 305.
540 615 616 654 45
653 611 850 669 Νικάνωο
880 612 901 656 ὃ
932 613 1009 669 τὴν
1037 615 1288 671 Μουνυχίαν
1310 615 1521 670 κατέχων]
1550 598 1746 657 Suffectus

292 677 377 709 erat
406 685 427 709 a
455 670 692 718 Cassandro,
730 673 901 713 nondum
923 676 1081 725 vulgata
1101 677 1220 723 patris
1240 682 1386 722 morte,
1431 676 1474 713 in
1499 674 1664 726 Menyui
1687 677 1747 717 lq-

293 741 403 775 cum,
431 735 526 764 teste
547 729 648 767 Plut.
674 728 792 768 Phoc.
816 744 850 781 p.
878 731 982 773 755.
1005 730 1048 770 F.
1089 730 1301 781 Munychia
1326 738 1467 769 natura
1497 739 1535 769 et
1566 733 1747 781 operibus

293 791 376 821 erat
395 787 568 831 munita,
598 783 874 835 Piraeeumque
896 801 1016 837 paene
1033 789 1256 839 incingebat
1282 788 1382 836 apud
1402 787 1583 827 strabon.
1605 788 1650 829 L.
1672 788 1745 830 IX.

296 853 333 890 p.
354 841 512 881 &OG-A·
541 842 617 885 Qui
634 843 790 890 quidem
810 845 1159 893 opportunissimus
1184 846 1264 881 eius
1286 847 1382 882 situs
1399 843 1629 883 Macedones
1650 859 1750 883 con-

293 901 429 944 morit,
460 904 501 936 nt
525 911 608 935 eam
628 900 819 949 praesidio
841 907 1086 950 occuparent.
1128 900 1276 939 Ferunt
1293 901 1580 952 Epimenidem,
1608 915 1748 943 emun-

296 962 377 992 ctae
407 956 511 990 nanis
542 968 694 1002 senem,
727 957 970 996 considerata
991 959 1068 995 loci
1090 960 1171 996 eius
1192 965 1357 1006 natura,
1383 958 1528 995 dixisse
1556 957 1749 1011 ἐκφαγεῖν

288 1007 541 1059 {Aequumne
561 1017 647 1058 τοῖς
670 1007 807 1053 αυτῶν
828 1011 997 1054 ὀὸοὗσιπ
1008 1041 1019 1061 ‚
1059 1013 1094 1053 εἴ
1115 1010 1267 1067 προῇὁε
1261 1029 1391 1060 ισαν,
1428 1012 1509 1053 ὅσα
1530 1012 1607 1067 την
1631 1013 1752 1056 πόλιν

296 1064 452 1106 ἀιιάσει
482 1065 528 1106 τὸ
553 1068 730 1120 χωοιόν,
767 1072 850 1109 suis
875 1070 1137 1110 Athenienses
1165 1071 1345 1109 dentibus
1369 1072 1496 1108 locum
1518 1084 1752 1122 peresuros,

294 1126 332 1162 si
347 1126 652 1175 praecederent,
681 1134 871 1176 quantam
892 1141 926 1165 23
947 1129 1170 1166 ίησοηηιοάι
1190 1127 1280 1164 mhi
1294 1129 1351 1164 sit
1368 1128 1586 1175 allaturus,
1607 1127 1750 1179 hasque

296 1181 549 1218 Macedonum
567 1183 802 1220 munitiones
824 1191 881 1223 tot
897 1186 1036 1221 seculis
1057 1191 1145 1222 ante
1168 1184 1303 1221 divino
1320 1185 1478 1235 ingenio
1504 1186 1751 1235 prospexisse

294 1236 397 1275 Plut.
419 1237 553 1278 Solon.
578 1251 615 1288 p.
643 1240 714 1280 84.
738 1239 782 1278 E.
803 1239 968 1291 Diogen.
991 1240 1117 1277 Laert.
1139 1239 1180 1277 L.
1202 1239 1230 1277 I.
1252 1241 1357 1280 114.
1380 1240 1499 1277 Recte
1517 1243 1595 1287 ille,
1616 1254 1750 1291 quam-

295 1307 410 1344 quam
446 1294 490 1332 de
525 1294 766 1333 divinatione
796 1298 875 1336 viri
895 1298 995 1346 quod
1019 1299 1129 1334 multi
1151 1304 1399 1344 asseverant,
1428 1296 1529 1335 nihil
1545 1298 1753 1338 admodum

297 1359 366 1388 cst.
408 1350 599 1401 Egregius
625 1351 858 1402 Munychiae
888 1358 984 1392 situs
1015 1353 1106 1390 haec
1136 1352 1360 1401 Epimenidi
1389 1354 1508 1391 verba
1536 1350 1751 1403 expressit:

297 1408 628 1445 animadvertebat
655 1407 806 1457 hostes,
845 1413 1074 1460 quicumque
1096 1411 1250 1447 taudem
1270 1410 1424 1457 forent,
1453 1409 1703 1461 Munychiam
1720 1413 1754 1450 si

296 1464 535 1510 insiderent,
574 1467 774 1503 civitatem
795 1466 966 1504 Atticam
996 1480 1167 1516 premere
1192 1473 1231 1504 et
1259 1474 1462 1505 conmeatu
1496 1479 1608 1515 posse
1632 1470 1755 1511 intet-

297 1520 707 1571 cludere,locun1que
738 1522 833 1560 adeo
864 1524 952 1562 urbi
981 1524 1211 1562 detrimento
1240 1523 1437 1564 futurum:
1488 1524 1590 1575 quod
1609 1531 1756 1565 etcum

297 1578 463 1617 maxime
484 1591 553 1615 suo
575 1580 675 1616 malo
694 1587 854 1627 experta
871 1580 957 1617 fuit.
982 1580 1121 1619 VVESS.

385 1635 520 1728 u{305
555 1635 628 1674 63.
667 1632 792 1676 Κατὰ
817 1633 864 1677 τὸ
901 1631 1144 1691 ὸιά7ραμμα
1172 1637 1272 1685 ete.]
1302 1635 1400 1674 Vide
1423 1649 1537 1689 supra
1559 1649 1592 1676 c.
1614 1637 1686 1679 56.
1708 1636 1756 1676 de

301 1702 358 1728 eo.
441 1701 523 1726 sss.

415 1747 521 1786 305.
552 1747 626 1786 69.
660 1743 927 1799 Κατελάβετο
957 1744 1010 1787 τὰ
1034 1747 1147 1800 τείχη
1168 1750 1244 1790 τοῦ
1262 1746 1523 1802 Πειραιέως]
1554 1748 1673 1799 Culpa
1691 1763 1758 1787 oc·-
1812 1754 1817 1757 ’

301 1806 429 1853 cupati
451 1804 601 1841 Piraeei
621 1805 662 1841 in
682 1804 916 1843 Phocionem
944 1806 1086 1842 collata
1114 1811 1191 1845 est:
1231 1806 1298 1857 qui
1317 1819 1401 1843 cum
1423 1818 1445 1843 a
1468 1804 1654 1856 Dercyllo
1674 1820 1758 1844 mo-

299 1867 474 1907 neretur,
501 1859 733 1899 Nicanorem
753 1861 932 1900 insidiari
951 1861 1124 1909 Piraeeo,
1155 1862 1333 1911 idemque
1345 1864 1571 1911 postularet,
1603 1869 1647 1901 ut
1666 1876 1758 1914 pro-

298 1917 471 1963 videret,
503 1929 550 1954 ne
574 1919 833 1956 conmeatibus
855 1920 994 1957 civitas
1017 1920 1257 1966 privaretur,
1287 1919 1466 1957 audiente
1486 1921 1650 1969 populo,
1691 1933 1760 1957 ne-

298 1981 460 2023 gaverat
483 1985 566 2009 esse
585 1975 795 2023 perieulum
808 2002 820 2021 ,
851 1986 966 2023 seque
986 1977 1068 2013 eius
1086 1977 1143 2014 rei
1165 1975 1337 2015 obsidem
1356 1976 1439 2014 fore
1462 1977 1657 2025 pollicitus
1677 1983 1760 2014 erat

299 2030 399 2080 apud
424 2029 526 2068 Plut.
552 2029 668 2069 Phoc.
690 2042 725 2078 p.
749 2033 853 2071 756.
875 2030 923 2068 D.
960 2038 998 2068 et
1022 2030 1135 2069 Corn.
1166 2031 1304 2080 Nepot.
1333 2045 1412 2083 cap.
1434 2033 1477 2075 2.
1521 2031 1580 2072 De
1609 2032 1761 2075 Piraeei

302 2087 480 2124 claustris
506 2086 558 2124 10.
583 2085 724 2125 Meurs.
750 2086 899 2126 l'iraeei
922 2100 953 2127 e.
980 2089 1020 2126 3.
1045 2090 1138 2138 agit.
1171 2087 1306 2125 Wuss.

417 2143 523 2183 306.
550 2143 622 2181 74.
663 2142 869 2182 Φωκίωνα
891 2140 964 2183 τὸν
989 2139 1170 2195 Φώκου]
1208 2142 1352 2183 Confer
1371 2143 1521 2184 Aelian.
1542 2143 1588 2182 V.
1610 2143 1759 2196 Histor.

301 2196 345 2236 L.
367 2197 412 2237 Π.
439 2201 510 2241 16.
533 2206 572 2235 et
590 2198 631 2238 L.
653 2198 745 2238 ΧΠ.
766 2200 855 2246 43..
884 2200 950 2238 ubi
971 2200 1143 2239 Phocum
1164 2197 1452 2240 &ocdvzonocbv
1479 2203 1562 2238 sive
1586 2201 1763 2239 cochlea-

301 2256 361 2291 ria
380 2255 570 2293 fabricare
590 2256 747 2294 solitum
766 2256 886 2296 fuisse
899 2256 1108 2307 significat,
1129 2256 1381 2296 dissentiente
1392 2264 1518 2295 tamen
1530 2256 1764 2297 Plut.Phoc.

303 2322 340 2361 p.
365 2312 468 2354 743.
492 2310 533 2353 C
566 2311 702 2350 WEss

418 2369 525 2410 306.
551 2369 592 2407 3.
629 2369 727 2407 Τιῖη
747 2364 828 2423 γὰρ
852 2389 900 2397 -η
923 2367 1057 2421 ᾳίλων
1079 2365 1186 2414 τινὲς
1205 2383 1394 2421 υπηρχον
1414 2367 1482 2412 καὶ
1503 2365 1543 2409 οἳ
1561 2367 1653 2423 πα]
1673 2369 1765 2409 Non

305 2420 465 2472 placet
450 2427 648 2476 υπῆοχοι,
669 2425 770 2475 quod
792 2425 946 2474 quidem
967 2427 1001 2462 si
1021 2427 1062 2463 in
1082 2427 1260 2464 exsilium
1280 2428 1367 2473 iret,
1379 2426 1640 2464 revocandum
1663 2441 1765 2465 nun-

293 2491 366 2529 qu
359 2493 417 2518 am
443 2493 652 2521 censerem.
692 2480 891 2534 Suspensa
909 2483 1012 2522 enim
1032 2483 1158 2522 oratio
1179 2495 1228 2521 ex
1247 2496 1492 2537 υπηντησαν
1514 2483 1610 2521 bene
1629 2496 1766 2532 proce-

307 2536 379 2575 dit.
406 2536 456 2574 Vi
461 2547 543 2577 Ess

427 2593 640 2633 306.13.
688 2589 878 2646 Φανερός
909 2608 961 2644 ην
991 2590 1147 2635 ἀὸικεΐν
1176 2591 1340 2645 μέλλων
1366 2590 1464 2641 τοὺς
1487 2591 1766 2647 Ἀθηναίους]

309 2647 513 2687 consentit
537 2647 779 2697 Plutarchus,
810 2661 922 2699 quem
942 2651 982 2687 in
1001 2649 1120 2690 Phoc,
1148 2652 1229 2689 vita
1248 2662 1283 2699 p.
1305 2651 1410 2691 756.
1430 2651 1477 2691 Ε.
1497 2651 1598 2689 vide.
1626 2651 1764 2693 Wnss.

426 2707 532 2746 306.
555 2707 631 2748 21.
670 2702 919 2758 Κατέῳυγον
949 2703 1052 2756 πρὸς
1079 2703 1367 2759 Ἀλέξανδρον
1386 2705 1488 2759 etc.]
1515 2705 1611 2745 Rem
1631 2709 1765 2746 diver-

309 2764 410 2799 siore
439 2762 551 2800 modo
570 2767 717 2812 gestam
748 2761 972 2799 describunt
992 2763 1096 2802 Plut.
1117 2763 1209 2802 ibid.
1232 2775 1267 2812 p.
1292 2763 1396 2803 757.
1415 2762 1460 2799 Α.
1492 2770 1531 2802 et
1550 2762 1666 2803 Corn.
1685 2764 1763 2803 Ne-

309 2831 379 2868 pos
401 2818 520 2857 Phoc.
543 2831 626 2867 cap.
650 2819 692 2857 3.
718 2817 859 2855 WVEss.
