1891 3310
201 204 253 242 iN
284 201 571 242 EXCERPTA
601 200 785 240 PHOTII
823 201 917 239 [ΑΒ.
938 201 1155 252 XXXVII.
1182 202 1410 243 xxxviii.
1447 208 1536 249 441

208 317 313 358 541.
346 318 418 357 38.
461 312 551 367 Τὴν
572 311 662 361 ἑνὸς
684 312 841 355 οῖκὲτου
866 334 913 342 -·
934 318 1054 366 χεῖρα
1077 336 1124 342 --
1147 316 1456 370 παρακαλέσαι]
1486 320 1543 359 Ita

93 373 299 411 Diodorus.
358 374 436 410 Alii
460 386 526 409 sua
547 385 682 420 manu,
717 373 783 417 alii
806 377 1097 408 concurrentem
1121 375 1263 409 mutuis
1288 376 1431 411 ictibus
1458 390 1544 415 (zum

95 433 243 467 minore
263 432 380 468 fratre
400 428 583 465 Telesino
604 428 827 465 occubuisse
851 427 1112 475 prodiderunt.
1160 428 1262 479 Lege
1293 430 1478 469 Velleium
1501 433 1542 470 is.

96 487 142 522 Η.
164 489 261 534 27.,
289 487 390 525 Piut.
413 484 524 522 Sulla
544 486 699 535 p.472.
718 484 751 522 E
774 511 789 532 ‚
810 484 975 534 Appian.
991 482 1036 523 B.
1055 482 1171 522 Civii.
1192 484 1234 522 L.
1247 485 1277 525 Ι.
1301 499 1337 536 p.
1356 489 1443 529 681
1471 496 1544 527 etc·

94 541 236 581 WEss.

210 600 312 639 511.
343 598 419 638 46.
464 593 589 636 Mac)
610 593 748 647 μέντοι
770 593 847 649 τὴν
865 591 1024 637 τούτων
1046 592 1289 650 ἀπαλλαγὴν
1313 597 1403 653 eta]
1430 600 1547 640 Haud

95 657 176 692 scio
215 669 265 693 an
300 654 430 693 Photii
454 654 680 690 liberalitati
706 666 892 702 sequens,
934 655 1068 690 civiles
1099 655 1229 691 turbas
1253 668 1371 706 usque
1392 659 1441 694 ad
1462 659 1547 695 Au-

95 720 251 763 gustum
277 711 503 757 continens,
543 711 800 757 conpendium
833 710 1032 747 debeatur:
1080 708 1245 748 Diodori
1266 714 1418 760 quidem
1444 721 1546 751 certe

97 772 227 805 omnia
264 780 343 804 non
374 773 477 803 sunt.
549 765 738 803 Perduxit
776 765 1023 804 historiarum
1063 770 1200 804 seriem
1235 769 1284 805 ad
1324 770 1546 821 Olympiad.

96 835 270 872 chxx.,
307 824 513 872 attigitque
542 835 603 859 res
632 824 673 858 in
710 822 839 859 Gallia
870 836 893 860 a
924 822 1023 859 Iulio
1054 821 1215 861 Caesare
1245 832 1395 876 gestas,
1431 829 1550 865 sicuti

98 883 251 929 scripsit
283 879 325 916 L.
343 879 369 915 Ι.
406 879 445 917 5.
504 880 587 922 Qua
616 878 747 915 eadem
784 878 938 928 Olymp.
961 889 1119 919 CLXXX.
1149 883 1367 931 Aegyptum
1387 884 1548 931 adierat,

97 945 139 974 ut
167 948 346 986 praesens
376 937 504 971 omnia
535 936 753 981 exploraret
790 942 828 971 et
860 949 988 972 rerum
1016 943 1215 986 gestarum
1254 943 1551 988 conmentarios‚

99 1006 193 1042 quos
220 994 328 1042 regia
358 991 538 1027 servabat
567 990 818 1038 bibliotheca,
856 992 1086 1039 inspiceret,
1125 993 1219 1029 ibid.
1250 1008 1285 1034 c.
1308 997 1383 1035 44.
1424 996 1552 1044 Unde,

98 1062 157 1085 me
184 1049 336 1096 quidem
363 1048 532 1094 arbitro,
571 1047 797 1096 conficitur,
826 1054 990 1084 aetatem
1010 1050 1113 1095 eius,
1144 1051 1220 1086 nisi
1249 1054 1314 1099 qui
1335 1056 1553 1102 provectis..

101 1108 257 1153 simam,
298 1107 369 1141 etsi
393 1105 499 1140 nullo
520 1103 793 1150 fundamento,
822 1103 1013 1150 effecerit,
1043 1106 1179 1142 ultima
1199 1106 1364 1157 Augusti
1394 1122 1473 1146 non
1492 1116 1552 1147 at-

98 1164 247 1212 tigisse.
303 1159 410 1196 Fieri
439 1160 590 1208 quidem
624 1167 769 1208 potest,
805 1166 871 1207 ut,
901 1161 1100 1197 occasione
1127 1162 1218 1199 belli
1238 1165 1366 1201 civilis
1385 1164 1554 1214 Sullani,

99 1216 353 1267 mzpe'xsfflotv
383 1216 574 1266 quandam
608 1217 653 1253 de
685 1217 796 1253 bellis
826 1218 906 1253 eius
927 1221 1081 1267 generis
1101 1220 1274 1255 insecuto
1296 1227 1464 1271 tempore
1486 1223 1554 1259 ad-

97 1275 328 1310 ministratis
356 1273 475 1310 fuerit
503 1285 687 1320 exorsus,
716 1286 786 1310 nec
808 1280 911 1311 certa
930 1281 1057 1310 tamen
1077 1287 1163 1323 res,
1198 1279 1383 1324 quoniam
1403 1280 1491 1316 aliis
1512 1280 1556 1317 in.

98 1331 208 1367 libris
232 1330 490 1379 digressiones
510 1331 652 1367 vitavit
677 1330 921 1378 prolixiores,
976 1330 1113 1368 Wssss.

215 1387 319 1426 541.
352 1387 423 1425 57.
465 1384 768 1436 Χὲιριζο,ιιέιίυν
790 1385 984 1425 Λεπίδου
1005 1386 1098 1437 etc.]
1147 1387 1288 1426 Everti
1311 1393 1555 1438 possessione

99 1440 421 1493 χειλιιαζοιιιὲνου,
468 1441 568 1490 quod
595 1443 817 1492 legebatur,
851 1443 1101 1480 vocabulum.
1159 1444 1432 1484 Putabimusne
1451 1462 1558 1497 vero,

99 1497 259 1537 ’ὕπατον
278 1495 409 1550 ἀρχὴν
429 1497 643 1534 Diodorum
658 1498 869 1547 adpellasse
885 1500 1113 1549 simpliciter
1124 1499 1422 1541 Triumviralem
1442 1508 1558 1544 istam

101 1553 338 1604 potentiam?
390 1555 550 1602 Semper
578 1557 659 1592 eius
688 1557 730 1591 in
759 1555 871 1592 libris
900 1554 1133 1593 Consulatus
1160 1553 1319 1605 ὕπατος
1348 1558 1453 1611 ἀρχὴ
1488 1570 1559 1610 est,

101 1624 175 1660 quo
214 1614 330 1663 longe
364 1613 588 1661 ampliorem
631 1611 709 1649 sibi
738 1621 799 1649 111.
838 1612 945 1650 viros
977 1612 1199 1651 vindicasse
1233 1628 1345 1653 nemo
1388 1619 1557 1670 ignorat.

99 1668 242 1708 wass.

217 1726 321 1765 5412.
354 1727 426 1766 67.
468 1721 558 1776 Τὴν
580 1723 689 1763 ῗδιάν
709 1719 825 1771 τάξιν
847 1723 913 1763 καὶ
933 1723 1179 1765 δυναστείαν
1204 1723 1430 1782 ἀποβεβλ]
1479 1729 1560 1767 Ne-

103 1794 177 1830 que
197 1781 313 1829 hacc,
355 1782 402 1818 ad
424 1783 557 1818 vivum
586 1782 620 1817 si
651 1787 898 1827 resecentur,
936 1794 1029 1819 vera
1050 1789 1176 1819 erunt.
1234 1785 1442 1824 Pristinam
1464 1800 1555 1825 sane

101 1841 252 1888 vigoris
285 1839 555 1874 auctoritatem
577 1839 658 1875 sive
689 1836 957 1884 δυναστείαν,
998 1845 1144 1876 mutata
1166 1842 1401 1889 reipublicae
1420 1844 1559 1892 forma,

103 1893 334 1930 Consulatus
355 1896 495 1930 amisit.
555 1893 605 1931 At
623 1888 737 1940 τάξιν
757 1906 835 1930 non
857 1894 960 1930 item.
1020 1892 1192 1934 Callidus
1212 1898 1363 1945 quidem
1381 1902 1558 1950 princeps

102 1950 273 1987 suffectis
303 1951 547 1996 consulibus,
591 1963 665 1998 quo
695 1950 871 1996 pluribus
897 1950 946 1986 ad
978 1952 1255 2000 amplissimum
1289 1958 1558 2006 magistratum

104 2007 230 2044 aditus
258 2008 379 2052 foret,
419 2008 545 2043 locuni
569 2007 694 2043 voluit
723 2019 828 2052 esse,
864 2019 936 2042 nec
958 2007 1154 2046 ordinario
1177 2016 1305 2047 tamen
1333 2012 1561 2052 Consulatui

102 2070 273 2101 veterem
291 2063 465 2099 ordinem
484 2068 522 2098 et
543 2061 728 2098 honorem
748 2064 920 2112 negavit.
977 2064 1052 2101 Adi
1081 2066 1134 2101 sis
1156 2064 1334 2104 Tacitum
1361 2068 1502 2108 Annai.
1527 2070 1560 2109 Ι.

103 2122 146 2159 2.
190 2119 310 2155 Porro
344 2118 504 2155 Photius
532 2117 592 2154 bis
624 2119 733 2166 plura
762 2119 1013 2157 adstruxerat
1046 2120 1092 2156 de
1114 2121 1327 2161 illustrium
1357 2126 1559 2175 dignitate,

102 2178 297 2224 patriciis,
337 2176 507 2212 tribunis
534 2175 678 2224 plebis,
719 2174 930 2222 dictatore,
969 2178 1125 2227 eiusque
1147 2183 1302 2229 generis
1331 2184 1440 2229 aliis,
1476 2196 1562 2232 par-

103 2236 172 2270 tim
202 2232 365 2269 Diodori
400 2237 525 2268 aetate
556 2232 671 2280 longe
700 2233 1003 2279 recentioribus,
1050 2236 1191 2282 partim
1218 2239 1346 2274 minus
1383 2246 1562 2277 accurate

104 2289 318 2336 descriptis.
371 2287 482 2334 Quae
503 2288 717 2327 ridiculum
737 2301 840 2335 esse,
871 2303 897 2326 a
921 2288 1102 2327 Diodoro
1126 2293 1443 2343 unquamfuisse
1466 2307 1564 2344 pro-

106 2347 192 2384 dita
219 2352 388 2392 putare,
427 2344 523 2380 bene
554 2343 730 2395 Scaliger
758 2347 921 2383 censuit.
973 2346 1059 2384 Illic
1090 2350 1243 2400 itaque,
1271 2352 1337 2389 ubi
1361 2359 1491 2400 erant,
1521 2367 1566 2391 ea

106 2402 258 2451 reliqui.
319 2401 459 2437 XVESS.

224 2457 327 2496 542.
358 2458 433 2496 69.
477 2452 530 2495 Οἳ
547 2455 638 2507 περὶ
658 2452 742 2499 τὸν]
754 2455 939 2506 Κίνναν]
975 2457 1048 2497 His
1069 2461 1110 2497 in
1131 2462 1262 2499 eadem
1276 2462 1562 2504 PhotiiBiino-

107 2513 219 2551 theca
241 2515 517 2563 praescriptum
537 2520 630 2558 erat,
664 2510 707 2550 ἐκ
722 2516 797 2552 τοῦ
817 2509 902 2566 perf,
936 2528 985 2552 ex
1007 2515 1260 2565 L.XLV111.‚
1291 2521 1389 2568 quod
1407 2535 1567 2571 pravum

108 2584 190 2608 esse
213 2583 274 2607 res
297 2571 378 2617 ipsa
397 2571 549 2605 clamat.
598 2567 763 2605 Diodori
790 2573 890 2607 enim
911 2570 1152 2611 Bibliotheca
1173 2576 1425 2627 quadraginta
1446 2579 1566 2616 libro-

108 2640 194 2664 rum
224 2625 368 2663 ambitu
398 2625 679 2667 absolvebatur.
739 2624 897 2663 Rectius
922 2629 1043 2665 relata
1062 2643 1085 2667 a
1107 2629 1387 2670 Rhodomanno
1405 2642 1496 2671 suut
1517 2636 1564 2673 ob

112 2685 327 2734 argumenti
347 2681 637 2718 similitudinem
657 2683 698 2718 in
718 2683 860 2719 librum
878 2683 1111 2724 XXXVIII.
1166 2687 1300 2726 VVESS.

227 2740 329 2778 542.
361 2740 433 2778 76.
470 2737 687 2777 Αιοικοῦσι
716 2734 768 2777 τὰ
803 2753 838 2778 κ.
871 2737 948 2791 τὴν
973 2736 1220 2795 ἡγεμονίαν]
1267 2744 1434 2796 Legatur
1465 2746 1567 2787 διοι-

114 2796 227 2833 κῶσι.
284 2793 420 2830 RHon.

231 2851 333 2890 542.
359 2852 431 2891 91.
472 2849 724 2903 Συγκλείσας
755 2847 905 2891 ἑαυτὸν
937 2851 994 2899 εἷς
1027 2849 1140 2895 οἷκον
1169 2852 1437 2909 νεόχριστον]
1492 2855 1567 2899 Ἐν
