1891 3310
493 181 920 215 WESSELINGII
960 182 1317 216 DEDICATIO.
1498 185 1637 220 XXXV

172 280 381 325 scripturus
408 282 509 321 erat,
539 280 733 324 ingenium
764 284 803 314 et
831 281 944 314 situm
973 279 1215 321 observaret,
1242 283 1281 314 et
1305 283 1566 324 conmentarii,
1597 284 1637 316 in

171 340 381 383 principum
408 338 692 382 civitatiumque
719 339 920 372 tabulariis
946 337 1087 379 abditi,
1117 337 1417 380 inspicerentur,
1450 349 1522 371 non
1554 341 1636 373 sine

171 397 350 440 periculis
377 398 490 439 atque
518 397 730 437 aerumnis,
771 402 813 429 ut
843 396 907 437 fit,
944 395 1067 428 obire:
1111 396 1280 428 excussit
1315 396 1470 438 insuper
1506 402 1636 431 curate

172 457 285 497 atque
320 453 358 485 in
391 451 502 485 huius
534 451 795 487 Bibliothecae
833 454 975 486 forulos
1013 453 1271 496 conportavit,
1315 451 1496 496 quidquid
1531 463 1637 496 prae-

172 511 274 543 clara
315 515 403 543 ante
439 519 544 542 suam
580 512 804 543 memoriam
842 511 997 554 ingenia
1039 520 1107 553 per
1142 510 1310 543 Orientis
1345 510 1636 555 Occidentisque

170 569 304 612 plagas
329 567 633 600 administratum
654 568 760 601 libris
780 569 1032 601 inseruerant.
1081 568 1331 608 Herodotum,
1359 566 1636 611 Thucydidem,

170 624 485 668 Xenophontem,
513 625 700 666 Ctesiam,
725 623 1068 670 Agatharchidem,
1097 626 1319 670 Polybium,
1347 634 1441 668 quos
1466 625 1636 669 integros

173 685 332 728 partim,
374 683 511 727 partim
539 682 679 715 misere
713 685 907 716 truncatos
942 682 1178 724 lectitamus,
1221 682 1432 727 praeterire
1463 691 1638 725 possum:

172 741 375 775 memorari
401 740 562 781 debent,
595 743 638 772 ut
662 741 871 773 industriae
899 739 1165 773 documentum
1191 743 1337 782 exstet,
1368 740 1636 782 Anaximenes,

172 799 333 842 Anaxis,
359 797 573 837 Antander,
605 796 831 838 Antiochus,
860 796 1048 838 Athanas,
1075 798 1234 839 Callias,
1264 796 1540 838 Callisthenes,
1567 799 1638 833 Cli-

170 854 342 896 tarchus,
369 854 618 898 Demophilus
641 854 781 899 Ephori
805 856 868 896 1⁴2,
893 855 1186 898 Dionysidorus‚
1213 856 1421 899 Dionysius
1448 855 1636 898 Milesius,

169 912 347 956 Diyllus,
381 912 516 953 Duris,
548 911 742 956 Ephorus,
776 913 1012 951 Euemerus,
1054 912 1194 945 Faqus
1219 913 1366 954 Pictor,
1404 912 1638 956 Hecataeus,

168 970 415 1011 Hellanicus,
449 970 642 1012 Hermias,
676 970 882 1011 lanibulus,
913 968 1210 1010 Laosthenides,
1245 969 1423 1014 Marsyas
1447 970 1639 1013 Pellaeus,

170 1027 328 1069 Matris,
363 1027 614 1069 Menodotus,
648 1026 840 1067 Philinus,
877 1026 1080 1068 Philistus,
1120 1025 1360 1069 Polycletus,
1397 1027 1638 1071 Posidonius,

171 1084 316 1126 Psaon,
342 1084 507 1125 Sosilus‚
540 1085 741 1126 Telestes,
772 1085 1063 1127 Theopompus,
1095 1084 1299 1124 Timaeus,
1327 1095 1485 1128 quorum
1511 1086 1556 1120 de
1581 1098 1639 1120 re-

171 1143 242 1176 bus
273 1144 393 1187 gestis
427 1143 621 1175 volumina
657 1143 754 1175 edax
794 1147 1006 1186 temporum
1044 1141 1184 1174 iniuria
1220 1142 1328 1174 nobis
1364 1143 1509 1176 invidit.
1564 1145 1638 1177 His

171 1201 237 1233 ille
260 1207 374 1244 atque
400 1201 486 1232 aliis
513 1199 669 1233 ducibus
693 1201 834 1233 seriem
860 1210 1007 1240 rerum,
1035 1208 1103 1242 per
1129 1202 1186 1231 tot
1208 1209 1323 1242 opera
1348 1199 1570 1243 dispersam,
1596 1203 1637 1235 in

172 1268 278 1291 suam
306 1268 424 1303 usque
451 1261 637 1298 aetatem,
664 1255 735 1290 hoc
760 1261 837 1298 est,
865 1258 903 1290 C.
926 1256 1011 1290 Iulii
1036 1257 1212 1289 Caesaris
1234 1257 1496 1300 principatum,
1522 1260 1637 1293 dedu-

171 1317 248 1356 xit,
287 1320 325 1349 et
347 1314 649 1355 Bibliothecam,
694 1316 732 1347 in
766 1314 834 1347 XL
860 1315 978 1348 libros
1003 1313 1254 1356 descriptam,
1299 1315 1490 1350 tricesimo
1526 1329 1639 1362 quam

173 1378 354 1417 coeperat
379 1383 478 1406 anno
506 1372 670 1405 feliciter
697 1372 872 1406 absolvit.
919 1373 1039 1417 Atque
1066 1370 1147 1412 hic,
1178 1371 1296 1405 V1n1
1322 1374 1638 1417 Anprstssnur,

172 1432 348 1464 miserari
374 1430 537 1464 hominis
563 1430 683 1462 vicem
711 1430 838 1470 soleo,
885 1429 946 1473 qui
983 1433 1127 1461 tantum
1166 1430 1365 1463 molestiae
1400 1431 1640 1477 taediosique

171 1488 335 1529 laboris,
376 1493 419 1521 ut
443 1488 552 1521 bonis
577 1487 749 1520 omnibus
775 1497 842 1531 pro
867 1486 969 1519 virili
995 1487 1232 1530 consuleret,
1273 1488 1407 1532 cupide
1433 1489 1641 1530 devorarit,

171 1556 244 1580 nec
276 1546 321 1578 ab
353 1547 507 1590 ingrata
540 1544 662 1577 dicam
695 1554 743 1577 an
778 1544 941 1578 barbara
975 1546 1201 1588 posteritate
1234 1545 1427 1589 inpetrare
1460 1549 1640 1590 potuerit,

170 1609 215 1637 ut
236 1603 534 1644 Bibliothecam,
568 1603 728 1646 publicis
753 1604 920 1647 ipsorum
947 1602 1078 1635 usibus
1102 1603 1212 1636 unice
1238 1603 1480 1647 dispositam,
1519 1606 1641 1639 illiba-

171 1666 248 1694 tam
280 1666 393 1706 atque
423 1662 612 1704 integram
646 1664 866 1694 servarent:
908 1669 1020 1703 quam
1053 1659 1203 1704 quidem
1240 1661 1487 1696 illaetabilem
1524 1665 1641 1708 negli-

171 1720 340 1764 gentiam
373 1720 443 1752 etsi
469 1719 638 1762 plerique
671 1722 844 1751 veterum
877 1718 1013 1750 merito
1046 1717 1222 1750 incusare
1257 1720 1422 1761 possint,
1468 1722 1641 1764 inprimis

171 1777 387 1817 Diodorus,
425 1778 532 1808 cuius
555 1776 672 1808 libros
698 1779 764 1807 aut
789 1774 986 1808 socordius
1011 1783 1161 1817 pessum
1186 1775 1242 1808 ire
1269 1777 1451 1819 siverunt,
1486 1784 1551 1812 aut
1576 1779 1640 1813 ssa-

171 1835 310 1878 gitiose
342 1838 380 1867 et
403 1834 565 1876 turpiter
590 1833 825 1865 mutilarunt.
881 1831 1014 1875 Longe
1044 1832 1098 1864 illi
1126 1832 1259 1874 aliter,
1302 1835 1363 1878 qui
1388 1835 1434 1867 ab
1465 1837 1547 1869 eius
1577 1847 1639 1870 ae-

172 1896 252 1924 tate
287 1892 457 1936 proxime
490 1890 687 1923 afuerunt:
733 1889 898 1933 amplexi
938 1890 1130 1923 artissime
1167 1895 1255 1922 sunt
1286 1891 1563 1926 Bibliothecam
1602 1899 1641 1928 ct

171 1948 379 1982 laudarunt
413 1949 585 1991 inpense.
645 1948 790 1981 Plinius
827 1948 922 1983 eius,
943 1951 1136 1980 auctorem
1169 1948 1271 1982 inter
1303 1949 1471 1983 Graecos
1505 1954 1641 1996 nugari

173 2006 335 2040 desiisse
361 2007 517 2041 monuit.
570 2005 736 2038 lustinus
760 2005 930 2048 Martyr,
967 2005 1084 2038 lulius
1109 2003 1329 2048 Africanus,
1365 2009 1640 2051 Tertullianus,

171 2064 381 2105 Eusebius,
417 2063 698 2107 Hieronymus,
740 2064 948 2107 Evagrius,
991 2063 1180 2106 Georgius
1205 2064 1424 2107 Syncellus,
1461 2066 1639 2101 Christia-

172 2131 382 2165 norumque
410 2121 497 2162 alii,
533 2122 685 2166 saepius
720 2131 802 2154 eam
838 2122 876 2153 in
912 2121 1110 2154 consilium
1144 2122 1348 2161 miserunt,
1390 2125 1640 2168 aptissimam,

173 2179 284 2212 sicuti
317 2182 398 2219 est,
440 2180 584 2222 opinati
620 2178 669 2211 ad
703 2183 914 2222 temporum
945 2178 1115 2211 ordinem
1143 2188 1188 2211 ex
1216 2189 1306 2212 vero
1333 2182 1638 2216 constituendum

172 2242 286 2281 atque
315 2236 517 2269 absurdam
542 2238 837 2281 Aegyptiorum,
869 2236 1123 2277 Phoenicum,
1156 2234 1433 2270 Chaldaeorum
1462 2243 1500 2271 et
1523 2239 1639 2274 Grae-

146 2323 147 2326 ,
173 2303 302 2327 corum
330 2292 580 2338 Theologiam
605 2292 907 2338 cognoscendam
937 2296 975 2325 et
1003 2293 1310 2327 convellendam:
1354 2305 1425 2329 nec
1451 2297 1526 2330 alia
1554 2302 1640 2341 post

171 2352 426 2384 instauratum
450 2351 645 2386 literarum
670 2352 708 2383 in
734 2352 887 2394 Europa
913 2350 1052 2383 cultum
1077 2351 1346 2384 eruditioribus
1366 2363 1474 2387 mens
1496 2359 1536 2388 et
1557 2366 1639 2389 sen-

172 2409 306 2443 tentia.
365 2407 509 2447 Quotus
544 2411 643 2443 enim
675 2410 833 2453 quisque
860 2418 906 2441 ex
933 2409 1034 2440 omni
1062 2408 1270 2442 doctiorum
1299 2410 1430 2444 ordine
1458 2418 1636 2456 repertus

175 2470 254 2507 est,
292 2466 354 2510 qui
379 2464 488 2498 huius
512 2468 694 2500 auxilium
719 2467 766 2500 ad
793 2467 904 2510 prisci
941 2466 1025 2499 aeri
1058 2476 1120 2498 res
1153 2467 1405 2510 explorandas
1438 2469 1638 2514 lucemque

174 2524 345 2558 obscuris
375 2523 668 2567 praeferendam
694 2523 931 2568 neglexerit?
978 2524 1086 2567 Ipsae
1115 2525 1312 2557 versiones
1337 2534 1359 2557 a
1385 2525 1530 2571 Poggio
1555 2529 1639 2562 1³10-

173 2583 347 2622 rentino,
374 2582 503 2614 Aenea
528 2580 680 2624 Sylvio,
704 2582 848 2625 Angelo
876 2585 1008 2624 Cospo,
1036 2580 1167 2614 Marco
1194 2581 1387 2625 lloppero,
1411 2582 1639 2618 Sebastiano

173 2640 425 2677 Castellione‚
460 2639 699 2682 quantumvis
726 2649 795 2672 nec
822 2639 1020 2682 eleganter
1043 2648 1111 2670 nec
1133 2637 1301 2672 fideliter
1322 2649 1547 2683 expressae,
1583 2653 1640 2675 ar-

174 2700 355 2741 gumento
381 2696 553 2736 fuerunt,
588 2695 697 2728 avide
727 2696 918 2739 extemplo
944 2695 1115 2738 direptae
1143 2699 1181 2728 et
1206 2696 1476 2730 iucundissime
1503 2698 1639 2731 lectae.

175 2755 235 2788 De
262 2754 441 2795 Graecis,
475 2753 640 2797 genuino
673 2752 833 2786 Diodori
866 2762 1061 2794 sermone,
1105 2753 1194 2798 quid
1225 2752 1368 2786 multa?
1415 2755 1639 2788 Vincentius

177 2813 418 2858 Opsopoeus,
454 2812 494 2845 in
520 2810 579 2845 his
603 2811 728 2845 literis
754 2809 855 2845 haud
878 2811 1121 2856 negligenter
1144 2815 1339 2850 versatuS,
1367 2812 1505 2857 exigua
1529 2818 1638 2858 parte

1260 2878 1280 2900 c
1302 2868 1326 2901 2
