1891 3310
309 182 374 222 IN
403 177 753 222 EXCERPTA
782 178 862 219 or:
895 156 1058 218 viar.
1099 178 1179 218 ET
1215 179 1330 221 vir.
1460 183 1552 224 437

89 299 162 337 illa
184 297 346 336 Romuli
356 297 500 348 proles
519 297 694 334 assiduis
713 294 938 341 venatibus,
966 307 1037 332 nee
1058 295 1187 332 mimas
1208 293 1433 345 agrestibus
1454 307 1544 344 ope-

85 357 196 393 ribus
220 356 473 400 exercitam,
493 352 996 403 firmissimispraevaluit
1011 351 1257 402 corporibus,
1286 365 1336 388 (ιο
1359 352 1543 388 militiam

85 413 197 458 belli,
225 425 310 449 cum
331 423 397 448 res
407 411 648 462 postulavit,
668 409 807 455 facile
826 410 1030 456 sustinuit,
1059 415 1102 445 ut
1123 407 1335 446 Columella
1359 409 1541 457 loquitur.

85 468 200 508 Conf.
222 468 305 507 lan.
333 468 496 504 Vlitium
518 467 565 503 ad
586 466 808 506 Nemesian.
833 464 1019 516 Cyneget.
1043 466 1201 505 v.298.
1260 464 1397 502 Wizss.

201 526 306 567 588.
334 524 405 564 51.
443 521 531 562 Διὰ
555 524 630 573 τῆς
657 519 818 574 μητρὸς
852 518 1071 571 Φιλώτας]
1118 521 1277 558 Rectius
1297 520 1397 570 apud
1419 519 1542 570 Poly-

81 582 189 620 bium
206 581 302 618 Exc.
319 592 353 629 p.
371 580 507 620 1465.
541 574 776 624 Φιλότιὸος.
832 578 875 615 Id
906 591 1025 627 prave
1042 585 1084 615 -et
1107 592 1155 615 ex
1174 578 1319 615 Nostro
1342 580 1540 627 corrigen-

81 639 193 686 dum,
222 638 322 686 quod
346 637 401 674 ibi
423 636 671 687 adiungitur,
707 631 815 674 πάνυ
835 633 913 687 γὰρ
938 633 1087 688 εὐφυὲς
1107 633 1260 687 ἐγένετο
1285 631 1392 673 κατὰ
1416 637 1540 673 τοῦτο

79 692 127 734 τὸ
150 691 388 745 πρόσωπον.
439 691 612 729 Dederat
629 690 696 730 καὶ
716 694 840 731 τοῦτο
861 691 908 732 τί·
933 688 1171 743 πρόσωπον.
1229 691 1371 728 VVEss.

197 752 301 791 588.
336 751 408 789 57.
444 747 724 802 Ὀροφέρνης]
763 748 840 785 Hic
861 756 920 786 est
940 749 1172 796 Orofernes,
1211 761 1324 797 quem
1353 747 1427 784 sibi
1456 746 1538 783 An-

78 805 221 844 tiochis
250 809 388 857 regina
416 812 780 866 su1}1)osperat‚ut
811 818 926 855 supra
953 818 1001 842 ex
1021 804 1198 842 Diodole
1228 805 1329 842 dixi:
1366 803 1468 852 quod
1501 810 1539 840 et

77 863 256 901 Zonaras
289 869 564 901 commemorat
590 862 646 916 (p.
668 862 773 903 348.
804 862 862 899 ed.
888 859 1049 913 Venet.)
1082 865 1148 910 qui
1178 861 1366 899 Demetrii
1398 860 1538 910 Syriae

75 923 180 970 regis
205 921 342 969 opibus
364 919 606 957 Ariarathem
626 933 694 970 re‹0
682 932 749 956 rno
773 921 934 968 expulit.
989 919 1087 970 Lrat
1116 917 1335 956 Demetiius
1360 919 1537 955 infensus

73 976 272 1014 Ariarathi
292 978 339 1014 ob
360 976 555 1015 fastiditas
575 977 621 1013 ab
641 975 845 1013 Ariarathe
867 979 1011 1013 sororis
1030 976 1185 1024 nuptias
1206 983 1243 1012 et
1263 977 1471 1012 amicitiam
1491 987 1537 1009 ac

75 1036 299 1071 societatem
318 1047 437 1071 suam.
496 1034 630 1081 Itaque
649 1046 804 1070 eausam
824 1032 1030 1070 Orofernis
1049 1033 1301 1069 libentissime
1322 1032 1535 1081 amplexus,

74 1090 218 1127 bellum
241 1092 377 1128 intulit
405 1089 624 1136 Ariarathi,
660 1092 724 1127 cui
744 1088 936 1126 Eumenes
956 1090 1145 1127 auxilium
1181 1089 1341 1125 ferebat.
1401 1088 1536 1124 Victus

73 1147 231 1184 tandem
248 1146 471 1186 Ariarathes
495 1145 656 1184 Romam
674 1148 873 1197 confugit,
905 1146 997 1184 Sex.
1021 1146 1118 1182 lulio
1135 1143 1297 1182 Caesare
1318 1152 1357 1182 et
1376 1143 1534 1180 Aurelio

74 1203 213 1241 Oreste
248 1202 356 1241 Coss.
391 1203 545 1254 Olymp.
563 1214 652 1241 CLV.
679 1217 782 1241 anno
806 1204 872 1253 3.‚
913 1210 958 1241 ut
978 1204 1088 1240 docet
1103 1202 1291 1252 Polybius
1326 1214 1408 1250 cap.
1429 1201 1533 1239 126.

70 1259 340 1311 Legationum.
381 1259 479 1298 Vide
499 1260 714 1299 Diodorum
732 1260 866 1312 Legat.
887 1262 963 1301 24.
984 1267 1022 1297 et
1042 1259 1230 1296 Iustinum
1254 1257 1343 1311 (lib.
1358 1255 1534 1294 XXXV.

76 1314 151 1367 1.).
184 1316 338 1356 VALES.
397 1317 508 1367 Apud
529 1316 711 1355 Photium
737 1323 777 1354 et
803 1319 900 1354 alios
927 1314 1182 1369 Ὀλοφέρνης
1213 1318 1355 1366 legitur
1376 1321 1415 1351 ct
1434 1313 1533 1350 liber

70 1373 203 1410 Iudith
225 1387 297 1411 nos
321 1374 458 1421 docet,
490 1375 610 1411 fuisse
632 1374 672 1411 id
697 1387 838 1412 nomen
862 1374 1129 1411 Orientalibus
1149 1385 1280 1421 usurp
1271 1379 1386 1410 atum.
1443 1369 1536 1406 Fuit

69 1428 135 1467 ille
152 1427 407 1484 Ὀλοφέρνης
427 1432 697 1480 supposititius
711 1459 722 1478 ,
751 1431 798 1468 ab
817 1430 1050 1469 Antiochide
1070 1429 1269 1467 Ariarathi
1289 1440 1434 1473 uxore,
1461 1439 1534 1464 an-

69 1494 224 1535 tequam
248 1489 479 1536 peperisset,
521 1491 756 1537 suppositus.
823 1488 902 1525 Sed
924 1495 1056 1536 postea
1074 1500 1160 1524 cum
1177 1488 1391 1536 peperisset
1410 1483 1534 1520 filium

19 1569 22 1573 -
68 1543 353 1590 Mithridatem,
374 1548 440 1592 qui
459 1551 498 1581 et
510 1543 730 1582 Ariarathes
751 1545 878 1582 dietus
897 1551 970 1591 est,
990 1543 1216 1582 amandatus
1240 1549 1299 1580 est
1319 1545 1360 1579 in
1374 1542 1535 1577 Ioniam.

68 1599 167 1637 Vide
190 1600 371 1638 Photium
400 1603 441 1638 in
469 1600 634 1638 Diodori
665 1601 870 1651 Excerptis
891 1616 939 1639 ex
964 1602 1049 1639 Lib.
1065 1599 1224 1638 XXXI.
1280 1599 1346 1638 Ex
1364 1612 1408 1635 eo
1430 1598 1535 1634 enim

67 1670 208 1709 magna
227 1658 272 1694 fit
290 1659 359 1694 lux
378 1657 439 1694 his
461 1658 627 1694 Diodori
648 1659 890 1710 fragmentis.
947 1659 978 1696 P
983 1669 1031 1695 A]
1036 1669 1081 1693 M

184 1716 289 1756 588.
329 1716 405 1754 62.
457 1709 622 1754 Τιι,ιόί).<
611 1716 698 1765 cov]
763 1711 842 1754 ΘΗ
808 1730 966 1765 οτιιιος
1009 1715 1153 1751 dieitur
1187 1712 1289 1763 apud
1327 1711 1535 1762 Polybium

65 1769 252 1819 Excerpt.
271 1771 395 1809 Vatic.
417 1784 452 1820 p.
463 1755 573 1811 441
564 1798 596 1818 ‚
626 1770 855 1812 Timotheus
875 1770 1057 1810 XXXll.
1084 1772 1160 1810 20.
1180 1770 1224 1810 4-

183 1827 288 1867 588.
319 1828 393 1868 64.
430 1826 518 1866 Και
538 1824 591 1866 τὰ
611 1825 734 1866 λοιπὰ
751 1822 1000 1880 τετρακόσια
1022 1822 1170 1866 domm*
1191 1826 1282 1877 eta]
1310 1824 1534 1862 Demetrius

67 1882 334 1933 Orophernem
363 1886 404 1920 in
435 1882 699 1932 Cappadociae
728 1897 914 1935 regnum,
962 1884 1116 1920 deiecto
1146 1882 1375 1929 Ariarathe,
1416 1882 1533 1918 resti-

65 1946 194 1977 tuerat
213 1939 277 1979 ἕπὶ
291 1938 440 1990 χιλίοις
458 1936 691 1988 ταλάντοις,
720 1949 764 1978 ut
781 1942 944 1990 Appian.
968 1940 1058 1991 Syr.
1079 1953 1114 1988 p.
1129 1942 1149 1980 1
1162 1941 1234 1980 89.
1252 1941 1384 1976 refert.
1426 1936 1534 1974 Hine

64 1999 244 2046 promissi
275 1999 375 2033 ratio
407 2004 575 2046 apparet.
632 1996 693 2035 De
716 1997 944 2048 Oropherne
963 1997 1232 2035 Iac.Perizon.
1250 1996 1299 2034 ad
1320 1994 1531 2034 Aelian.V.

63 2052 116 2091 H.
145 2053 228 2090 Lib.
243 2051 292 2090 ΙΙ.
315 2054 391 2093 41.
434 2053 485 2090 W
489 2064 571 2093 Ess.

182 2111 287 2150 588.
309 2111 382 2150 69.
416 2106 680 2160 Τετοακόσια
698 2105 775 2150 τά)
780 2125 885 2150 αντα
907 2125 1011 2164 nane
1006 2107 1116 2151 ’θετο
1135 2110 1385 2161 Πριηνεῦσι]
1416 2107 1532 2144 Unde

65 2173 176 2203 tanta
198 2166 244 2203 de
264 2166 541 2204 Prienensibus
559 2167 651 2204 fidei
684 2170 816 2216 opinio
846 2175 921 2205 tam
949 2169 1066 2219 longe
1099 2181 1122 2205 a
1147 2166 1389 2231 Cappadocia
1419 2163 1530 2202 sitis2

65 2223 258 2261 Nimirum
287 2229 374 2273 post
404 2230 537 2260 natum
568 2223 856 2270 Mithridatem,
897 2226 1018 2274 quiet
1042 2224 1288 2271 Ariarathes,
1317 2225 1359 2260 in
1382 2222 1531 2258 Ioniam

66 2280 296 2316 amandatus
323 2281 472 2328 fuerat,
505 2283 564 2317 uti
594 2283 637 2318 in
666 2289 760 2318 nota
789 2282 1035 2330 praecedenti
1068 2282 1263 2326 diximus,
1305 2286 1343 2316 et
1367 2280 1531 2316 Prienae

67 2337 171 2373 forte
198 2336 468 2383 habitaverat,
505 2337 608 2374 unde
639 2351 683 2375 ea
704 2337 975 2375 Prienensium
1004 2341 1046 2375 in
1074 2352 1162 2375 eum
1182 2338 1394 2374 nutricium
1419 2349 1531 2371 suum

67 2394 340 2430 benevolentia
368 2399 406 2430 et
437 2396 519 2430 eius
543 2396 585 2430 in
610 2407 675 2431 eos
695 2394 803 2432 fides
865 2395 917 2430 At
936 2393 1169 2432 Prienenses
1187 2394 1234 2431 ob
1256 2393 1296 2430 id
1318 2393 1533 2442 depositum

70 2449 212 2486 bellum
237 2451 340 2498 passi
370 2456 462 2486 sunt
490 2451 536 2487 ab
558 2451 783 2498 Ariarathe,
813 2449 1077 2501 Cappadociae
1095 2465 1150 2488 re‹
1140 2464 1211 2502 re,
1243 2456 1282 2488 et
1305 2451 1462 2496 Attalo,
1490 2453 1534 2484 ut

71 2506 185 2544 docet
205 2504 422 2556 Polybius
412 2520 453 2543 ιη
469 2507 699 2557 fragmentis
719 2522 752 2557 p.
769 2509 905 2548 1470.
966 2509 1017 2545 P.-
1014 2518 1099 2546 [Μ.

106 2564 109 2567 ⁴
187 2563 292 2603 588-
324 2564 396 2602 76-
428 2559 538 2613 Ἁμα
558 2561 634 2614 μὲν
655 2562 722 2602 διὰ
741 2579 816 2615 την
833 2561 1133 2617 χρηστότητα]
1162 2563 1269 2601 Haec
1291 2563 1373 2600 fere
1396 2561 1534 2598 iisdem

69 2619 202 2657 verbis
224 2620 407 2670 leguntur
436 2623 477 2656 in
498 2619 702 2670 Excerptis
731 2621 894 2671 Georgii
912 2621 1111 2670 Syncelli,
1152 2633 1248 2669 quae
1271 2619 1446 2668 Scaliger
1464 2630 1532 2664 pro

69 2675 302 2713 Eusebianis
321 2676 442 2713 edidit
465 2690 501 2725 p.
519 2677 591 2716 54.
633 2676 783 2714 VALEs.
840 2678 992 2725 inspice
1014 2681 1140 2727 ipsum
1161 2677 1385 2727 Syneellum
1408 2674 1531 2709 Chro-

72 2731 258 2782 nograph.
278 2745 302 2781 p
327 2734 434 2773 226.
456 2733 515 2772 ed.
538 2734 672 2770 Venet.
696 2741 732 2770 et
750 2733 957 2785 Polybium
976 2734 1222 2786 Leg.cxlll.,
1251 2733 1353 2770 unde
1378 2732 1437 2768 his
1448 2729 1529 2766 Ex-

73 2790 217 2839 cerptis
236 2788 337 2826 haud
358 2792 500 2841 exigua
521 2792 589 2835 lux
605 2790 789 2841 adfulget.
847 2790 988 2828 Wffis.

193 2845 298 2888 588·
325 2847 403 2887 92.
432 2843 525 2888 “On
548 2847 789 2900 Προυσίας]
830 2848 965 2886 Plures
985 2848 1142 2886 fuerunt
1156 2846 1329 2891 Prusiae,
1354 2842 1424 2880 sed
1446 2844 1533 2887 iste,
