<?xml version="1.0" encoding="UTF-8"?>
<!DOCTYPE html PUBLIC "-//W3C//DTD XHTML 1.0 Transitional//EN"
    "http://www.w3.org/TR/xhtml1/DTD/xhtml1-transitional.dtd">
<html xmlns="http://www.w3.org/1999/xhtml" xml:lang="en" lang="en">
 <head>
  <title>
</title>
<meta http-equiv="Content-Type" content="text/html;charset=utf-8" />
  <meta name='ocr-system' content='tesseract 3.04.00' />
  <meta name='ocr-capabilities' content='ocr_page ocr_carea ocr_par ocr_line ocrx_word'/>
</head>
<body>
  <div class='ocr_page' id='page_1' title='image "./bibliothecahisto05dioduoft_0548.png"; bbox 0 0 1859 3326; ppageno 0'>
   <div class='ocr_carea' id='block_1_1' title="bbox 269 190 1265 247">
    <p class='ocr_par' dir='ltr' id='par_1_1' title="bbox 269 190 1265 247">
     <span class='ocr_line' id='line_1_1' title="bbox 269 190 1265 247; baseline 0.01 -14"><span class='ocrx_word' id='word_1_1' title='bbox 269 190 361 240; x_wconf 68' lang='lat'>536</span> <span class='ocrx_word' id='word_1_2' title='bbox 731 194 1265 247; x_wconf 65' lang='lat' dir='ltr'>ANNOTATIONES</span> 
     </span>
    </p>
   </div>
   <div class='ocr_carea' id='block_1_2' title="bbox 266 305 1750 2914">
    <p class='ocr_par' dir='ltr' id='par_1_2' title="bbox 270 305 1739 915">
     <span class='ocr_line' id='line_1_2' title="bbox 270 305 1729 366; baseline 0.004 -22"><span class='ocrx_word' id='word_1_3' title='bbox 270 305 488 358; x_wconf 81' lang='lat' dir='ltr'>Imperabat</span> <span class='ocrx_word' id='word_1_4' title='bbox 516 306 720 351; x_wconf 82' lang='lat' dir='ltr'>Messeniis</span> <span class='ocrx_word' id='word_1_5' title='bbox 745 305 1037 366; x_wconf 44' lang='lat' dir='ltr'>rex&#39;Euphaes,</span> <span class='ocrx_word' id='word_1_6' title='bbox 1086 309 1339 352; x_wconf 84' lang='lat' dir='ltr'>Conmittitur</span> <span class='ocrx_word' id='word_1_7' title='bbox 1357 321 1513 365; x_wconf 80' lang='lat' dir='ltr'>pugna,</span> <span class='ocrx_word' id='word_1_8' title='bbox 1553 321 1629 362; x_wconf 81' lang='lat' dir='ltr'>qua</span> <span class='ocrx_word' id='word_1_9' title='bbox 1647 309 1729 350; x_wconf 84' lang='lat' dir='ltr'>Eu-</span> 
     </span>
     <span class='ocr_line' id='line_1_3' title="bbox 270 363 1730 421; baseline 0.003 -19"><span class='ocrx_word' id='word_1_10' title='bbox 270 363 389 417; x_wconf 82' lang='lat' dir='ltr'>phaes</span> <span class='ocrx_word' id='word_1_11' title='bbox 417 365 599 406; x_wconf 86' lang='lat' dir='ltr'>audacius</span> <span class='ocrx_word' id='word_1_12' title='bbox 625 375 739 418; x_wconf 86' lang='lat' dir='ltr'>atque</span> <span class='ocrx_word' id='word_1_13' title='bbox 768 369 989 419; x_wconf 85' lang='lat' dir='ltr'>ardentius,</span> <span class='ocrx_word' id='word_1_14' title='bbox 1029 382 1143 421; x_wconf 88' lang='lat' dir='ltr'>quam</span> <span class='ocrx_word' id='word_1_15' title='bbox 1164 381 1297 420; x_wconf 80' lang='lat' dir='ltr'>regem</span> <span class='ocrx_word' id='word_1_16' title='bbox 1322 368 1503 417; x_wconf 73' lang='lat' dir='ltr'>decebat,</span> <span class='ocrx_word' id='word_1_17' title='bbox 1526 369 1570 408; x_wconf 86' lang='lat' dir='ltr'>in</span> <span class='ocrx_word' id='word_1_18' title='bbox 1590 367 1730 407; x_wconf 80' lang='lat' dir='ltr'>cohor.-</span> 
     </span>
     <span class='ocr_line' id='line_1_4' title="bbox 272 420 1732 475; baseline 0.005 -17"><span class='ocrx_word' id='word_1_19' title='bbox 272 429 351 459; x_wconf 83' lang='lat' dir='ltr'>tem</span> <span class='ocrx_word' id='word_1_20' title='bbox 363 420 614 474; x_wconf 80' lang='lat' dir='ltr'>Theopompi,</span> <span class='ocrx_word' id='word_1_21' title='bbox 645 426 750 475; x_wconf 84' lang='lat' dir='ltr'>regis</span> <span class='ocrx_word' id='word_1_22' title='bbox 767 424 966 474; x_wconf 82' lang='lat' dir='ltr'>Spartani,</span> <span class='ocrx_word' id='word_1_23' title='bbox 992 427 1191 472; x_wconf 82' lang='lat' dir='ltr'>invectus,</span> <span class='ocrx_word' id='word_1_24' title='bbox 1216 427 1381 464; x_wconf 86' lang='lat' dir='ltr'>vulnera</span> <span class='ocrx_word' id='word_1_25' title='bbox 1399 426 1521 463; x_wconf 80' lang='lat' dir='ltr'>multa</span> <span class='ocrx_word' id='word_1_26' title='bbox 1540 431 1578 463; x_wconf 90' lang='lat' dir='ltr'>et</span> <span class='ocrx_word' id='word_1_27' title='bbox 1596 426 1732 465; x_wconf 68' lang='lat' dir='ltr'>letalia</span> 
     </span>
     <span class='ocr_line' id='line_1_5' title="bbox 273 479 1732 534; baseline 0.003 -18"><span class='ocrx_word' id='word_1_28' title='bbox 273 480 428 527; x_wconf 82' lang='lat' dir='ltr'>accipit.</span> <span class='ocrx_word' id='word_1_29' title='bbox 487 479 729 518; x_wconf 87' lang='lat' dir='ltr'>lncrudeseit</span> <span class='ocrx_word' id='word_1_30' title='bbox 753 489 970 529; x_wconf 86' lang='lat' dir='ltr'>certamen,</span> <span class='ocrx_word' id='word_1_31' title='bbox 1009 481 1215 520; x_wconf 79' lang='lat' dir='ltr'>Messeniis</span> <span class='ocrx_word' id='word_1_32' title='bbox 1234 494 1305 531; x_wconf 88' lang='lat' dir='ltr'>pro</span> <span class='ocrx_word' id='word_1_33' title='bbox 1319 495 1412 534; x_wconf 83' lang='lat' dir='ltr'>rege</span> <span class='ocrx_word' id='word_1_34' title='bbox 1431 495 1502 520; x_wconf 87' lang='lat' dir='ltr'>suo</span> <span class='ocrx_word' id='word_1_35' title='bbox 1519 481 1732 520; x_wconf 83' lang='lat' dir='ltr'>fortissime</span> 
     </span>
     <span class='ocr_line' id='line_1_6' title="bbox 274 536 1735 588; baseline 0.002 -15"><span class='ocrx_word' id='word_1_36' title='bbox 274 537 591 587; x_wconf 77' lang='lat' dir='ltr'><strong>consistentibus,</strong></span> <span class='ocrx_word' id='word_1_37' title='bbox 622 536 825 588; x_wconf 78' lang='lat' dir='ltr'>Spartanis</span> <span class='ocrx_word' id='word_1_38' title='bbox 846 539 1021 577; x_wconf 86' lang='lat' dir='ltr'>eumdem</span> <span class='ocrx_word' id='word_1_39' title='bbox 1040 540 1118 576; x_wconf 89' lang='lat' dir='ltr'>iam</span> <span class='ocrx_word' id='word_1_40' title='bbox 1137 541 1214 577; x_wconf 88' lang='lat' dir='ltr'>iam</span> <span class='ocrx_word' id='word_1_41' title='bbox 1236 541 1419 588; x_wconf 83' lang='lat' dir='ltr'>capturis.</span> <span class='ocrx_word' id='word_1_42' title='bbox 1474 536 1576 577; x_wconf 91' lang='lat' dir='ltr'>Tum</span> <span class='ocrx_word' id='word_1_43' title='bbox 1593 536 1735 576; x_wconf 83' lang='lat' dir='ltr'>Cleon-</span> 
     </span>
     <span class='ocr_line' id='line_1_7' title="bbox 274 592 1736 647; baseline 0.003 -18"><span class='ocrx_word' id='word_1_44' title='bbox 274 594 338 630; x_wconf 82' lang='lat' dir='ltr'>nis</span> <span class='ocrx_word' id='word_1_45' title='bbox 357 592 510 642; x_wconf 87' lang='lat' dir='ltr'>Euphai</span> <span class='ocrx_word' id='word_1_46' title='bbox 528 597 748 643; x_wconf 81' lang='lat' dir='ltr'><strong>patriaeque</strong></span> <span class='ocrx_word' id='word_1_47' title='bbox 769 597 964 647; x_wconf 80' lang='lat' dir='ltr'>egregiam</span> <span class='ocrx_word' id='word_1_48' title='bbox 985 608 1141 644; x_wconf 84' lang='lat' dir='ltr'>operam</span> <span class='ocrx_word' id='word_1_49' title='bbox 1161 596 1343 645; x_wconf 82' lang='lat' dir='ltr'>navavit,</span> <span class='ocrx_word' id='word_1_50' title='bbox 1373 597 1642 647; x_wconf 84' lang='lat' dir='ltr'>irruentesque</span> <span class='ocrx_word' id='word_1_51' title='bbox 1663 594 1736 633; x_wconf 91' lang='lat' dir='ltr'>ho-</span> 
     </span>
     <span class='ocr_line' id='line_1_8' title="bbox 275 651 1739 703; baseline 0.003 -18"><span class='ocrx_word' id='word_1_52' title='bbox 275 657 355 686; x_wconf 82' lang='lat' dir='ltr'>stes</span> <span class='ocrx_word' id='word_1_53' title='bbox 383 655 421 686; x_wconf 89' lang='lat' dir='ltr'>et</span> <span class='ocrx_word' id='word_1_54' title='bbox 446 651 636 699; x_wconf 88' lang='lat' dir='ltr'>repellens</span> <span class='ocrx_word' id='word_1_55' title='bbox 657 659 696 688; x_wconf 91' lang='lat' dir='ltr'>et</span> <span class='ocrx_word' id='word_1_56' title='bbox 714 652 949 701; x_wconf 78' lang='lat' dir='ltr'>conficiens,</span> <span class='ocrx_word' id='word_1_57' title='bbox 989 666 1062 690; x_wconf 90' lang='lat' dir='ltr'>nec</span> <span class='ocrx_word' id='word_1_58' title='bbox 1084 654 1274 692; x_wconf 84' lang='lat' dir='ltr'>minorem</span> <span class='ocrx_word' id='word_1_59' title='bbox 1295 653 1580 703; x_wconf 78' lang='lat' dir='ltr'>Aristomenes,</span> <span class='ocrx_word' id='word_1_60' title='bbox 1610 653 1739 701; x_wconf 87' lang='lat' dir='ltr'>ipsum</span> 
     </span>
     <span class='ocr_line' id='line_1_9' title="bbox 281 703 1738 760; baseline 0.004 -19"><span class='ocrx_word' id='word_1_61' title='bbox 281 707 394 742; x_wconf 87' lang='lat' dir='ltr'>etiam</span> <span class='ocrx_word' id='word_1_62' title='bbox 421 703 633 755; x_wconf 84' lang='lat' dir='ltr'>Cleonnin,</span> <span class='ocrx_word' id='word_1_63' title='bbox 672 709 809 745; x_wconf 89' lang='lat' dir='ltr'>multis</span> <span class='ocrx_word' id='word_1_64' title='bbox 835 710 1064 747; x_wconf 80' lang='lat' dir='ltr'>vulneribus</span> <span class='ocrx_word' id='word_1_65' title='bbox 1091 710 1278 758; x_wconf 86' lang='lat' dir='ltr'>fractum,</span> <span class='ocrx_word' id='word_1_66' title='bbox 1318 723 1340 747; x_wconf 88' lang='lat' dir='ltr'>e</span> <span class='ocrx_word' id='word_1_67' title='bbox 1371 710 1517 760; x_wconf 88' lang='lat' dir='ltr'>praelio</span> <span class='ocrx_word' id='word_1_68' title='bbox 1544 709 1738 747; x_wconf 84' lang='lat' dir='ltr'>auferens.</span> 
     </span>
     <span class='ocr_line' id='line_1_10' title="bbox 276 760 1739 816; baseline 0.004 -19"><span class='ocrx_word' id='word_1_69' title='bbox 276 760 423 799; x_wconf 85' lang='lat' dir='ltr'>Praelii</span> <span class='ocrx_word' id='word_1_70' title='bbox 443 764 621 801; x_wconf 82' lang='lat' dir='ltr'>meminit</span> <span class='ocrx_word' id='word_1_71' title='bbox 639 763 851 803; x_wconf 79' lang='lat' dir='ltr'>Pausanias</span> <span class='ocrx_word' id='word_1_72' title='bbox 870 764 914 803; x_wconf 89' lang='lat' dir='ltr'>L.</span> <span class='ocrx_word' id='word_1_73' title='bbox 937 767 1001 805; x_wconf 86' lang='lat' dir='ltr'>lV.</span> <span class='ocrx_word' id='word_1_74' title='bbox 1034 767 1128 815; x_wconf 86' lang='lat'>10.‚</span> <span class='ocrx_word' id='word_1_75' title='bbox 1163 764 1355 804; x_wconf 88' lang='lat' dir='ltr'>Cleonnin</span> <span class='ocrx_word' id='word_1_76' title='bbox 1385 765 1531 804; x_wconf 86' lang='lat' dir='ltr'>ibidem</span> <span class='ocrx_word' id='word_1_77' title='bbox 1555 771 1594 804; x_wconf 89' lang='lat' dir='ltr'>et</span> <span class='ocrx_word' id='word_1_78' title='bbox 1625 777 1739 816; x_wconf 84' lang='lat' dir='ltr'>saepe</span> 
     </span>
     <span class='ocr_line' id='line_1_11' title="bbox 278 819 1739 874; baseline 0.004 -20"><span class='ocrx_word' id='word_1_79' title='bbox 278 819 376 855; x_wconf 85' lang='lat' dir='ltr'>alias</span> <span class='ocrx_word' id='word_1_80' title='bbox 397 831 637 870; x_wconf 82' lang='lat' dir='ltr'>memorans,</span> <span class='ocrx_word' id='word_1_81' title='bbox 669 821 716 859; x_wconf 91' lang='lat' dir='ltr'>de</span> <span class='ocrx_word' id='word_1_82' title='bbox 737 821 984 862; x_wconf 83' lang='lat' dir='ltr'>Aristomene</span> <span class='ocrx_word' id='word_1_83' title='bbox 1001 829 1132 862; x_wconf 84' lang='lat' dir='ltr'>tamen</span> <span class='ocrx_word' id='word_1_84' title='bbox 1162 836 1195 862; x_wconf 85' lang='lat' dir='ltr'>e.</span> <span class='ocrx_word' id='word_1_85' title='bbox 1215 826 1258 865; x_wconf 90' lang='grc'>6.</span> <span class='ocrx_word' id='word_1_86' title='bbox 1292 836 1330 874; x_wconf 88' lang='lat' dir='ltr'>p.</span> <span class='ocrx_word' id='word_1_87' title='bbox 1352 823 1463 865; x_wconf 84' lang='lat'>294.</span> <span class='ocrx_word' id='word_1_88' title='bbox 1493 822 1739 862; x_wconf 84' lang='lat' dir='ltr'>dissentiens.</span> 
     </span>
     <span class='ocr_line' id='line_1_12' title="bbox 278 874 418 915; baseline -0.014 -3"><span class='ocrx_word' id='word_1_89' title='bbox 278 874 418 915; x_wconf 77' lang='lat' dir='ltr'>WEss,</span> 
     </span>
    </p>

    <p class='ocr_par' dir='ltr' id='par_1_3' title="bbox 277 928 1745 1269">
     <span class='ocr_line' id='line_1_13' title="bbox 393 928 1743 992; baseline 0.002 -20"><span class='ocrx_word' id='word_1_90' title='bbox 393 932 499 974; x_wconf 84' lang='grc'><strong>638.</strong></span> <span class='ocrx_word' id='word_1_91' title='bbox 524 933 603 974; x_wconf 79' lang='lat'>44.</span> <span class='ocrx_word' id='word_1_92' title='bbox 634 928 861 991; x_wconf 73' lang='grc' dir='ltr'><em>Ὁπότερος</em></span> <span class='ocrx_word' id='word_1_93' title='bbox 880 935 922 977; x_wconf 78' lang='grc' dir='ltr'>ἓν</span> <span class='ocrx_word' id='word_1_94' title='bbox 942 933 1112 992; x_wconf 69' lang='grc' dir='ltr'><em>ἀριθμῷ</em></span> <span class='ocrx_word' id='word_1_95' title='bbox 1132 938 1217 977; x_wconf 83' lang='grc' dir='ltr'>τῶν</span> <span class='ocrx_word' id='word_1_96' title='bbox 1240 934 1376 991; x_wconf 81' lang='grc' dir='ltr'><em>ἀναιρ.</em></span> <span class='ocrx_word' id='word_1_97' title='bbox 1397 933 1604 991; x_wconf 75' lang='grc' dir='ltr'>προτερεῖ]</span> <span class='ocrx_word' id='word_1_98' title='bbox 1628 933 1743 976; x_wconf 80' lang='lat' dir='ltr'>Dixit</span> 
     </span>
     <span class='ocr_line' id='line_1_14' title="bbox 277 984 1741 1047; baseline 0.005 -24"><span class='ocrx_word' id='word_1_99' title='bbox 277 984 474 1026; x_wconf 82' lang='lat' dir='ltr'>Diodorus</span> <span class='ocrx_word' id='word_1_100' title='bbox 495 996 707 1045; x_wconf 74' lang='grc' dir='ltr'><em>προτερεῖν</em></span> <span class='ocrx_word' id='word_1_101' title='bbox 734 992 776 1033; x_wconf 75' lang='grc' dir='ltr'>ἐν</span> <span class='ocrx_word' id='word_1_102' title='bbox 795 999 888 1042; x_wconf 77' lang='grc' dir='ltr'><em>ταῖς</em></span> <span class='ocrx_word' id='word_1_103' title='bbox 919 991 1168 1047; x_wconf 67' lang='grc' dir='ltr'>εὐκινησίαις</span> <span class='ocrx_word' id='word_1_104' title='bbox 1196 992 1237 1034; x_wconf 77' lang='grc' dir='ltr'>ἐν</span> <span class='ocrx_word' id='word_1_105' title='bbox 1269 999 1357 1041; x_wconf 77' lang='grc' dir='ltr'><em>τοῖς</em></span> <span class='ocrx_word' id='word_1_106' title='bbox 1387 993 1582 1046; x_wconf 70' lang='grc' dir='ltr'><em>διωγμοῖς</em></span> <span class='ocrx_word' id='word_1_107' title='bbox 1609 993 1651 1032; x_wconf 91' lang='lat' dir='ltr'>L.</span> <span class='ocrx_word' id='word_1_108' title='bbox 1671 992 1741 1030; x_wconf 78' lang='grc' dir='ltr'><strong>ΙΙΙ.</strong></span> 
     </span>
     <span class='ocr_line' id='line_1_15' title="bbox 279 1045 1742 1105; baseline 0.002 -22"><span class='ocrx_word' id='word_1_109' title='bbox 279 1045 378 1092; x_wconf 78' lang='grc'><strong>49.,</strong></span> <span class='ocrx_word' id='word_1_110' title='bbox 409 1046 511 1093; x_wconf 89' lang='lat' dir='ltr'>quod</span> <span class='ocrx_word' id='word_1_111' title='bbox 532 1048 695 1097; x_wconf 89' lang='lat' dir='ltr'>probare</span> <span class='ocrx_word' id='word_1_112' title='bbox 715 1062 796 1088; x_wconf 91' lang='lat' dir='ltr'>non</span> <span class='ocrx_word' id='word_1_113' title='bbox 815 1049 950 1105; x_wconf 65' lang='lat' dir='ltr'>potili.f</span> <span class='ocrx_word' id='word_1_114' title='bbox 990 1050 1097 1089; x_wconf 85' lang='lat' dir='ltr'>Haec</span> <span class='ocrx_word' id='word_1_115' title='bbox 1118 1050 1302 1089; x_wconf 84' lang='lat' dir='ltr'>videntur</span> <span class='ocrx_word' id='word_1_116' title='bbox 1323 1051 1513 1088; x_wconf 83' lang='lat' dir='ltr'>auxilium</span> <span class='ocrx_word' id='word_1_117' title='bbox 1532 1050 1613 1090; x_wconf 83' lang='lat' dir='ltr'>illis</span> <span class='ocrx_word' id='word_1_118' title='bbox 1636 1050 1742 1089; x_wconf 82' lang='lat' dir='ltr'>ferre</span> 
     </span>
     <span class='ocr_line' id='line_1_16' title="bbox 280 1105 1744 1156; baseline 0.004 -19"><span class='ocrx_word' id='word_1_119' title='bbox 280 1108 368 1150; x_wconf 86' lang='lat' dir='ltr'>apta</span> <span class='ocrx_word' id='word_1_120' title='bbox 390 1115 472 1139; x_wconf 78' lang='lat' dir='ltr'>esse</span> <span class='ocrx_word' id='word_1_121' title='bbox 494 1110 532 1141; x_wconf 87' lang='lat' dir='ltr'>et</span> <span class='ocrx_word' id='word_1_122' title='bbox 550 1107 849 1147; x_wconf 86' lang='lat' dir='ltr'>aeeonmodata:</span> <span class='ocrx_word' id='word_1_123' title='bbox 892 1122 965 1147; x_wconf 88' lang='lat' dir='ltr'>nec</span> <span class='ocrx_word' id='word_1_124' title='bbox 983 1115 1089 1145; x_wconf 86' lang='lat' dir='ltr'>muto</span> <span class='ocrx_word' id='word_1_125' title='bbox 1111 1114 1241 1145; x_wconf 82' lang='lat' dir='ltr'>tamen</span> <span class='ocrx_word' id='word_1_126' title='bbox 1259 1109 1502 1145; x_wconf 87' lang='lat' dir='ltr'>sententiam.</span> <span class='ocrx_word' id='word_1_127' title='bbox 1551 1105 1612 1144; x_wconf 87' lang='lat' dir='ltr'>Ibi</span> <span class='ocrx_word' id='word_1_128' title='bbox 1631 1118 1744 1156; x_wconf 87' lang='lat' dir='ltr'>repe-</span> 
     </span>
     <span class='ocr_line' id='line_1_17' title="bbox 278 1160 1745 1214; baseline 0.006 -21"><span class='ocrx_word' id='word_1_129' title='bbox 278 1160 354 1195; x_wconf 86' lang='lat' dir='ltr'>tita</span> <span class='ocrx_word' id='word_1_130' title='bbox 371 1163 606 1210; x_wconf 78' lang='lat' dir='ltr'>praepositio</span> <span class='ocrx_word' id='word_1_131' title='bbox 626 1163 889 1214; x_wconf 81' lang='lat' dir='ltr'>ingratissima</span> <span class='ocrx_word' id='word_1_132' title='bbox 907 1165 1071 1213; x_wconf 82' lang='lat' dir='ltr'>accidit,</span> <span class='ocrx_word' id='word_1_133' title='bbox 1107 1177 1204 1214; x_wconf 89' lang='lat' dir='ltr'>quae</span> <span class='ocrx_word' id='word_1_134' title='bbox 1230 1163 1294 1202; x_wconf 86' lang='lat' dir='ltr'>hie</span> <span class='ocrx_word' id='word_1_135' title='bbox 1323 1163 1561 1201; x_wconf 84' lang='lat' dir='ltr'>abundantia</span> <span class='ocrx_word' id='word_1_136' title='bbox 1579 1162 1745 1213; x_wconf 83' lang='lat' dir='ltr'>quadam</span> 
     </span>
     <span class='ocr_line' id='line_1_18' title="bbox 280 1218 1063 1269; baseline 0.01 -19"><span class='ocrx_word' id='word_1_137' title='bbox 280 1218 471 1253; x_wconf 85' lang='lat' dir='ltr'>sermonis</span> <span class='ocrx_word' id='word_1_138' title='bbox 492 1220 592 1255; x_wconf 86' lang='lat' dir='ltr'>tueri</span> <span class='ocrx_word' id='word_1_139' title='bbox 612 1232 695 1257; x_wconf 90' lang='lat' dir='ltr'>sese</span> <span class='ocrx_word' id='word_1_140' title='bbox 714 1223 869 1269; x_wconf 86' lang='lat' dir='ltr'>poterit.</span> <span class='ocrx_word' id='word_1_141' title='bbox 927 1222 1063 1260; x_wconf 67' lang='lat' dir='ltr'>wass.</span> 
     </span>
    </p>

    <p class='ocr_par' dir='ltr' id='par_1_4' title="bbox 266 1271 1750 2914">
     <span class='ocr_line' id='line_1_19' title="bbox 398 1271 1744 1331; baseline 0.002 -18"><span class='ocrx_word' id='word_1_142' title='bbox 398 1274 503 1314; x_wconf 79' lang='lat'>638.</span> <span class='ocrx_word' id='word_1_143' title='bbox 547 1277 621 1315; x_wconf 84' lang='lat'>67.</span> <span class='ocrx_word' id='word_1_144' title='bbox 668 1275 946 1331; x_wconf 73' lang='grc' dir='ltr'><em>Παραλαβὼν</em></span> <span class='ocrx_word' id='word_1_145' title='bbox 980 1277 1022 1317; x_wconf 73' lang='grc' dir='ltr'>ἓν</span> <span class='ocrx_word' id='word_1_146' title='bbox 1059 1274 1171 1330; x_wconf 75' lang='grc' dir='ltr'><em>μέρει</em></span> <span class='ocrx_word' id='word_1_147' title='bbox 1212 1273 1287 1316; x_wconf 80' lang='grc' dir='ltr'>τὸν</span> <span class='ocrx_word' id='word_1_148' title='bbox 1326 1271 1450 1329; x_wconf 75' lang='grc' dir='ltr'><em>λόγον</em></span> <span class='ocrx_word' id='word_1_149' title='bbox 1489 1272 1744 1330; x_wconf 74' lang='grc' dir='ltr'><em>Ἀριστομέ-</em></span> 
     </span>
     <span class='ocr_line' id='line_1_20' title="bbox 281 1329 1746 1382; baseline 0.003 -16"><span class='ocrx_word' id='word_1_150' title='bbox 281 1329 383 1379; x_wconf 59' lang='grc' dir='ltr'>της]</span> <span class='ocrx_word' id='word_1_151' title='bbox 426 1329 471 1367; x_wconf 94' lang='lat' dir='ltr'>In</span> <span class='ocrx_word' id='word_1_152' title='bbox 492 1331 742 1372; x_wconf 85' lang='lat' dir='ltr'>Messeniaeis</span> <span class='ocrx_word' id='word_1_153' title='bbox 760 1336 1021 1372; x_wconf 83' lang='lat' dir='ltr'>Aristomenis</span> <span class='ocrx_word' id='word_1_154' title='bbox 1041 1336 1192 1372; x_wconf 85' lang='lat' dir='ltr'>illustre</span> <span class='ocrx_word' id='word_1_155' title='bbox 1213 1346 1354 1371; x_wconf 88' lang='lat' dir='ltr'>nomen</span> <span class='ocrx_word' id='word_1_156' title='bbox 1375 1340 1455 1382; x_wconf 88' lang='lat' dir='ltr'>est,</span> <span class='ocrx_word' id='word_1_157' title='bbox 1492 1333 1652 1372; x_wconf 86' lang='lat' dir='ltr'>dubium</span> <span class='ocrx_word' id='word_1_158' title='bbox 1685 1339 1746 1371; x_wconf 83' lang='lat' dir='ltr'>ta-</span> 
     </span>
     <span class='ocr_line' id='line_1_21' title="bbox 280 1389 1745 1442; baseline 0.004 -20"><span class='ocrx_word' id='word_1_159' title='bbox 280 1397 370 1422; x_wconf 88' lang='lat' dir='ltr'>men</span> <span class='ocrx_word' id='word_1_160' title='bbox 400 1390 526 1425; x_wconf 86' lang='lat' dir='ltr'>utrius</span> <span class='ocrx_word' id='word_1_161' title='bbox 552 1389 643 1427; x_wconf 89' lang='lat' dir='ltr'>belli</span> <span class='ocrx_word' id='word_1_162' title='bbox 672 1397 843 1441; x_wconf 86' lang='lat' dir='ltr'>tempore</span> <span class='ocrx_word' id='word_1_163' title='bbox 870 1393 1042 1438; x_wconf 80' lang='lat' dir='ltr'>vixerit,</span> <span class='ocrx_word' id='word_1_164' title='bbox 1071 1392 1211 1441; x_wconf 88' lang='lat' dir='ltr'>prioris</span> <span class='ocrx_word' id='word_1_165' title='bbox 1232 1403 1283 1428; x_wconf 88' lang='lat' dir='ltr'>an</span> <span class='ocrx_word' id='word_1_166' title='bbox 1304 1389 1554 1442; x_wconf 63' lang='lat' dir='ltr'>posterioris?</span> <span class='ocrx_word' id='word_1_167' title='bbox 1596 1389 1745 1428; x_wconf 86' lang='lat' dir='ltr'>Diodo-</span> 
     </span>
     <span class='ocr_line' id='line_1_22' title="bbox 280 1442 1746 1497; baseline -0.001 -12"><span class='ocrx_word' id='word_1_168' title='bbox 280 1453 349 1479; x_wconf 75' lang='lat' dir='ltr'>TUS</span> <span class='ocrx_word' id='word_1_169' title='bbox 383 1442 425 1481; x_wconf 76' lang='lat' dir='ltr'>L·</span> <span class='ocrx_word' id='word_1_170' title='bbox 445 1443 532 1481; x_wconf 72' lang='lat' dir='ltr'>XV·</span> <span class='ocrx_word' id='word_1_171' title='bbox 559 1447 632 1486; x_wconf 84' lang='lat'>66.</span> <span class='ocrx_word' id='word_1_172' title='bbox 657 1451 869 1497; x_wconf 87' lang='lat' dir='ltr'>posteriore</span> <span class='ocrx_word' id='word_1_173' title='bbox 891 1449 993 1486; x_wconf 89' lang='lat' dir='ltr'>bello</span> <span class='ocrx_word' id='word_1_174' title='bbox 1012 1448 1218 1487; x_wconf 87' lang='lat' dir='ltr'>Messeniis</span> <span class='ocrx_word' id='word_1_175' title='bbox 1236 1448 1449 1497; x_wconf 75' lang='lat' dir='ltr'>praefu1sse</span> <span class='ocrx_word' id='word_1_176' title='bbox 1467 1447 1637 1496; x_wconf 85' lang='lat' dir='ltr'>indicat,</span> <span class='ocrx_word' id='word_1_177' title='bbox 1672 1460 1746 1484; x_wconf 84' lang='lat' dir='ltr'>nee</span> 
     </span>
     <span class='ocr_line' id='line_1_23' title="bbox 283 1498 1746 1558; baseline 0.007 -24"><span class='ocrx_word' id='word_1_178' title='bbox 283 1498 453 1537; x_wconf 75' lang='lat' dir='ltr'>defuisse</span> <span class='ocrx_word' id='word_1_179' title='bbox 475 1507 627 1551; x_wconf 86' lang='lat' dir='ltr'>tamen,</span> <span class='ocrx_word' id='word_1_180' title='bbox 665 1506 732 1555; x_wconf 80' lang='lat' dir='ltr'>qui</span> <span class='ocrx_word' id='word_1_181' title='bbox 760 1502 834 1545; x_wconf 76' lang='grc' dir='ltr'>τὸν</span> <span class='ocrx_word' id='word_1_182' title='bbox 857 1502 1144 1558; x_wconf 70' lang='grc' dir='ltr'><em>Ἀριστομέιή</em></span> <span class='ocrx_word' id='word_1_183' title='bbox 1171 1501 1377 1557; x_wconf 69' lang='grc' dir='ltr'><em>γεγονέναι</em></span> <span class='ocrx_word' id='word_1_184' title='bbox 1401 1503 1508 1558; x_wconf 75' lang='grc' dir='ltr'><em>φασὶ</em></span> <span class='ocrx_word' id='word_1_185' title='bbox 1537 1501 1642 1544; x_wconf 79' lang='grc' dir='ltr'><em>κατὰ</em></span> <span class='ocrx_word' id='word_1_186' title='bbox 1670 1499 1746 1544; x_wconf 74' lang='grc' dir='ltr'>τὸν</span> 
     </span>
     <span class='ocr_line' id='line_1_24' title="bbox 283 1554 1746 1611; baseline 0.004 -19"><span class='ocrx_word' id='word_1_187' title='bbox 283 1554 498 1610; x_wconf 55' lang='lat' dir='ltr'>aimone-cf]</span> <span class='ocrx_word' id='word_1_188' title='bbox 530 1554 734 1611; x_wconf 73' lang='grc' dir='ltr'><em>πόλεμον,</em></span> <span class='ocrx_word' id='word_1_189' title='bbox 770 1564 796 1600; x_wconf 88' lang='lat' dir='ltr'>i.</span> <span class='ocrx_word' id='word_1_190' title='bbox 831 1576 864 1599; x_wconf 92' lang='lat' dir='ltr'>e.</span> <span class='ocrx_word' id='word_1_191' title='bbox 893 1563 996 1600; x_wconf 89' lang='lat' dir='ltr'>bello</span> <span class='ocrx_word' id='word_1_192' title='bbox 1023 1564 1150 1611; x_wconf 85' lang='lat' dir='ltr'>priore</span> <span class='ocrx_word' id='word_1_193' title='bbox 1176 1560 1428 1600; x_wconf 86' lang='lat' dir='ltr'>Messeniaco.</span> <span class='ocrx_word' id='word_1_194' title='bbox 1484 1561 1531 1600; x_wconf 82' lang='lat' dir='ltr'>In</span> <span class='ocrx_word' id='word_1_195' title='bbox 1553 1560 1616 1599; x_wconf 89' lang='lat' dir='ltr'>his</span> <span class='ocrx_word' id='word_1_196' title='bbox 1641 1566 1746 1598; x_wconf 81' lang='lat' dir='ltr'>certe</span> 
     </span>
     <span class='ocr_line' id='line_1_25' title="bbox 281 1615 1749 1670; baseline 0.006 -22"><span class='ocrx_word' id='word_1_197' title='bbox 281 1622 424 1650; x_wconf 85' lang='lat' dir='ltr'>nomen</span> <span class='ocrx_word' id='word_1_198' title='bbox 455 1615 710 1664; x_wconf 84' lang='lat' dir='ltr'>profitebatur</span> <span class='ocrx_word' id='word_1_199' title='bbox 734 1618 880 1670; x_wconf 73' lang='lat' dir='ltr'>Myron</span> <span class='ocrx_word' id='word_1_200' title='bbox 910 1619 1164 1669; x_wconf 76' lang='lat' dir='ltr'>Prienensis,</span> <span class='ocrx_word' id='word_1_201' title='bbox 1197 1630 1326 1656; x_wconf 88' lang='lat' dir='ltr'>rerum</span> <span class='ocrx_word' id='word_1_202' title='bbox 1354 1630 1400 1655; x_wconf 89' lang='lat' dir='ltr'>eo</span> <span class='ocrx_word' id='word_1_203' title='bbox 1419 1618 1520 1655; x_wconf 87' lang='lat' dir='ltr'>bello</span> <span class='ocrx_word' id='word_1_204' title='bbox 1549 1624 1749 1670; x_wconf 78' lang='lat' dir='ltr'>gestarum.</span> 
     </span>
     <span class='ocr_line' id='line_1_26' title="bbox 282 1671 1736 1726; baseline 0.004 -21"><span class='ocrx_word' id='word_1_205' title='bbox 282 1671 460 1720; x_wconf 82' lang='lat' dir='ltr'>scriptor.</span> <span class='ocrx_word' id='word_1_206' title='bbox 505 1671 542 1709; x_wconf 83' lang='lat' dir='ltr'>Is</span> <span class='ocrx_word' id='word_1_207' title='bbox 564 1673 851 1713; x_wconf 88' lang='lat' dir='ltr'>Aristomenem</span> <span class='ocrx_word' id='word_1_208' title='bbox 873 1676 1055 1714; x_wconf 84' lang='lat' dir='ltr'>historiae</span> <span class='ocrx_word' id='word_1_209' title='bbox 1075 1689 1178 1726; x_wconf 86' lang='lat' dir='ltr'>suae,</span> <span class='ocrx_word' id='word_1_210' title='bbox 1204 1681 1301 1712; x_wconf 90' lang='lat' dir='ltr'>teste</span> <span class='ocrx_word' id='word_1_211' title='bbox 1319 1673 1512 1712; x_wconf 78' lang='lat' dir='ltr'>Pausania</span> <span class='ocrx_word' id='word_1_212' title='bbox 1533 1675 1576 1714; x_wconf 89' lang='lat' dir='ltr'>L.</span> <span class='ocrx_word' id='word_1_213' title='bbox 1592 1674 1655 1714; x_wconf 89' lang='lat' dir='ltr'>1V.</span> <span class='ocrx_word' id='word_1_214' title='bbox 1682 1675 1736 1722; x_wconf 86' lang='lat'>6.‚</span> 
     </span>
     <span class='ocr_line' id='line_1_27' title="bbox 285 1728 1747 1783; baseline 0.003 -20"><span class='ocrx_word' id='word_1_215' title='bbox 285 1728 474 1776; x_wconf 83' lang='lat' dir='ltr'>inseruit,</span> <span class='ocrx_word' id='word_1_216' title='bbox 499 1729 678 1781; x_wconf 82' lang='lat' dir='ltr'>factaque</span> <span class='ocrx_word' id='word_1_217' title='bbox 700 1734 783 1771; x_wconf 90' lang='lat' dir='ltr'>eius</span> <span class='ocrx_word' id='word_1_218' title='bbox 805 1733 1020 1783; x_wconf 85' lang='lat' dir='ltr'>descripsit.</span> <span class='ocrx_word' id='word_1_219' title='bbox 1077 1732 1166 1771; x_wconf 90' lang='lat' dir='ltr'>Non</span> <span class='ocrx_word' id='word_1_220' title='bbox 1186 1731 1227 1769; x_wconf 89' lang='lat' dir='ltr'>id</span> <span class='ocrx_word' id='word_1_221' title='bbox 1249 1731 1404 1782; x_wconf 89' lang='lat' dir='ltr'>quidem</span> <span class='ocrx_word' id='word_1_222' title='bbox 1425 1732 1640 1769; x_wconf 85' lang='lat' dir='ltr'>Pausaniae</span> <span class='ocrx_word' id='word_1_223' title='bbox 1663 1732 1747 1780; x_wconf 87' lang='lat' dir='ltr'>pla-</span> 
     </span>
     <span class='ocr_line' id='line_1_28' title="bbox 285 1785 1748 1842; baseline 0.003 -23"><span class='ocrx_word' id='word_1_224' title='bbox 285 1789 370 1831; x_wconf 85' lang='lat' dir='ltr'>cet,</span> <span class='ocrx_word' id='word_1_225' title='bbox 406 1785 546 1823; x_wconf 70' lang='lat' dir='ltr'>falsum</span> <span class='ocrx_word' id='word_1_226' title='bbox 574 1789 761 1827; x_wconf 81' lang='lat' dir='ltr'>arbitrato</span> <span class='ocrx_word' id='word_1_227' title='bbox 789 1790 1018 1842; x_wconf 73' lang='lat' dir='ltr'>Myronem,</span> <span class='ocrx_word' id='word_1_228' title='bbox 1057 1789 1124 1826; x_wconf 88' lang='lat' dir='ltr'>sed</span> <span class='ocrx_word' id='word_1_229' title='bbox 1148 1791 1296 1826; x_wconf 75' lang='lat' dir='ltr'>caussis</span> <span class='ocrx_word' id='word_1_230' title='bbox 1325 1801 1460 1840; x_wconf 85' lang='lat' dir='ltr'>parum</span> <span class='ocrx_word' id='word_1_231' title='bbox 1483 1788 1748 1839; x_wconf 80' lang='lat' dir='ltr'>probantibus,</span> 
     </span>
     <span class='ocr_line' id='line_1_29' title="bbox 266 1841 1748 1894; baseline 0.004 -19"><span class='ocrx_word' id='word_1_232' title='bbox 266 1841 327 1876; x_wconf 76' lang='lat' dir='ltr'>&#39;ut</span> <span class='ocrx_word' id='word_1_233' title='bbox 347 1841 444 1878; x_wconf 86' lang='lat' dir='ltr'>bene</span> <span class='ocrx_word' id='word_1_234' title='bbox 464 1842 712 1883; x_wconf 84' lang='lat' dir='ltr'>doctissimus</span> <span class='ocrx_word' id='word_1_235' title='bbox 733 1847 772 1884; x_wconf 89' lang='lat' dir='ltr'>L.</span> <span class='ocrx_word' id='word_1_236' title='bbox 785 1846 1006 1886; x_wconf 85' lang='lat' dir='ltr'>Boivinius.</span> <span class='ocrx_word' id='word_1_237' title='bbox 1046 1845 1136 1884; x_wconf 91' lang='lat' dir='ltr'>Duo</span> <span class='ocrx_word' id='word_1_238' title='bbox 1155 1846 1314 1884; x_wconf 84' lang='lat' dir='ltr'>fuerunt</span> <span class='ocrx_word' id='word_1_239' title='bbox 1328 1846 1609 1894; x_wconf 82' lang='lat' dir='ltr'>Aristomenes,</span> <span class='ocrx_word' id='word_1_240' title='bbox 1639 1851 1748 1883; x_wconf 87' lang='lat' dir='ltr'>uter-</span> 
     </span>
     <span class='ocr_line' id='line_1_30' title="bbox 284 1898 1747 1953; baseline 0.005 -20"><span class='ocrx_word' id='word_1_241' title='bbox 284 1909 358 1945; x_wconf 78' lang='lat' dir='ltr'>que</span> <span class='ocrx_word' id='word_1_242' title='bbox 392 1900 434 1935; x_wconf 89' lang='lat' dir='ltr'>in</span> <span class='ocrx_word' id='word_1_243' title='bbox 464 1898 747 1941; x_wconf 86' lang='lat' dir='ltr'>Messeniorum</span> <span class='ocrx_word' id='word_1_244' title='bbox 778 1911 915 1942; x_wconf 87' lang='lat' dir='ltr'>contra</span> <span class='ocrx_word' id='word_1_245' title='bbox 933 1904 1148 1953; x_wconf 82' lang='lat' dir='ltr'>Spartanos</span> <span class='ocrx_word' id='word_1_246' title='bbox 1166 1903 1280 1941; x_wconf 89' lang='lat' dir='ltr'>bellis</span> <span class='ocrx_word' id='word_1_247' title='bbox 1302 1903 1614 1951; x_wconf 83' lang='lat' dir='ltr'>illustrissimus,</span> <span class='ocrx_word' id='word_1_248' title='bbox 1647 1903 1747 1941; x_wconf 82' lang='lat' dir='ltr'>alter</span> 
     </span>
     <span class='ocr_line' id='line_1_31' title="bbox 282 1956 1748 2011; baseline 0.004 -21"><span class='ocrx_word' id='word_1_249' title='bbox 282 1957 522 2004; x_wconf 81' lang='lat' dir='ltr'>posteriore,</span> <span class='ocrx_word' id='word_1_250' title='bbox 551 1959 680 2006; x_wconf 86' lang='lat' dir='ltr'>priore</span> <span class='ocrx_word' id='word_1_251' title='bbox 703 1962 805 1998; x_wconf 87' lang='lat' dir='ltr'>alter</span> <span class='ocrx_word' id='word_1_252' title='bbox 823 1956 937 1999; x_wconf 87' lang='lat' dir='ltr'>bello.</span> <span class='ocrx_word' id='word_1_253' title='bbox 982 1960 1059 1999; x_wconf 88' lang='lat' dir='ltr'>Hie</span> <span class='ocrx_word' id='word_1_254' title='bbox 1080 1973 1158 1998; x_wconf 89' lang='lat' dir='ltr'>una</span> <span class='ocrx_word' id='word_1_255' title='bbox 1177 1972 1266 1997; x_wconf 89' lang='lat' dir='ltr'>eum</span> <span class='ocrx_word' id='word_1_256' title='bbox 1283 1957 1496 1997; x_wconf 88' lang='lat' dir='ltr'>Cleonnide</span> <span class='ocrx_word' id='word_1_257' title='bbox 1516 1972 1648 2011; x_wconf 86' lang='lat' dir='ltr'>regem</span> <span class='ocrx_word' id='word_1_258' title='bbox 1666 1957 1748 1996; x_wconf 94' lang='lat' dir='ltr'>Eu-</span> 
     </span>
     <span class='ocr_line' id='line_1_32' title="bbox 286 2010 1749 2067; baseline 0.004 -21"><span class='ocrx_word' id='word_1_259' title='bbox 286 2010 422 2058; x_wconf 80' lang='lat' dir='ltr'>phaem</span> <span class='ocrx_word' id='word_1_260' title='bbox 442 2017 630 2063; x_wconf 71' lang='lat' dir='ltr'>protexit,</span> <span class='ocrx_word' id='word_1_261' title='bbox 661 2023 775 2067; x_wconf 75' lang='lat' dir='ltr'>atque</span> <span class='ocrx_word' id='word_1_262' title='bbox 797 2020 913 2055; x_wconf 88' lang='lat' dir='ltr'>etiam</span> <span class='ocrx_word' id='word_1_263' title='bbox 935 2018 980 2055; x_wconf 86' lang='lat' dir='ltr'>de</span> <span class='ocrx_word' id='word_1_264' title='bbox 1001 2019 1158 2056; x_wconf 88' lang='lat' dir='ltr'>virtutis</span> <span class='ocrx_word' id='word_1_265' title='bbox 1178 2018 1348 2066; x_wconf 82' lang='lat' dir='ltr'>praemio</span> <span class='ocrx_word' id='word_1_266' title='bbox 1368 2015 1580 2054; x_wconf 84' lang='lat' dir='ltr'>contendit.</span> <span class='ocrx_word' id='word_1_267' title='bbox 1641 2016 1749 2060; x_wconf 74' lang='lat' dir='ltr'>Quin</span> 
     </span>
     <span class='ocr_line' id='line_1_33' title="bbox 287 2066 1748 2125; baseline 0.005 -22"><span class='ocrx_word' id='word_1_268' title='bbox 287 2066 577 2120; x_wconf 81' lang='lat' dir='ltr'>Theopompum</span> <span class='ocrx_word' id='word_1_269' title='bbox 613 2072 752 2110; x_wconf 87' lang='lat' dir='ltr'>deinde</span> <span class='ocrx_word' id='word_1_270' title='bbox 779 2072 1060 2125; x_wconf 84' lang='lat' dir='ltr'>Spartanorum</span> <span class='ocrx_word' id='word_1_271' title='bbox 1087 2086 1218 2124; x_wconf 84' lang='lat' dir='ltr'>regem</span> <span class='ocrx_word' id='word_1_272' title='bbox 1240 2073 1404 2119; x_wconf 79' lang='lat' dir='ltr'>occidit,</span> <span class='ocrx_word' id='word_1_273' title='bbox 1428 2071 1563 2110; x_wconf 87' lang='lat' dir='ltr'>eodem</span> <span class='ocrx_word' id='word_1_274' title='bbox 1583 2070 1748 2123; x_wconf 84' lang='lat' dir='ltr'>Myrone</span> 
     </span>
     <span class='ocr_line' id='line_1_34' title="bbox 285 2127 1750 2182; baseline 0 -16"><span class='ocrx_word' id='word_1_275' title='bbox 285 2131 457 2166; x_wconf 64' lang='lat' dir='ltr'>auctore.</span> <span class='ocrx_word' id='word_1_276' title='bbox 516 2127 644 2179; x_wconf 71' lang='lat' dir='ltr'>,Negat</span> <span class='ocrx_word' id='word_1_277' title='bbox 663 2131 703 2167; x_wconf 81' lang='lat' dir='ltr'>id</span> <span class='ocrx_word' id='word_1_278' title='bbox 725 2133 865 2169; x_wconf 89' lang='lat' dir='ltr'>iterum</span> <span class='ocrx_word' id='word_1_279' title='bbox 896 2139 934 2168; x_wconf 88' lang='lat' dir='ltr'>et</span> <span class='ocrx_word' id='word_1_280' title='bbox 957 2131 1115 2182; x_wconf 82' lang='lat' dir='ltr'>Myroni</span> <span class='ocrx_word' id='word_1_281' title='bbox 1140 2131 1363 2178; x_wconf 82' lang='lat' dir='ltr'>obloquitur</span> <span class='ocrx_word' id='word_1_282' title='bbox 1381 2129 1612 2176; x_wconf 85' lang='lat' dir='ltr'>Pausanias,</span> <span class='ocrx_word' id='word_1_283' title='bbox 1653 2140 1750 2176; x_wconf 90' lang='lat' dir='ltr'>poe-</span> 
     </span>
     <span class='ocr_line' id='line_1_35' title="bbox 284 2183 1746 2239; baseline 0.003 -22"><span class='ocrx_word' id='word_1_284' title='bbox 284 2189 439 2231; x_wconf 68' lang='lat' dir='ltr'>tamque</span> <span class='ocrx_word' id='word_1_285' title='bbox 472 2183 639 2223; x_wconf 66' lang='lat' dir='ltr'>advocat</span> <span class='ocrx_word' id='word_1_286' title='bbox 659 2185 895 2237; x_wconf 75' lang='lat' dir='ltr'>Tyrtaeum,</span> <span class='ocrx_word' id='word_1_287' title='bbox 927 2190 993 2239; x_wconf 86' lang='lat' dir='ltr'>qui</span> <span class='ocrx_word' id='word_1_288' title='bbox 1011 2195 1143 2225; x_wconf 84' lang='lat' dir='ltr'>tamen</span> <span class='ocrx_word' id='word_1_289' title='bbox 1162 2186 1260 2224; x_wconf 88' lang='lat' dir='ltr'>nihil</span> <span class='ocrx_word' id='word_1_290' title='bbox 1277 2187 1322 2223; x_wconf 86' lang='lat' dir='ltr'>de</span> <span class='ocrx_word' id='word_1_291' title='bbox 1343 2184 1582 2235; x_wconf 83' lang='lat' dir='ltr'>Theopompi</span> <span class='ocrx_word' id='word_1_292' title='bbox 1601 2191 1746 2222; x_wconf 79' lang='lat' dir='ltr'>morte:</span> 
     </span>
     <span class='ocr_line' id='line_1_36' title="bbox 283 2237 1749 2295; baseline 0.003 -20"><span class='ocrx_word' id='word_1_293' title='bbox 283 2237 484 2276; x_wconf 77' lang='lat' dir='ltr'>Messenes</span> <span class='ocrx_word' id='word_1_294' title='bbox 513 2241 702 2280; x_wconf 77' lang='lat' dir='ltr'>duntaxat</span> <span class='ocrx_word' id='word_1_295' title='bbox 721 2257 855 2295; x_wconf 81' lang='lat' dir='ltr'>agrum</span> <span class='ocrx_word' id='word_1_296' title='bbox 878 2245 923 2281; x_wconf 83' lang='lat' dir='ltr'>ab</span> <span class='ocrx_word' id='word_1_297' title='bbox 944 2258 989 2281; x_wconf 89' lang='lat' dir='ltr'>eo</span> <span class='ocrx_word' id='word_1_298' title='bbox 1020 2250 1248 2292; x_wconf 80' lang='lat' dir='ltr'>occupatum</span> <span class='ocrx_word' id='word_1_299' title='bbox 1275 2244 1398 2291; x_wconf 81' lang='lat' dir='ltr'>canit,</span> <span class='ocrx_word' id='word_1_300' title='bbox 1437 2248 1481 2280; x_wconf 89' lang='lat' dir='ltr'>ut</span> <span class='ocrx_word' id='word_1_301' title='bbox 1512 2244 1654 2291; x_wconf 83' lang='lat' dir='ltr'>optime</span> <span class='ocrx_word' id='word_1_302' title='bbox 1684 2243 1749 2280; x_wconf 84' lang='lat' dir='ltr'>vir</span> 
     </span>
     <span class='ocr_line' id='line_1_37' title="bbox 286 2296 1747 2350; baseline 0.003 -19"><span class='ocrx_word' id='word_1_303' title='bbox 286 2296 570 2334; x_wconf 83' lang='lat' dir='ltr'>eruditissimus</span> <span class='ocrx_word' id='word_1_304' title='bbox 600 2303 776 2348; x_wconf 85' lang='lat' dir='ltr'>monuit,</span> <span class='ocrx_word' id='word_1_305' title='bbox 817 2301 864 2338; x_wconf 86' lang='lat' dir='ltr'>de</span> <span class='ocrx_word' id='word_1_306' title='bbox 894 2302 986 2338; x_wconf 77' lang='lat' dir='ltr'>belli</span> <span class='ocrx_word' id='word_1_307' title='bbox 1006 2302 1146 2349; x_wconf 88' lang='lat' dir='ltr'>prioris</span> <span class='ocrx_word' id='word_1_308' title='bbox 1166 2300 1244 2338; x_wconf 86' lang='lat' dir='ltr'>fine</span> <span class='ocrx_word' id='word_1_309' title='bbox 1262 2306 1406 2337; x_wconf 89' lang='lat' dir='ltr'>tacens.</span> <span class='ocrx_word' id='word_1_310' title='bbox 1463 2297 1622 2350; x_wconf 80' lang='lat' dir='ltr'>Myroni</span> <span class='ocrx_word' id='word_1_311' title='bbox 1651 2310 1747 2337; x_wconf 84' lang='lat' dir='ltr'>vero</span> 
     </span>
     <span class='ocr_line' id='line_1_38' title="bbox 279 2353 1748 2408; baseline 0.003 -20"><span class='ocrx_word' id='word_1_312' title='bbox 279 2353 506 2390; x_wconf 69' lang='lat' dir='ltr'>radsentitur</span> <span class='ocrx_word' id='word_1_313' title='bbox 533 2353 710 2394; x_wconf 84' lang='lat' dir='ltr'>Clemens</span> <span class='ocrx_word' id='word_1_314' title='bbox 733 2357 844 2396; x_wconf 81' lang='lat' dir='ltr'>Alex.</span> <span class='ocrx_word' id='word_1_315' title='bbox 873 2358 1063 2408; x_wconf 86' lang='lat' dir='ltr'>Protrept.</span> <span class='ocrx_word' id='word_1_316' title='bbox 1093 2370 1128 2407; x_wconf 83' lang='lat' dir='ltr'>p.</span> <span class='ocrx_word' id='word_1_317' title='bbox 1145 2358 1240 2407; x_wconf 56' lang='lat'>36„</span> <span class='ocrx_word' id='word_1_318' title='bbox 1272 2369 1345 2394; x_wconf 88' lang='lat' dir='ltr'>nee</span> <span class='ocrx_word' id='word_1_319' title='bbox 1363 2357 1479 2406; x_wconf 83' lang='lat' dir='ltr'>longe</span> <span class='ocrx_word' id='word_1_320' title='bbox 1496 2355 1575 2392; x_wconf 88' lang='lat' dir='ltr'>abit</span> <span class='ocrx_word' id='word_1_321' title='bbox 1593 2354 1748 2393; x_wconf 75' lang='lat' dir='ltr'>Plutar-</span> 
     </span>
     <span class='ocr_line' id='line_1_39' title="bbox 286 2408 1749 2465; baseline 0.002 -19"><span class='ocrx_word' id='word_1_322' title='bbox 286 2408 404 2457; x_wconf 82' lang='lat' dir='ltr'>chus,</span> <span class='ocrx_word' id='word_1_323' title='bbox 431 2410 464 2446; x_wconf 85' lang='lat' dir='ltr'>si</span> <span class='ocrx_word' id='word_1_324' title='bbox 485 2410 607 2450; x_wconf 85' lang='lat' dir='ltr'>eidem</span> <span class='ocrx_word' id='word_1_325' title='bbox 628 2412 867 2453; x_wconf 71' lang='lat' dir='ltr'>L.Boivinio</span> <span class='ocrx_word' id='word_1_326' title='bbox 887 2414 996 2462; x_wconf 88' lang='lat' dir='ltr'>fides,</span> <span class='ocrx_word' id='word_1_327' title='bbox 1028 2416 1069 2452; x_wconf 91' lang='lat' dir='ltr'>in</span> <span class='ocrx_word' id='word_1_328' title='bbox 1090 2412 1255 2452; x_wconf 88' lang='lat' dir='ltr'>Romulo</span> <span class='ocrx_word' id='word_1_329' title='bbox 1272 2427 1308 2465; x_wconf 91' lang='lat' dir='ltr'>p.</span> <span class='ocrx_word' id='word_1_330' title='bbox 1326 2413 1399 2453; x_wconf 84' lang='lat'>33.</span> <span class='ocrx_word' id='word_1_331' title='bbox 1419 2410 1496 2459; x_wconf 55' lang='lat' dir='ltr'>D„</span> <span class='ocrx_word' id='word_1_332' title='bbox 1521 2413 1749 2453; x_wconf 80' lang='lat' dir='ltr'>iactantiam</span> 
     </span>
     <span class='ocr_line' id='line_1_40' title="bbox 285 2465 1748 2522; baseline 0.003 -20"><span class='ocrx_word' id='word_1_333' title='bbox 285 2465 570 2505; x_wconf 75' lang='lat' dir='ltr'>Messeniorum</span> <span class='ocrx_word' id='word_1_334' title='bbox 598 2474 885 2522; x_wconf 74' lang='lat' dir='ltr'>perstringens,</span> <span class='ocrx_word' id='word_1_335' title='bbox 921 2484 995 2521; x_wconf 87' lang='lat' dir='ltr'>qua</span> <span class='ocrx_word' id='word_1_336' title='bbox 1024 2470 1070 2508; x_wconf 85' lang='lat' dir='ltr'>‹le</span> <span class='ocrx_word' id='word_1_337' title='bbox 1090 2469 1335 2508; x_wconf 89' lang='lat' dir='ltr'>Aristomene</span> <span class='ocrx_word' id='word_1_338' title='bbox 1365 2468 1569 2521; x_wconf 84' lang='lat' dir='ltr'>magnifice</span> <span class='ocrx_word' id='word_1_339' title='bbox 1597 2470 1748 2520; x_wconf 85' lang='lat' dir='ltr'>gloria-</span> 
     </span>
     <span class='ocr_line' id='line_1_41' title="bbox 282 2519 1747 2582; baseline -0.002 -18"><span class='ocrx_word' id='word_1_340' title='bbox 282 2523 448 2571; x_wconf 58' lang='lat' dir='ltr'>panem,</span> <span class='ocrx_word' id='word_1_341' title='bbox 483 2519 539 2571; x_wconf 73' lang='grc' dir='ltr'>ὦς</span> <span class='ocrx_word' id='word_1_342' title='bbox 559 2525 648 2578; x_wconf 75' lang='grc' dir='ltr'><em>τρὶς</em></span> <span class='ocrx_word' id='word_1_343' title='bbox 669 2522 954 2582; x_wconf 71' lang='grc' dir='ltr'>ἑκατομφόνια</span> <span class='ocrx_word' id='word_1_344' title='bbox 972 2523 1138 2567; x_wconf 67' lang='grc' dir='ltr'>θύσειεν</span> <span class='ocrx_word' id='word_1_345' title='bbox 1157 2524 1239 2566; x_wconf 76' lang='grc' dir='ltr'>ἀπὸ</span> <span class='ocrx_word' id='word_1_346' title='bbox 1261 2524 1629 2577; x_wconf 66' lang='grc' dir='ltr'><em>Λακεδαιμονίων,</em></span> <span class='ocrx_word' id='word_1_347' title='bbox 1653 2527 1678 2563; x_wconf 86' lang='lat' dir='ltr'>i.</span> <span class='ocrx_word' id='word_1_348' title='bbox 1698 2537 1747 2572; x_wconf 86' lang='lat' dir='ltr'>e.,</span> 
     </span>
     <span class='ocr_line' id='line_1_42' title="bbox 283 2581 1744 2627; baseline 0.001 -11"><span class='ocrx_word' id='word_1_349' title='bbox 283 2581 344 2617; x_wconf 69' lang='grc' dir='ltr'>1,ῖί</span> <span class='ocrx_word' id='word_1_350' title='bbox 373 2582 536 2627; x_wconf 76' lang='lat' dir='ltr'>volunt,</span> <span class='ocrx_word' id='word_1_351' title='bbox 569 2589 761 2621; x_wconf 83' lang='lat' dir='ltr'>trecentas</span> <span class='ocrx_word' id='word_1_352' title='bbox 792 2598 878 2622; x_wconf 89' lang='lat' dir='ltr'>eum</span> <span class='ocrx_word' id='word_1_353' title='bbox 898 2587 1078 2623; x_wconf 86' lang='lat' dir='ltr'>victimas</span> <span class='ocrx_word' id='word_1_354' title='bbox 1109 2596 1158 2621; x_wconf 82' lang='lat' dir='ltr'>ex</span> <span class='ocrx_word' id='word_1_355' title='bbox 1175 2583 1492 2622; x_wconf 86' lang='lat' dir='ltr'>Lacedaemoniis</span> <span class='ocrx_word' id='word_1_356' title='bbox 1518 2583 1744 2620; x_wconf 85' lang='lat' dir='ltr'>inmolasse:</span> 
     </span>
     <span class='ocr_line' id='line_1_43' title="bbox 281 2636 1745 2688; baseline 0.002 -16"><span class='ocrx_word' id='word_1_357' title='bbox 281 2636 458 2686; x_wconf 56' lang='lat' dir='ltr'>prodidit</span> <span class='ocrx_word' id='word_1_358' title='bbox 472 2644 600 2675; x_wconf 79' lang='lat' dir='ltr'>autem</span> <span class='ocrx_word' id='word_1_359' title='bbox 620 2637 798 2678; x_wconf 87' lang='lat' dir='ltr'>Clemens</span> <span class='ocrx_word' id='word_1_360' title='bbox 820 2642 1105 2679; x_wconf 82' lang='lat' dir='ltr'>Aristomenem</span> <span class='ocrx_word' id='word_1_361' title='bbox 1128 2647 1323 2678; x_wconf 86' lang='lat' dir='ltr'>trecentos</span> <span class='ocrx_word' id='word_1_362' title='bbox 1344 2638 1645 2688; x_wconf 86' lang='lat' dir='ltr'>Spartanorum,</span> <span class='ocrx_word' id='word_1_363' title='bbox 1683 2640 1745 2676; x_wconf 87' lang='lat' dir='ltr'>in-</span> 
     </span>
     <span class='ocr_line' id='line_1_44' title="bbox 283 2693 1744 2747; baseline 0.001 -18"><span class='ocrx_word' id='word_1_364' title='bbox 283 2707 356 2742; x_wconf 73' lang='lat' dir='ltr'>que</span> <span class='ocrx_word' id='word_1_365' title='bbox 378 2693 437 2730; x_wconf 80' lang='lat' dir='ltr'>his</span> <span class='ocrx_word' id='word_1_366' title='bbox 452 2693 755 2747; x_wconf 83' lang='lat' dir='ltr'>Theopompum,</span> <span class='ocrx_word' id='word_1_367' title='bbox 785 2697 869 2736; x_wconf 81' lang='lat' dir='ltr'>Iovi</span> <span class='ocrx_word' id='word_1_368' title='bbox 891 2697 1102 2735; x_wconf 80' lang='lat' dir='ltr'>Ithomatae</span> <span class='ocrx_word' id='word_1_369' title='bbox 1122 2706 1323 2736; x_wconf 83' lang='lat' dir='ltr'>mactasse.</span> <span class='ocrx_word' id='word_1_370' title='bbox 1368 2696 1508 2733; x_wconf 85' lang='lat' dir='ltr'>Verum</span> <span class='ocrx_word' id='word_1_371' title='bbox 1527 2695 1629 2733; x_wconf 88' lang='lat' dir='ltr'>istud</span> <span class='ocrx_word' id='word_1_372' title='bbox 1651 2707 1744 2732; x_wconf 87' lang='lat' dir='ltr'>eon-</span> 
     </span>
     <span class='ocr_line' id='line_1_45' title="bbox 283 2751 1746 2804; baseline 0.008 -19"><span class='ocrx_word' id='word_1_373' title='bbox 283 2751 472 2788; x_wconf 55' lang='lat' dir='ltr'>clusionis</span> <span class='ocrx_word' id='word_1_374' title='bbox 494 2764 617 2801; x_wconf 83' lang='lat' dir='ltr'>genus</span> <span class='ocrx_word' id='word_1_375' title='bbox 636 2753 733 2792; x_wconf 79' lang='lat' dir='ltr'>mihi</span> <span class='ocrx_word' id='word_1_376' title='bbox 752 2755 905 2804; x_wconf 82' lang='lat' dir='ltr'>quidem</span> <span class='ocrx_word' id='word_1_377' title='bbox 927 2758 1021 2793; x_wconf 77' lang='lat' dir='ltr'>satis</span> <span class='ocrx_word' id='word_1_378' title='bbox 1039 2756 1183 2792; x_wconf 85' lang='lat' dir='ltr'>iustum</span> <span class='ocrx_word' id='word_1_379' title='bbox 1201 2767 1280 2793; x_wconf 89' lang='lat' dir='ltr'>non</span> <span class='ocrx_word' id='word_1_380' title='bbox 1300 2752 1467 2792; x_wconf 70' lang='lat' dir='ltr'>videtur·</span> <span class='ocrx_word' id='word_1_381' title='bbox 1516 2752 1746 2790; x_wconf 81' lang='lat' dir='ltr'>Adsumitur</span> 
     </span>
     <span class='ocr_line' id='line_1_46' title="bbox 285 2804 1745 2863; baseline 0.001 -19"><span class='ocrx_word' id='word_1_382' title='bbox 285 2807 387 2844; x_wconf 69' lang='lat' dir='ltr'>enim</span> <span class='ocrx_word' id='word_1_383' title='bbox 401 2819 469 2857; x_wconf 81' lang='lat' dir='ltr'>pro</span> <span class='ocrx_word' id='word_1_384' title='bbox 483 2820 590 2856; x_wconf 83' lang='lat' dir='ltr'>vero,</span> <span class='ocrx_word' id='word_1_385' title='bbox 612 2818 768 2849; x_wconf 86' lang='lat' dir='ltr'>eentum</span> <span class='ocrx_word' id='word_1_386' title='bbox 787 2814 966 2850; x_wconf 80' lang='lat' dir='ltr'>victimas</span> <span class='ocrx_word' id='word_1_387' title='bbox 987 2811 1175 2849; x_wconf 82' lang='lat' dir='ltr'>humanas</span> <span class='ocrx_word' id='word_1_388' title='bbox 1192 2804 1477 2863; x_wconf 63' lang='grc' dir='ltr'><em>ἑκατομφόνια</em></span> <span class='ocrx_word' id='word_1_389' title='bbox 1496 2819 1603 2857; x_wconf 79' lang='lat' dir='ltr'>esse3</span> <span class='ocrx_word' id='word_1_390' title='bbox 1631 2819 1745 2857; x_wconf 80' lang='lat' dir='ltr'>quam</span> 
     </span>
     <span class='ocr_line' id='line_1_47' title="bbox 281 2864 1745 2914; baseline 0 -13"><span class='ocrx_word' id='word_1_391' title='bbox 281 2876 355 2914; x_wconf 70' lang='lat' dir='ltr'>ego</span> <span class='ocrx_word' id='word_1_392' title='bbox 379 2876 460 2902; x_wconf 85' lang='lat' dir='ltr'>rem</span> <span class='ocrx_word' id='word_1_393' title='bbox 480 2871 654 2906; x_wconf 82' lang='lat' dir='ltr'>veterum</span> <span class='ocrx_word' id='word_1_394' title='bbox 675 2870 903 2906; x_wconf 78' lang='lat' dir='ltr'>auctoritate</span> <span class='ocrx_word' id='word_1_395' title='bbox 928 2871 1116 2907; x_wconf 78' lang='lat' dir='ltr'>inunitam</span> <span class='ocrx_word' id='word_1_396' title='bbox 1133 2869 1287 2907; x_wconf 84' lang='lat' dir='ltr'>vellem.</span> <span class='ocrx_word' id='word_1_397' title='bbox 1346 2867 1442 2911; x_wconf 76' lang='lat' dir='ltr'>Quis</span> <span class='ocrx_word' id='word_1_398' title='bbox 1471 2868 1576 2904; x_wconf 85' lang='lat' dir='ltr'>enim</span> <span class='ocrx_word' id='word_1_399' title='bbox 1604 2864 1645 2903; x_wconf 85' lang='lat' dir='ltr'>id</span> <span class='ocrx_word' id='word_1_400' title='bbox 1670 2864 1745 2901; x_wconf 84' lang='lat' dir='ltr'>do-</span> 
     </span>
    </p>
   </div>
  </div>
 </body>
</html>
