1859 3326
309 216 457 246 LXXII
970 218 1178 249 HEYNE

311 310 407 344 nihil
431 313 561 346 scitur.
597 313 711 359 [109]
748 314 919 348 Tandem
943 315 991 348 ad
1010 315 1180 348 ultimam
1203 317 1425 350 servitutem
1449 317 1652 362 depressos
1680 330 1764 354 cum

313 371 497 404 servitute
533 371 715 405 bonarum
750 383 876 405 rerum
914 373 1189 416 ignorationem
1220 378 1259 406 et
1282 373 1433 407 foedam
1457 378 1763 420 superstitionem

311 427 521 471 Aegyptios
552 429 721 462 induisse
757 429 1000 462 mirabimur-‘3
1045 430 1103 463 Ex
1136 430 1206 463 hae
1234 435 1360 464 tamen
1384 433 1517 466 ultima
1545 437 1673 468 aetate
1704 445 1767 478 po-

311 485 439 528 pulum
476 497 543 530 per
573 485 643 519 XX
672 486 752 519 fere
777 488 930 520 saccula
954 479 1086 531 opibus
1118 487 1314 521 florentem
1349 492 1553 524 aestimare
1580 495 1619 524 et
1640 493 1768 530 metiri

311 542 412 576 velle
431 553 641 587 aequumne
662 543 741 577 est?
768 545 824 577 Ex
838 544 981 577 ultimis
1002 549 1127 578 tamen
1150 544 1206 577 his
1231 546 1393 579 saeculis
1412 547 1556 581 fluxere
1584 558 1642 590 ea,
1668 559 1764 593 quae

312 598 361 632 de
387 601 560 644 Aegypto
596 606 749 634 narrata
780 603 1012 645 accepimus,
1046 603 1161 634 etiam
1197 612 1260 644 ea,
1298 613 1393 647 quae
1420 614 1467 638 ex
1490 606 1766 649 antiquioribus

310 659 566 690 monumentis
591 660 709 701 petita
736 657 920 692 feruntur.
966 658 1168 693 Saeviente
1193 660 1229 691 in
1262 661 1470 704 Aegyptios
1496 662 1681 707 Cambyse
1706 674 1768 698 ve-

311 716 396 747 tera
425 720 667 748 monumenta
700 727 874 760 magnam
905 721 1051 760 partem
1078 722 1187 750 erant
1219 718 1295 761 igni
1321 718 1499 764 ferroque
1523 731 1680 762 eversa,
1703 732 1766 755 va..

310 774 413 804 stata
437 777 503 804 aut
538 772 731 812 mutilata,
760 772 1005 807 Sacerdotum
1039 775 1202 819 collegia
1238 786 1413 820 magnam
1447 782 1593 821 partem
1617 779 1768 818 sublata

311 839 393 862 cum
420 831 510 873 ipsis
535 831 674 870 sacrm,
697 830 944 874 religionibus
972 837 1010 865 et
1032 833 1203 876 templis,
1233 833 1269 865 in
1299 833 1521 867 clarioribus
1552 836 1680 880 utique
1708 847 1768 870 ur-

310 885 442 928 bibus,
470 892 511 920 ut
535 888 729 932 Heliopoli
757 893 807 932 (v.
830 899 859 921 e.
878 888 1002 922 Sti-ab.
1030 890 1145 923 xvii.
1173 900 1208 933 p.
1230 890 1337 924 1158
1361 891 1400 924 C.
1432 893 1492 935 qui
1518 892 1657 925 ibidem
1685 904 1769 927 nar-

310 949 373 977 rat
416 945 539 978 nullos
583 950 660 979 tum
688 947 933 987 sacerdotes,
968 947 1071 980 nulla
1105 947 1364 992 philosophiae
1393 953 1431 982 et
1456 949 1682 993 religionum
1709 962 1768 984 su-

307 1010 468 1046 peresse
501 1003 658 1046 studia).
705 1003 870 1047 Memphi
902 1005 1008 1047 regia
1042 1005 1217 1039 aedificia
1241 1006 1376 1039 Strabo
1404 1008 1552 1040 visebat
1576 1008 1701 1042 diruta
1730 1014 1770 1043 et

311 1058 468 1092 deserta
505 1063 554 1104 (p.
584 1061 706 1097 1161.
734 1061 794 1106 Β.)
834 1061 989 1095 'l'hcbae
1025 1067 1150 1095 autem
1187 1066 1307 1107 primo
1333 1075 1355 1097 a
1381 1064 1566 1108 Cambyse
1596 1066 1767 1110 direptae

313 1120 351 1148 et
377 1127 555 1159 mersae,
589 1129 676 1152 mox
713 1130 760 1152 ex
785 1119 973 1153 seditione
999 1120 1079 1152 solo
1107 1129 1291 1164 aequatae
1320 1121 1472 1154 fuerant
1496 1132 1518 1154 a
1547 1122 1768 1159 Ptolemaeo

309 1171 482 1207 Late-uro
506 1175 661 1219 (Strabo
684 1187 718 1220 p.
742 1177 858 1210 1170.
879 1178 916 1208 C.
940 1175 1099 1212 l'ausan.
1125 1178 1151 1217 l,
1172 1178 1239 1217 9.).
1262 1179 1369 1211 vluter
1388 1178 1481 1212 haec
1506 1189 1630 1214 annon
1646 1184 1771 1226 prisca

309 1231 506 1271 instituta,
536 1234 707 1275 litteras,
734 1234 861 1266 divina
897 1232 1134 1278 humanaque
1177 1236 1370 1268 interiisse
1420 1240 1458 1269 et
1500 1248 1545 1270 ex
1576 1236 1768 1274 hominum

309 1291 506 1324 memoriis
539 1292 681 1326 abolita
718 1293 836 1325 fuisse
872 1293 1052 1326 credibile
1078 1292 1144 1324 fit}
1184 1303 1279 1336 quae
1317 1297 1443 1326 autem
1472 1294 1509 1326 in
1537 1305 1658 1339 egena
1688 1298 1772 1340 ple-

310 1346 447 1381 becula
482 1354 722 1392 manserant,
762 1350 810 1383 ad
848 1351 1008 1382 miseras
1053 1351 1233 1395 pleraque
1272 1352 1562 1394 superstitiones
1606 1353 1771 1388 abiisse'ss

312 1403 447 1439 Gratia
481 1411 606 1440 tamen
643 1409 704 1441 vel
739 1410 793 1440 sie
828 1417 964 1450 magna
996 1407 1169 1441 habenda
1196 1414 1255 1440 est
1280 1409 1548 1451 scriptoribus,
1575 1412 1636 1455 qui
1663 1413 1770 1446 nobis

311 1461 477 1507 aliquam
515 1465 649 1497 saltem
681 1466 807 1508 gentis
842 1464 951 1498 liuius
977 1466 1025 1499 ad
1050 1477 1158 1499 omne
1191 1475 1325 1498 aevum
1351 1456 1608 1501 memorabilis
1633 1479 1772 1504 memo-

311 1520 406 1552 rium
436 1527 646 1554 servarunt.
1126 1558 1128 1561 ,

402 1578 544 1612 Fontes
587 1590 738 1620 eorum,
782 1589 878 1623 quae
922 1580 969 1612 de
1021 1580 1249 1624 antiquitate
1290 1581 1525 1624 Aegyptiaea
1558 1583 1772 1626 traduntur,

311 1633 423 1667 valde
451 1636 622 1670 diversos
657 1648 763 1678 esse,
795 1638 965 1681 adeoque
996 1639 1110 1670 etiam
1143 1648 1268 1684 rerum
1298 1643 1532 1673 narratarum
1569 1641 1772 1676 auetorita-

312 1694 393 1732 tes,
423 1703 519 1726 nunc
555 1695 756 1728 declarabo
790 1697 968 1728 curatius.
1023 1696 1079 1727 Ea
1106 1694 1257 1739 quidem
1295 1705 1392 1739 quae
1418 1695 1464 1728 ab
1493 1707 1537 1730 eo
1563 1698 1650 1731 inde
1680 1702 1771 1731 tem-

310 1757 424 1792 pore,
461 1761 534 1794 quo
568 1752 704 1785 Gracci
740 1754 951 1796 Aegyptum
980 1753 1133 1793 adiere,
1159 1756 1270 1795 gesta
1295 1756 1397 1794 sunt,
1423 1753 1470 1786 ad
1493 1755 1689 1798 vulgarem
1718 1755 1772 1788 hi-

312 1807 516 1840 storiarum
541 1808 773 1844 Graeearum
802 1811 972 1843 ordinem
1002 1810 1171 1844 redeunt.
1222 1811 1444 1855 Antiquior-a
1464 1811 1540 1843 dixi
1566 1814 1701 1855 partim
1726 1823 1773 1847 ex

313 1865 588 1910 antiquissi;=.is
614 1870 869 1901 monumentis
894 1867 1154 1911 hieroglyphis
1179 1869 1383 1911 insignitis,
1408 1871 1544 1912 partim
1573 1880 1619 1903 ex
1646 1881 1775 1904 sacer—
1796 1892 1801 1897 ι

315 1918 444 1953 dotum
472 1923 505 1965 [l
524 1924 917 1968 leintezpretatione
937 1936 1020 1959 esse
1037 1927 1166 1968 petita.
1192 1926 1297 1965 Quae
1324 1929 1353 1959 si
1381 1927 1513 1960 sedulo
1539 1927 1772 1970 distinxeris,

314 1976 362 2010 de
381 1981 510 2013 multis
533 1983 607 2014 iam
636 1982 814 2016 iudicium
842 1982 934 2016 terri
953 1984 1092 2027 poterit
1114 1990 1152 2016 et
1171 1980 1392 2027 aequius'et
1416 1986 1554 2021 verius.
1587 1987 1775 2031 Antiqui&

314 2036 411 2067 sima
445 2038 562 2080 igitur
596 2039 838 2073 manifestum
871 2040 914 2073 fit
949 2042 1081 2084 priscis
1115 2043 1368 2075 monumentis
1405 2042 1524 2076 fuisse
1567 2045 1773 2076 memoriae

314 2090 507 2127 hominum
534 2096 694 2138 tradita3
720 2097 767 2130 de
795 2108 867 2142 quo
895 2109 1004 2131 nemo
1027 2099 1204 2142 ambiget.
1251 2099 1498 2131 Monumenta
1528 2104 1567 2133 et
1600 2101 1773 2133 extitisse

317 2151 408 2186 olim
461 2157 500 2182 et
549 2157 680 2186 extare
731 2154 853 2187 adhuc
907 2154 1169 2199 hieroglyphis
1213 2157 1393 2200 insignita
1433 2157 1526 2189 satis
1565 2161 1654 2200 puto
1691 2168 1775 2190 con-

316 2211 394 2240 stat
417 2213 446 2244 1.
495 2208 575 2243 Iam
607 2209 860 2256 hieroglypha
896 2224 1005 2247 nemo
1044 2214 1290 2257 interpretari
1334 2218 1463 2258 potest
1509 2216 1580 2248 nisi
1622 2217 1656 2248 is
1711 2215 1774 2259 qui

409 2345 428 2379 1
453 2345 691 2388 Non'prorsus
719 2348 954 2390 improbabile
981 2360 1054 2380 esse
1081 2349 1249 2389 arbitror,
1277 2350 1305 2381 si
1328 2349 1662 2392 hieroglyphornm,
1688 2363 1774 2393 quae

316 2389 431 2422 adhuc
459 2403 540 2423 cum
574 2393 609 2423 iu
647 2394 809 2425 obeliscis
843 2404 915 2426 tum
948 2396 981 2426 in
1015 2396 1092 2426 allis
1120 2398 1379 2435 monumentis,
1414 2399 1524 2428 multo
1549 2399 1660 2438 magis
1689 2409 1775 2439 quae

317 2436 353 2467 in
382 2437 573 2479 hypogaeis
599 2447 699 2481 atque
726 2442 761 2472 iu
788 2442 897 2472 ruinis
924 2442 1084 2483 iuprhnis
1110 2442 1302 2474 Thebaidis
1327 2453 1529 2484 supersunt,
1557 2456 1680 2486 corpus
1707 2445 1777 2474 ali-

317 2483 415 2523 quod
451 2493 541 2515 recte
576 2485 788 2528 (lisposuum
822 2488 1046 2527 haberemus,
1089 2489 1163 2530 ipsa
1201 2500 1322 2520 eorum
1363 2490 1622 2530 comparatione
1665 2491 1775 2520 multa

317 2529 391 2560 erui
418 2537 450 2560 et
474 2538 593 2562 mutua
623 2534 708 2563 forte
736 2535 812 2564 luce
840 2535 1035 2564 collustrari
1061 2546 1172 2576 posse.
1219 2536 1277 2566 Uti
1304 2546 1396 2565 nuuc
1423 2535 1568 2576 quidem
1602 2535 1775 2576 AegyptIa

317 2575 505 2616 antiquitas
538 2589 573 2608 se
604 2578 727 2616 habet,
759 2580 847 2610 nihil
881 2581 961 2610 satis
996 2580 1185 2621 diligenter
1219 2589 1376 2612 curatum
1411 2589 1469 2614 est.
1526 2582 1653 2622 Ingens
1692 2581 1776 2611 reli-

317 2622 479 2660 quiarum
505 2635 567 2665 per
592 2624 811 2656 Thebaidem
838 2627 1014 2667 neglt·ctus
1042 2627 1129 2657 iacet
1157 2628 1336 2667 cumulus3
1371 2628 1406 2657 iu
1431 2637 1513 2667 agro
1543 2626 1774 2668 Memphitico

318 2677 422 2707 quam
454 2671 561 2700 multa
590 2671 718 2701 lateant.
743 2673 881 2709 abdita,
918 2672 1068 2703 docuere
1104 2674 1355 2703 recentissimis
1382 2673 1597 2715 temporibus
1624 2672 1705 2702 Dux
1729 2673 1773 2703 de

319 2711 502 2745 Clmullzes
528 2723 560 2745 et
594 2718 804 2761 Alontagn;
840 2718 931 2748 haud
969 2719 1269 2749 contemnendum
1302 2718 1517 2758 antiquitatis
1543 2719 1775 2760 Aegyptiacae

317 2768 521 2800 apparatum
547 2773 607 2802 per
641 2762 758 2793 Musca
793 2772 825 2795 et
852 2776 914 2806 per
946 2764 1057 2795 libros
1093 2765 1138 2794 ita
1164 2776 1322 2806 sparsum
1348 2764 1475 2804 videas,
1503 2772 1540 2794 ut
1566 2764 1704 2794 difficile
1732 2765 1776 2796 sit

317 2804 445 2835 iustam
471 2808 771 2848 comparationem
800 2811 911 2840 lacere
946 2818 1003 2840 aut
1027 2811 1064 2841 iu
1091 2810 1327 2841 diversissima
1361 2819 1557 2849 temporum
1583 2810 1773 2847 intervalla,

316 2849 361 2882 ad
385 2862 472 2893 quae
495 2853 679 2886 reserenda
707 2862 803 2896 suut,
839 2867 877 2887 ea
909 2856 1051 2892 referre,
1097 2856 1179 2888 Uno
1208 2857 1335 2889 verbo:
1370 2856 1455 2899 ipsis
1478 2855 1716 2888 fundamentis
1743 2863 1776 2887 et
