1859 3326
268 220 423 253 XXXV!
783 207 1206 245 WESSELINGII

267 317 511 365 provulgata,
549 314 694 344 tantam
729 309 902 343 omnibus
932 308 1031 339 sitim
1066 305 1204 341 movit,
1253 308 1295 335 ut
1327 300 1539 334 absentium
1569 294 1716 330 deside-

269 379 365 411 rium
392 372 605 417 aegerrime
632 369 796 406 ferrent3
832 364 929 409 quod
955 364 1145 396 llcn:·icus
1178 360 1327 405 quidem
1358 357 1571 400 Stephanus
1606 357 1645 387 et
1674 352 1718 385 L.

269 433 561 468 Rhodonianus,
610 425 681 457 riri
715 423 919 467 praeclari,
978 422 1137 464 prositis
1169 420 1206 451 in
1239 417 1426 462 publicum
1458 409 1719 447 Bibliothecae

270 492 379 523 huius
410 487 536 525 libi-is,
580 485 763 527 quotquot
796 489 815 511 e
849 478 1017 511 tenebris
1053 479 1132 510 erui
1169 478 1390 519 potuerunt,
1432 477 1470 505 et
1502 470 1648 503 Graeco
1681 469 1720 499 et

270 548 408 580 Latino
442 551 615 577 sermone
649 538 879 576 luculenter,
919 535 1156 572 leniverunt,
1201 543 1321 575 neque
1350 530 1550 573 explerunt
1581 529 1720 557 tamen.

270 604 461 638 Dolcbant
485 600 615 632 harum
641 595 860 628 deliciarum
888 595 1079 623 amatores
1107 590 1203 623 haud
1232 599 1351 633 pauca
1381 588 1427 620 ab
1458 590 1618 627 utroque
1654 591 1720 624 pro

272 661 464 696 derelictis
496 656 644 693 habita,
682 660 803 694 neque
831 659 913 682 eam
939 649 1113 692 scriptori
1139 647 1345 680 adhibitam
1373 654 1457 677 esse
1484 641 1722 676 medicinam,

273 730 381 764 quam
411 715 548 747 «luduin
576 710 826 743 desiderarat.
886 707 1014 738 Crevit
1040 706 1176 738 deinde
1199 706 1468 745 incensumque
1494 709 1540 732 ex
1564 697 1722 730 raritate

273 774 542 817 exemplarium
572 773 630 801 est
651 765 912 799 Bibliothecae
937 764 1118 806 pretium:
1162 763 1270 806 pauci
1304 762 1342 793 in
1376 761 1454 791 suis
1480 767 1562 790 eain
1590 762 1722 786 nume-

272 844 358 867 rare
387 831 581 873 poterant3
624 825 747 858 rarior
773 826 875 862 erat,
915 821 977 864 qui
1007 824 1087 854 toto
1123 826 1272 852 centum
1307 826 1490 850 annorum
1522 809 1724 846 intervallo

273 892 358 923 hnic
391 883 625 919 incommodo
660 882 805 924 ipsique
836 879 1003 911 Diodoro
1031 878 1174 910 mederi
1201 877 1328 909 vellet.
1384 875 1474 909 Fuit
1505 880 1596 904 sane
1627 877 1724 900 unus

270 951 361 980 item
389 948 427 976 et
451 944 567 980 alter,
606 940 667 983 qui
700 937 879 970 laudabili
906 937 1062 969 consilio
1088 937 1125 968 iu
1152 934 1248 966 lianc
1271 943 1397 966 curam
1421 933 1616 974 ingressus
1645 929 1724 963 est;

273 1014 427 1050 quorum
464 998 686 1032 industriam
721 1006 801 1027 cum
840 998 904 1027 aut
946 994 1213 1036 intempestiva
1254 1002 1373 1031 mors,
1410 993 1485 1042 ¹aut
1517 986 1581 1018 alii
1614 991 1724 1016 casus

270 1058 572 1103 interpellarint,
600 1055 721 1085 visum
747 1051 837 1084 mihi
865 1057 941 1092 cst,
971 1053 998 1084 Α
1013 1058 1275 1082 ³11‘121s51mt
1305 1049 1591 1083 PROCERES‚
1622 1041 1725 1072 vires

271 1116 499 1163 periclitari,
535 1117 573 1145 et
606 1121 739 1144 novam
767 1108 1029 1142 Bibliothecae
1053 1107 1212 1140 Diodori
1239 1106 1443 1139 editionem
1468 1101 1572 1134 horis
1598 1097 1726 1131 subse-

273 1178 363 1209 civis
386 1178 498 1217 atque
521 1181 543 1202 a
564 1169 712 1212 publico
738 1177 894 1199 munere
919 1167 1046 1198 vacuis
1072 1166 1271 1198 adornare.
1328 1162 1411 1201 Qua
1435 1169 1506 1203 ego
1530 1159 1568 1189 in
1594 1165 1635 1188 re
1662 1163 1725 1197 ge-

272 1235 333 1266 nio
367 1241 470 1269 inco,
511 1227 710 1260 honestum
744 1227 781 1257 in
811 1224 933 1256 literis
965 1224 1082 1255 otium
1117 1226 1154 1255 et
1187 1220 1479 1254 oblectationem
1512 1211 1725 1258 quaerenti,

273 1291 473 1322 obsecutus
499 1295 602 1325 Sum,
639 1283 738 1316 haud
768 1283 929 1315 alienum
960 1281 1074 1312 etiam
1099 1290 1121 1312 a
1146 1289 1330 1323 persona,
1364 1285 1475 1320 quam
1499 1271 1589 1306 mihi
1612 1270 1726 1303 hono-

272 1343 556 1379 rificentissime
584 1341 826 1384 inposuistis,
870 1349 939 1371 nec
968 1338 1075 1370 vobis
1101 1338 1290 1380 ingratum
1320 1334 1402 1368 fore
1428 1333 1653 1368 arbitratus,
1694 1325 1727 1358 Si

272 1404 513 1436 decessorum
538 1400 845 1442 collegarumque
871 1395 1045 1438 exemplo
1069 1396 1104 1426 in
1128 1395 1163 1426 id
1192 1393 1324 1426 sedulo
1357 1390 1634 1427 incumberem,
1678 1393 1725 1416 ne

273 1460 360 1505 quid
393 1459 438 1491 dc
473 1457 673 1500 splendore
707 1460 745 1488 et
778 1458 928 1487 vestrae
960 1452 1183 1485 Academiae
1209 1451 1347 1483 decore
1374 1459 1459 1481 mea
1484 1446 1636 1491 ignavia
1661 1442 1724 1475 de-

273 1520 343 1551 teri
371 1521 534 1560 paterer.
581 1513 714 1546 Pulcre
741 1512 889 1556 quidem
919 1512 1178 1549 memineram,
1205 1519 1278 1541 non
1305 1517 1369 1540 eas
1394 1505 1537 1549 ingenii
1564 1503 1637 1535 mei
1663 1500 1725 1532 do-

272 1581 333 1607 tes
358 1584 462 1613 esse,
489 1581 610 1615 ncque
636 1572 749 1602 istum
776 1569 999 1602 eruditionis
1025 1567 1268 1611 adparatum,
1294 1565 1426 1609 quibus
1451 1564 1506 1596 illi
1530 1566 1728 1595 aeternam

275 1633 344 1664 sibi
372 1635 409 1663 ct
435 1630 563 1673 Lyceo
590 1633 716 1660 vestro
744 1627 903 1659 nominis
932 1624 1068 1657 faniam
1096 1624 1362 1664 conciliarunt3
1405 1632 1474 1655 nec
1507 1623 1559 1654 ita
1597 1623 1724 1651 tamen

276 1690 363 1722 mihi
390 1692 499 1720 notus
526 1696 648 1725 eram⁷
681 1688 723 1716 ut
750 1684 796 1716 de
823 1684 947 1726 operis
970 1693 1147 1715 successu
1173 1682 1378 1725 desperare
1400 1680 1598 1713 deberem:
1623 1676 1727 1709 volui

274 1751 377 1779 corte
408 1745 514 1777 vobis
548 1743 782 1785 diligentiam
817 1741 978 1783 probare
1006 1741 1245 1784 animumque
1272 1739 1318 1772 de
1343 1739 1465 1771 literis
1493 1740 1531 1770 et
1557 1735 1728 1768 studiosa

273 1807 468 1837 iuventute
493 1801 590 1833 hene
616 1799 786 1831 merendi
809 1798 1104 1840 cupidissimum.
1153 1799 1266 1830 Cuius
1290 1800 1551 1839 argumentum
1576 1795 1606 1825 si
1632 1791 1729 1824 hanc

275 1861 433 1894 Diodori
458 1856 743 1895 Bibliothecain,
772 1856 878 1888 vobis
903 1856 1119 1898 inscriptam
1144 1859 1182 1888 et
1203 1855 1249 1887 ob
1275 1863 1429 1887 caussas
1448 1853 1600 1885 mininie
1621 1849 1728 1882 leves

275 1920 555 1956 consecratam,
592 1915 713 1948 V1n1
742 1913 1082 1952 Nonnassmu,
1127 1913 1372 1956 acceperitis,
1408 1909 1581 1944 laetabor
1611 1905 1729 1940 vehe-

275 1980 434 2008 menter.
482 1971 670 2016 Quidquid
694 1981 834 2014 operae
860 1961 1007 2002 ineam
1034 1971 1231 2013 inpensum
1268 1970 1357 2010 fuit,
1399 1968 1538 2002 vestris
1569 1966 1636 1999 sub
1664 1975 1727 1997 au-

276 2033 404 2076 spiciis
430 2030 629 2062 militatum
656 2033 732 2061 est:
771 2039 839 2061 ros
867 2027 956 2060 mihi
984 2027 1141 2059 liberale
1170 2028 1309 2068 otium,
1343 2027 1448 2058 cuius
1473 2034 1593 2068 aeque
1620 2022 1728 2056 reddi

277 2092 453 2131 oportere
480 2089 664 2119 rationem
696 2096 805 2130 quam
833 2085 996 2127 negotii,
1026 2088 1136 2117 vetus
1162 2088 1220 2116 est
1246 2085 1436 2123 doctrina,
1462 2082 1625 2115 fecistis:
1665 2089 1727 2112 vo-

274 2146 332 2178 bis
358 2143 521 2176 honores
547 2149 585 2176 et
610 2143 793 2176 conmoda
825 2141 967 2180 debeo,
1014 2142 1052 2172 in
1084 2152 1143 2174 me
1170 2143 1307 2185 partim
1338 2140 1494 2180 collata,
1538 2138 1729 2171 destinata

274 2203 423 2246 partim.
473 2200 638 2239 Quorum
663 2202 827 2233 omnium
854 2199 1004 2231 nomine
1029 2199 1102 2230 nisi
1127 2199 1313 2242 publicum
1343 2196 1414 2230 hoc
1438 2200 1477 2229 et
1504 2199 1728 2239 perpetuum

236 2272 242 2274 >
275 2259 375 2303 grati
400 2258 515 2290 animi
541 2262 822 2290 monumentum
851 2257 1076 2298 erigerem,'
1100 2256 1221 2288 videri
1244 2255 1407 2288 fortasse
1432 2263 1581 2297 possem
1605 2254 1728 2296 ingra-

277 2324 359 2359 tus,
393 2317 540 2360 qualem
569 2326 627 2348 me
663 2325 771 2347 nenio
806 2314 920 2345 novit.
967 2311 1165 2353 officiose,
1199 2314 1253 2345 uti
1286 2313 1425 2345 bonum
1456 2313 1574 2344 civem
1606 2311 1729 2351 decet,

275 2385 344 2407 vos
369 2383 500 2406 omnes
527 2373 645 2406 colui:
682 2371 934 2414 singularem,
971 2379 1081 2413 quam
1108 2371 1161 2402 rei
1189 2371 1359 2412 publicae
1387 2374 1425 2402 et
1447 2369 1643 2402 literariae
1670 2369 1729 2400 in—

278 2433 444 2469 sumitis,
486 2440 612 2462 curam
639 2434 843 2461 veneratus
870 2437 972 2467 sum,
1015 2427 1265 2470 praedicoque
1300 2437 1462 2469 semper.
1510 2427 1602 2466 Quis
1627 2427 1728 2458 enim

276 2500 351 2522 non
390 2488 558 2521 celebret
596 2485 895 2529 providentiam,
944 2495 1017 2528 qua
1053 2485 1089 2515 in
1124 2488 1229 2519 tanta
1261 2490 1472 2528 temporum
1506 2483 1727 2516 difficultate

275 2548 415 2579 atrocis
439 2545 530 2577 belli
558 2543 758 2576 formidine
785 2545 1142 2584 circumstrepente,
1172 2552 1237 2584 pro
1265 2542 1385 2575 salute
1410 2542 1596 2582 civitatis,
1628 2541 1728 2572 inco—

273 2605 396 2637 larum
422 2601 666 2635 incrementis
694 2606 732 2633 et
756 2600 945 2633 libertatis
972 2604 1125 2631 nostrae
1153 2609 1197 2631 ac
1222 2600 1417 2643 religionis
1441 2598 1610 2632 Palladio
1635 2599 1727 2642 vigi-

274 2661 486 2693 lantissime
513 2659 731 2692 excubatis?
777 2656 962 2690 Auferunt
986 2666 1077 2688 sane
1103 2657 1431 2689 calamitosissima
1463 2660 1652 2699 tempora,
1690 2659 1729 2688 et

276 2717 349 2749 sibi
376 2716 568 2748 vindicant
600 2716 838 2759 praecipuam
863 2718 1015 2747 vestrae
1043 2714 1306 2746 sollicitudinis
1330 2717 1497 2757 partem,
1539 2723 1607 2746 nec
1635 2714 1728 2757 pati-

276 2774 368 2806 mini
392 2777 518 2805 tamen
539 2783 606 2805 vos
629 2773 683 2804 ita
703 2771 890 2812 abstrahi,
918 2775 959 2804 ut
979 2770 1223 2811 Academiae,
1251 2772 1398 2815 egregii
1423 2774 1573 2802 vestrae
1600 2771 1728 2802 civita-

276 2832 326 2863 tis
349 2830 580 2872 ornamenti,
606 2829 827 2873 dignitatem
853 2835 891 2864 et
915 2829 1202 2873 amplitudinem
1228 2828 1476 2875 postponatis.
1522 2828 1601 2862 lino
1623 2837 1727 2868 vero,
