1859 3326
248 209 342 253 vm
814 220 1135 252 STEPHANI

247 308 306 342 ria
336 308 509 345 feruntur
545 312 797 349 intercidisse.
851 318 996 351 Extant
1018 319 1168 363 quidem
1198 319 1256 363 (ut
1276 319 1314 354 in
1339 322 1441 356 calce
1465 322 1576 358 huius
1597 326 1701 360 volu-

246 367 358 399 minis
388 368 591 415 admonui)
636 373 820 416 quaedam
855 385 901 408 ex
935 376 1009 408 illis
1047 377 1323 418 posterioribus
1361 379 1466 413 libris
1502 388 1699 427 excerpta:

246 422 314 455 sed
348 434 443 468 quae
476 430 622 460 tantum
655 431 764 464 abest
795 436 836 464 ut
866 432 1100 467 desiderium
1136 433 1327 468 hominum
1359 435 1540 473 historiae
1575 452 1701 476 aman-

245 481 336 513 tium
365 482 485 516 lenire
512 486 667 526 possint,
700 492 741 519 nt
764 488 800 520 id
826 490 948 530 potins
974 491 1064 530 (non
1091 501 1201 524 secus
1225 503 1268 526 ac
1293 494 1490 528 collectam
1518 507 1563 530 ex
1587 499 1700 544 longo

244 540 344 572 sitim
373 551 511 584 paucae
538 552 657 585 aquae
684 546 830 587 guttae)
861 548 978 580 multo
1008 550 1129 592 magis
1156 559 1363 584 accensura
1389 553 1474 586 sint.
1521 555 1598 589 Eos
1624 568 1704 590 cer-

244 600 282 628 te
309 598 424 631 libros
449 600 478 631 si
506 598 750 642 haberemus,
791 603 935 636 iactura
960 604 1141 638 librorum
1166 605 1264 639 Livii
1289 610 1469 653 aequiore
1495 614 1619 647 animo
1650 614 1702 648 fe-

243 654 383 694 renda,
411 657 606 700 minusque
634 657 797 691 dolenda
823 660 929 693 nobis
956 660 1066 694 foret.
1112 663 1263 697 Utinam
1289 666 1406 709 igitur
1430 679 1559 703 verum
1588 678 1703 715 esset,

240 710 425 746 liuldrice
473 714 530 745 vir
578 717 921 758 praestantissime,
983 720 1081 763 qnod
1132 721 1219 754 olim
1266 733 1311 755 ex
1356 724 1575 762 doctissimo
1618 733 1699 765 viro

242 766 393 801 Lazaro
418 770 553 813 Bayfio
580 772 794 813 audiebam,
831 778 869 807 et
895 776 993 820 quod
1016 777 1079 810 ille
1108 778 1154 810 ad
1178 790 1218 813 se
1248 782 1427 824 scriptum
1453 783 1584 828 legere
1609 788 1699 822 mihi

243 825 409 867 solebat,
447 829 619 861 nimirum
649 834 749 863 totos
775 833 1025 876 quadraginta
1050 834 1208 869 Diodori
1237 837 1355 872 libros
1379 841 1481 874 visos
1506 844 1543 876 in
1570 844 1700 880 Sicilia

240 885 371 915 nostro
397 887 566 927 tempore
592 887 722 921 fnisse.
770 890 877 928 Quod
905 892 975 923 etsi
1003 891 1137 925 durum
1163 898 1221 926 est
1243 895 1421 937 eredere,
1451 898 1613 935 fortasse
1640 908 1700 936 ta·-

239 947 326 971 men
351 941 503 975 nimium
531 945 748 979 incredulus
778 948 810 979 is
843 950 978 982 merito
1011 951 1264 992 iudicaretur,
1304 955 1364 997 qui
1398 955 1436 988 id
1474 958 1696 995 incredibile

241 1006 325 1029 esse
356 998 573 1034 affirmaret.
623 1002 748 1042 Quare
785 1014 856 1048 ego
890 1010 945 1046 te,
988 1017 1055 1050 per
1089 1020 1171 1041 eam
1209 1020 1305 1052 quae
1334 1011 1401 1043 tibi
1429 1013 1633 1050 intercedit
1659 1024 1698 1053 et

238 1054 312 1086 iam
340 1065 361 1086 a
388 1059 531 1090 teneris
556 1060 775 1094 intercessit
799 1073 879 1095 cum
905 1064 1026 1097 Musis
1053 1068 1278 1108 amicitiam,
1306 1078 1374 1111 per
1399 1079 1480 1102 eam
1508 1083 1617 1116 quam
1644 1077 1698 1109 ul-

236 1113 296 1143 tro
329 1112 468 1147 dedisti
502 1116 549 1150 <le
583 1118 746 1151 iuvanda
778 1119 949 1154 literaria
979 1122 1121 1165 Repuh.
1156 1124 1290 1163 iidem,
1341 1135 1408 1158 oro
1442 1133 1555 1173 atque
1589 1133 1698 1167 obte-

237 1172 328 1207 stor,
361 1175 402 1204 ut
425 1174 636 1216 sumptibus
670 1178 779 1219 (quos
804 1178 840 1209 111
866 1188 910 1210 ea
936 1189 1032 1222 quac
1058 1180 1106 1213 ad
1132 1181 1264 1214 literas
1292 1184 1485 1225 pertinent
1512 1192 1550 1220 ct
1577 1189 1695 1225 liben-

234 1229 296 1258 ter
322 1226 415 1261 facis
439 1235 477 1263 et
502 1231 627 1265 facere
655 1236 762 1275 potes
789 1236 989 1278 maximos)
1027 1237 1074 1270 ad
1107 1239 1187 1270 eius
1215 1241 1526 1284 perquisitionem
1551 1256 1594 1279 ac
1615 1259 1696 1292 per-

235 1285 527 1328 vestigationem
553 1301 624 1322 non
648 1301 795 1333 pareas:
829 1295 867 1323 et
893 1302 938 1325 ne
963 1293 1099 1337 aliquis
1129 1305 1175 1328 ex
1201 1295 1381 1331 fratribus
1408 1301 1493 1341 tuis,
1520 1303 1612 1336 viris
1637 1316 1695 1339 01·-

235 1344 443 1377 natissimis
483 1349 682 1390 (quoniam
714 1348 814 1380 idem
849 1349 904 1381 illi
939 1354 1063 1383 tecum
1092 1352 1256 1388 stadium
1282 1357 1460 1400 currunt)
1492 1356 1594 1401 'hanc
1625 1363 1694 1398 tibi

234 1400 397 1443 palmam
422 1405 652 1449 praeripiat,
681 1405 886 1450 diligenter
911 1416 1060 1441 caveaS.
1092 1409 1199 1443 Vale.

527 1624 670 1672 DE
750 1627 1392 1679 DIODORO

677 1731 753 1765 ΕΤ
796 1731 929 1766 EIUS
971 1732 1243 1768 SCRIPTIS

300 1806 1623 1862 BREVISTRACTATUS

589 1904 895 1950 HENRICI
953 1907 1340 1954 STEPHANI.

230 2082 509 2132 DIODORUS
544 2111 589 2134 ex
623 2103 766 2147 Agyrio
800 2105 893 2139 urbe
927 2105 1080 2141 Siciliae
1105 2112 1233 2153 ortus,
1265 2121 1340 2144 non
1365 2111 1412 2144 ab
1437 2121 1502 2154 ea,
1537 2115 1686 2158 (utpote

231 2163 327 2196 quae
353 2155 557 2197 ignobilior
583 2164 685 2192 esset
712 2160 899 2204 fortasse)
928 2164 996 2197 sed
1021 2165 1067 2198 ab
1093 2167 1176 2209 ipsa
1206 2169 1361 2211 regione
1390 2168 1520 2202 Sicilia
1550 2181 1686 2216 cogno-

232 2220 316 2243 men
354 2215 510 2257 accepit,
567 2227 636 2249 nec
672 2219 770 2251 enim
803 2219 1005 2265 Ἀγυρῖνος,
1052 2224 1119 2256 sed
1150 2224 1364 2268 Σικελιώτης
1398 2230 1684 2269 cognominatus

230 2267 312 2303 fnit.
372 2269 497 2313 Vulgo
532 2272 723 2307 Diodorus
754 2275 900 2309 Siculus
936 2289 957 2311 a
988 2279 1124 2313 Latine
1160 2282 1411 2315 scribentibus
1455 2286 1685 2328 appellaturt

229 2324 329 2368 quod
365 2325 526 2360 Siculum
562 2329 689 2363 Latini
726 2333 991 2369 indifferenter
1028 2341 1103 2370 tam
1137 2339 1343 2383 Σικελιώτην
1377 2352 1488 2385 quam
1525 2346 1684 2389 Σικελὸν,

229 2386 271 2414 nt
294 2383 428 2418 Italum
455 2390 530 2418 tam
556 2383 754 2432 'Ii-‹alwirvgv
783 2401 892 2434 quam
915 2388 1059 2435 Ἰταλὸν,
1100 2406 1257 2430 vocasse
1284 2400 1559 2437 existimentur.
1609 2401 1682 2436 Pli-

228 2442 312 2473 nius
337 2442 544 2477 Diodorum
572 2448 793 2489 simpliciter
818 2455 1025 2493 nuncupat,
1062 2463 1136 2486 non
1160 2453 1287 2486 addito
1313 2465 1335 2487 a
1362 2458 1515 2491 natione
1542 2470 1684 2504 cogno-

228 2506 368 2533 mento.
414 2501 475 2534 Sic
501 2509 540 2535 et
566 2504 730 2537 lustinus
755 2506 923 2550 Martyr,
951 2509 1041 2542 item
1066 2511 1328 2555 Aristophanis
1352 2513 1588 2552 scholiastes.
1633 2519 1682 2551 At

226 2557 415 2590 Eusebius
449 2559 585 2593 alicubi
619 2562 743 2603 addit,
784 2564 921 2596 alicubi
958 2568 1107 2600 omittit.
1151 2570 1333 2612 Agyrium
1366 2576 1494 2605 autem
1529 2575 1679 2607 nomino

225 2615 327 2647 illam
354 2617 544 2650 civitatem
571 2617 743 2660 Siciliae,
778 2622 938 2663 patriam
966 2623 1143 2666 Diodori,
1178 2628 1302 2669 potins
1327 2639 1436 2671 quam
1464 2631 1680 2674 Argyrium,

227 2677 293 2705 aut
311 2675 541 2717 Angyrium:
576 2676 689 2719 (quae
715 2677 810 2710 duae
836 2678 1022 2712 lectiones
1048 2683 1084 2713 in
1115 2685 1254 2716 nostris
1281 2683 1466 2718 habentur
1490 2690 1679 2732 exempla-

229 2731 352 2773 ribus)
383 2742 466 2765 cum
497 2733 613 2775 alios,
656 2738 734 2767 tum
768 2736 928 2769 eundem
965 2736 1128 2772 Plinium
1158 2750 1202 2772 ac
1235 2740 1464 2784 Stephanum
1498 2753 1673 2787 sequens.

229 2787 344 2820 l'nrro
370 2799 410 2822 se
436 2790 523 2823 inde
550 2796 672 2825 ortum
699 2796 862 2826 testatur
885 2795 966 2838 ipse
992 2797 1030 2828 in
1054 2799 1248 2840 prooemio
1274 2800 1391 2832 totius
1418 2803 1555 2843 operis,
1590 2813 1674 2846 pag.

228 2846 262 2876 3.
290 2844 399 2879 huius
424 2847 646 2891 voluminis,
679 2861 751 2883 non
778 2852 906 2895 procul
931 2863 954 2886 a
978 2854 1073 2895 fine,
1103 2854 1200 2899 ἡμεῖς
1223 2858 1289 2903 γὰρ
1315 2860 1348 2895 ἐξ
1366 2855 1549 2904 Ἀργυρίου
1574 2864 1643 2893 etc·-
