1891 3310
400 132 464 172 ΙΝ
494 132 606 172 LIB.
635 132 790 172 XVII.
819 131 948 172 CAP.
981 134 1207 176 19.—23.
1462 138 1550 180 155

95 248 180 288 τῶν
209 242 471 301 φαινομένων
501 241 676 298 ἀγαθῶν
702 244 1079 297 κατεξαναστῆναι,
1108 259 1184 284 non
1196 259 1318 299 posse
1337 260 1379 286 se
1401 250 1490 287 istis
1513 252 1553 288 in

96 306 265 358 speciem
288 303 398 341 bonis
423 304 559 340 reniti.
594 301 646 339 Et
665 314 700 352 p.
723 302 830 343 248.
856 300 905 339 D.
932 296 1050 352 ἦμεῖς
1070 300 1115 342 δὲ
1136 325 1184 331 -
1208 299 1445 352 νικώμενοι,
1469 309 1554 346 τῶν

97 358 311 413 φανέντων
341 355 508 404 οὐδενὸς
537 358 890 409 κατεξαναστῆναι
917 353 1151 409 δυνάμεθα.
1184 358 1375 409 Synesius
1395 360 1555 399 Encom.

98 415 206 454 Calv.
237 428 273 465 p.
305 415 380 456 64.
418 413 486 453 καὶ
515 409 535 454 ὃ
568 409 689 466 λόγος
718 410 930 453 ἀντεισιών
964 413 1235 465 κατεξανίστη
1264 418 1339 455 τοῦ
1372 413 1553 464 πάθους.

101 473 210 511 Adde
230 471 412 520 Excerpt.
433 470 559 507 Vales.
580 481 616 519 p.
642 471 765 517 401.‚
798 469 863 507 ubi
884 469 1028 518 eadem,
1050 483 1124 521 qua
1145 470 1221 518 hic,
1252 472 1389 510 forma.
1416 473 1554 513 WEss.

216 528 318 569 175.
357 528 428 568 87.
457 522 662 578 Ἀτιζύης]
703 524 875 563 Schedae
894 535 1045 564 veteres
1067 530 1106 564 in
1127 528 1267 565 Persae
1294 532 1451 567 nomine
1477 530 1557 567 dis-

101 585 283 621 sentiunt.
311 581 398 620 Hoc
419 583 519 633 elegi
540 583 588 619 ob
609 583 762 620 Arrian.
785 581 827 619 L.
852 581 882 619 1.
899 584 976 622 26.
995 590 1033 620 et
1052 583 1204 631 11.1l.‚
1234 581 1411 622 Curtium
1431 585 1474 623 L.
1488 585 1555 623 ΙΙΙ.

104 642 174 681 ll.
200 641 269 681 10.
308 638 426 676 Aliud
448 645 506 675 est
526 640 711 676 momenti
730 640 900 676 maioris.
937 637 1042 676 lnter
1062 639 1222 687 Persas,
1255 642 1320 689 qui
1337 644 1482 691 praelio
1507 642 1568 680 ad·

100 696 310 734 Granicum
332 694 566 743 ceciderunt,
595 695 760 733 Atizues
781 707 861 732 non
879 702 1123 735 numeratur:
1154 697 1270 745 periit
1288 696 1410 735 altera
1427 698 1475 736 ad
1501 697 1558 736 ls-

101 766 185 790 sum
209 753 506 803 congressione,
537 751 702 800 ipsomet
722 758 877 788 auctore
897 751 1061 789 inferius
1083 765 1116 789 c.
1136 753 1209 792 34.
1236 752 1436 801 prodente.
1465 753 1558 792 Scio

96 804 324 859 ’Λντιξύην
346 820 392 844 eo
413 808 490 844 loci
509 808 647 844 scribi:
688 806 757 843 sed
777 806 942 843 eundem
967 820 1073 855 esse,
1112 808 1265 848 Arrian.
1286 808 1328 847 L.
1346 809 1393 848 11.
1419 812 1490 852 11.
1521 818 1559 848 et

103 863 260 902 Curtius
289 869 518 914 agnoscunt.
567 862 717 901 Forsan
746 874 839 914 ergo
867 865 991 901 maior
1015 864 1121 902 labes
1150 877 1287 904 vocem
1311 866 1559 906 deformavit.

101 920 240 959 Wssss.

216 975 322 1017 175.
357 977 429 1016 88.
469 968 865 1027 Μιθροβαρζάνης]
914 973 1081 1014 Arriano
1108 982 1168 1014 est
1195 973 1559 1033 ,Μιθροβουζάνης

100 1034 166 1081 qul
196 1030 368 1070 Diodoro
398 1027 786 1083 Μιθροβαρζάνης,
835 1031 869 1068 si
910 1030 1024 1069 modo
1063 1034 1118 1070 ita
1157 1035 1315 1083 scripsit
1350 1034 1559 1074 Diodorus.

101 1088 257 1127 STEPH.
290 1081 680 1139 Μιθροβουζάνης]
711 1087 926 1135 Aequiesco
943 1089 984 1125 in
1001 1087 1182 1128 Vaticani
1203 1091 1395 1139 scriptura
1415 1092 1464 1129 ob
1484 1092 1560 1130 Ar·-

98 1146 203 1183 riani
221 1144 490 1181 adsensionem
513 1143 556 1182 L.
579 1142 606 1180 1.
632 1144 701 1184 17.
739 1142 813 1180 Est
833 1156 924 1180 sane
944 1143 1298 1184 Mithrobarzanes
1315 1160 1395 1185 non
1415 1148 1559 1186 obscu-

99 1214 185 1239 rum
208 1203 309 1239 inter
328 1200 465 1237 Persas
485 1212 638 1246 nomen,
669 1199 873 1248 proditque
891 1200 1023 1238 eadem
1044 1201 1246 1251 productio
1268 1204 1310 1241 in
1324 1200 1561 1257 Ἀριοβαρ-

102 1253 247 1308 ζάνης,
276 1250 579 1308 Ναβαρζάνης,
622 1251 939 1308 Σατιβαρζάνης
961 1259 1091 1306 gentis
1113 1271 1352 1297 sermonemt
1389 1265 1560 1298 attamen

102 1327 181 1351 non
203 1312 383 1361 impedit,
423 1311 610 1362 quidquid
634 1313 864 1360 obloquatur
885 1311 933 1350 N.
955 1311 1216 1361 mamardus,
1245 1317 1383 1353 iterum
1402 1315 1562 1355 Freins-

103 1369 221 1408 hemii
240 1371 368 1418 copias
392 1368 439 1405 ad
459 1367 613 1405 Arrian.
634 1381 743 1405 suum
763 1367 805 1405 L.
828 1367 857 1405 Ι.
878 1379 914 1416 p.
935 1369 1011 1410 46.
1029 1369 1289 1421 depeculatus,
1320 1378 1366 1409 ut
1387 1373 1561 1412 Mithro-

105 1426 276 1465 bzczcmes
297 1437 366 1472 pro
386 1425 546 1462 reiiculo
568 1425 618 1460 sit
638 1424 844 1473 putandus.
872 1423 1006 1464 Buzes
1024 1430 1127 1464 enim
1146 1434 1185 1464 et
1207 1426 1396 1467 Buzanes
1417 1428 1561 1468 Persae

105 1484 205 1531 apud
236 1481 488 1531 Procopium,
531 1480 738 1532 Agathiam
777 1486 816 1519 et
844 1482 942 1519 alios
973 1483 1033 1521 illi
1063 1485 1358 1534 patrocinantur
1378 1485 1562 1524 efficacis-

105 1542 211 1578 sime.
237 1536 373 1575 WVESS.
722 1533 728 1537 '

221 1595 324 1635 176.
353 1593 428 1634 94.
477 1593 567 1645 Τῆς
596 1588 888 1645 ἀνδραγαθίας
920 1589 969 1633 τὸ
1000 1590 1235 1647 πρώτιστον
1271 1592 1561 1651 ἀπηνέγκατο]

105 1650 195 1690 Non
217 1650 380 1696 dubitat,
406 1649 500 1697 quin
520 1649 724 1701 legendum
746 1649 798 1686 sit
815 1645 861 1688 τὸ
885 1655 1100 1702 πρωτεῖον,
1131 1651 1182 1689 Η.
1201 1651 1437 1703 Stephanus,
1459 1655 1562 1706 quod

106 1715 208 1746 certe
227 1708 342 1756 longe
362 1706 514 1743 tritius:
542 1705 638 1743 mihi
657 1711 787 1742 tamen
806 1705 976 1742 nondum
997 1708 1131 1757 liquet.
1159 1708 1294 1746 WEss.

222 1764 326 1803 176.
346 1762 389 1801 4.
417 1759 597 1807 Πλειόυς
615 1762 700 1799 τῶν
719 1759 903 1812 μυρίων]
932 1760 992 1798 De
1013 1776 1210 1802 caesorum
1230 1777 1391 1803 numero
1412 1766 1563 1805 discor-

109 1819 172 1857 dia
191 1825 261 1855 est.
291 1816 402 1854 Conf.
421 1815 659 1854 Freinshem.
681 1818 722 1853 in
741 1814 867 1854 Curtii
887 1816 932 1857 L.
959 1816 1029 1858 111.
1058 1821 1078 1861 l
1091 1821 1128 1860 l.
1148 1822 1226 1861 27.
1253 1827 1291 1858 et
1313 1820 1390 1860 Iac.
1408 1822 1565 1862 Grono-

109 1878 215 1914 vium
239 1873 287 1911 ad
308 1874 463 1910 Arrian.
487 1873 530 1910 L.
553 1872 584 1912 Ι.
611 1874 682 1914 17.
721 1871 858 1910 YVESS.

225 1932 328 1971 176.
363 1930 434 1970 13.
475 1928 696 1981 ΖΙῙιθρίνου
727 1930 801 1968 τοῦ
832 1925 1047 1982 σατράπου
1078 1928 1371 1984 παραδόντος]
1400 1932 1566 1974 Detraxi

109 1986 316 2025 Mithrinae
334 1987 482 2023 nomini
506 1984 718 2033 superfluas
740 1985 884 2024 literas.
912 1985 1019 2023 Infra
1039 2000 1072 2024 c.
1097 1989 1171 2029 64.
1218 1989 1415 2044 ΖΙἸιθρίνῃ
1439 1991 1485 2031 δὲ
1504 1995 1563 2031 τῶ

108 2037 336 2095 παραδόντι
355 2039 431 2093 τὴν
456 2039 498 2080 ἐν
522 2036 725 2094 Σάρδεσιν
747 2037 894 2094 ἄκραν,
920 2039 1154 2095 Ἀρμενιάν
1175 2041 1337 2085 ἔδωκεν.
1384 2034 1564 2086 Consent-

110 2103 160 2137 tit
178 2100 331 2136 Ari-ian.
354 2097 397 2134 L.
418 2096 485 2134 111.
512 2099 597 2144 16.,
620 2098 687 2145 qui
707 2098 868 2146 perinde
885 2111 931 2136 ac
949 2096 1106 2138 Curtius
1127 2101 1173 2141 L.
1191 2101 1262 2142 111.
1290 2105 1361 2143 12.
1393 2103 1567 2144 Mithre-

109 2170 197 2195 nem
217 2155 386 2203 adpellat
408 2153 450 2190 L.
472 2153 501 2192 Ι.
524 2156 595 2195 18.
626 2153 761 2191 Wnss.

227 2212 330 2252 176.
359 2210 435 2250 29.
467 2206 613 2256 Εὐθὺς
632 2207 674 2249 d'
704 2207 743 2249 οἳ
764 2204 969 2262 Μιλήσιοι
988 2207 1082 2265 ete]
1122 2211 1230 2252 Haeo
1249 2213 1449 2254 Arrianeis
1472 2216 1516 2255 L.
1536 2216 1568 2254 1.

114 2269 190 2308 20.
213 2280 292 2306 non
312 2267 409 2303 bene
427 2273 658 2317 congruunt.
684 2265 821 2303 VVESS.

231 2326 250 2364 1
263 2325 334 2364 77.
354 2323 430 2363 44.
467 2321 654 2374 Νομίσαι
674 2318 1049 2379 τούςιΜακεὸόνας
1069 2321 1352 2379 ἐκθυμότερον
1380 2325 1568 2381 ἀγωνιεῖ-

115 2378 250 2433 σθαι]
284 2378 406 2428 Saepe
432 2379 704 2428 imperatores,
733 2391 782 2416 ne
803 2390 878 2428 qua
897 2379 1039 2418 fiducia
1062 2384 1246 2432 navium,
1275 2383 1324 2421 ad
1348 2397 1443 2435 quas
1463 2386 1569 2422 refu-

114 2439 220 2487 gium
243 2442 348 2482 erat,
378 2435 507 2472 minus
528 2441 753 2472 constanter
773 2442 962 2486 pugnaret
983 2440 1198 2486 exercitus,
1239 2447 1305 2476 aut
1325 2442 1485 2478 classem
1507 2443 1571 2477 in-

115 2491 313 2540 (tendisse,
347 2498 414 2528 aut
433 2492 512 2528 alio
534 2491 758 2529 amandas-se
780 2493 972 2543 leguntur.
1011 2493 1099 2531 vid.
1120 2494 1360 2546 Polyaenum
1380 2498 1499 2534 Strat.
1524 2496 1567 2536 L.

115 2549 162 2586 V.
183 2549 260 2588 25.
277 2555 315 2585 et
335 2547 513 2586 Frontin.
538 2546 580 2584 L.
608 2547 633 2584 Ι.
660 2549 730 2588 ll.
749 2550 824 2588 21.
854 2549 977 2592 Quam
1001 2550 1160 2587 eandem
1182 2554 1279 2589 artis
1299 2555 1403 2590 riam
1424 2552 1570 2590 Mauri-
1609 2584 1618 2599 s

117 2607 215 2643 tium
231 2604 480 2650 Nassovium‚
509 2604 734 2641 clarissimis
754 2611 928 2642 veterum
947 2605 1039 2643 belli
1057 2605 1217 2644 ducibus
1237 2609 1418 2645 militaris
1441 2611 1568 2645 scien-

117 2663 194 2698 tiae
213 2673 286 2698 usu
309 2661 422 2698 facile
443 2673 583 2709 parem,
605 2661 822 2710 ingressum
843 2661 964 2698 fuisse
986 2661 1108 2700 nobili
1129 2663 1178 2702 ad
1200 2663 1438 2714 Neoportum
1461 2676 1570 2712 prae-

118 2719 186 2763 lio,
215 2729 264 2755 ex
281 2716 608 2755 Pier.Winsemio
628 2718 668 2753 in
690 2716 798 2754 Gest.
815 2715 991 2757 Maur-itii
1011 2716 1104 2757 Reb.
1125 2730 1163 2768 1),
1186 2720 1261 2761 43.
1284 2723 1480 2770 cognitum
1501 2727 1571 2758 est.

118 2773 260 2810 Wess.
