1859 3326
244 170 305 209 98
705 159 1236 201 ANNOTATIONES

250 282 282 318 si
304 277 505 349 scripseris
525 271 611 314 ἀλλ
637 270 775 327 ἔμενεν
801 272 930 314 αὐτου
949 271 1204 328 (Φίλιππος)
1228 272 1486 326 Παμμένους
1505 269 1708 327 ἐρώμενος

252 335 318 376 καὶ
350 333 439 380 νέος
468 329 669 385 ἕοαστιχς,
708 331 821 369 hians
852 338 967 369 antea
995 344 1041 369 ae
1072 331 1221 368 defecta
1246 334 1370 369 oratio
1395 331 1574 368 decurret
1600 337 1709 368 recto

254 395 416 430 tlaxuite.
448 390 492 427 11·
499 400 521 424 1
526 399 579 426 ss.

372 448 575 487 107.11
605 442 714 497 Περὶ
733 439 852 484 πόλιν
873 440 1069 497 Ὀονεὰς]
1103 441 1214 480 Conf.
1236 441 1279 480 L.
1299 441 1390 480 XII.
1414 444 1486 484 81.
1517 441 1653 481 W'ESS.

373 506 477 544 108.
501 504 575 542 20.
617 498 742 552 Πλην
776 499 994 553 Καρὸίιις]
1030 499 1309 537 Cardianorum
1334 499 1491 547 urbem,
1531 501 1617 536 loc-0
1643 510 1713 546 op-

259 567 422 612 portuno
446 567 558 606 atque
579 561 663 606 ipso
683 560 725 595 in
750 558 858 595 aditu
879 555 1110 594 Chersonesi
1133 558 1247 606 posit·
1240 571 1322 604 un,
1353 556 1428 593 sibi
1449 558 1624 602 retinuit,
1655 557 1715 591 in-

259 619 448 668 dignante
468 617 632 651 (liotore
654 613 721 650 Or.
744 614 833 652 adv.
857 613 1086 652 Aristocrat.
1116 625 1153 661 p.
1173 614 1283 652 432.
1309 619 1347 649 et
1368 613 1435 649 Or.
1467 619 1640 649 extrema
1669 611 1715 648 de

260 673 506 722 Pae.p.13.
537 671 616 719 Ipsi
644 669 849 716 Cardiam,
895 683 982 706 oum
1002 675 1148 706 tractus
1181 672 1264 706 eius
1284 670 1398 705 urbes
1420 668 1714 705 Atheniensium

261 733 418 768 colonos
439 729 700 775 admitterent,
723 740 787 763 eos
810 727 1072 772 excluserunt,
1095 722 1280 778 λέγοντες
1303 724 1412 763 ἷὸίαν
1428 720 1572 777 χώραν
1593 724 1717 763 οἰκεῖν

262 786 330 826 καὶ
363 782 436 824 οἰκ
462 782 717 834 Ἀθηναιίυν
739 786 779 820 in
803 783 957 820 Libanii
977 782 1136 833 Argum.
1158 781 1228 821 Or.
1249 780 1501 818 Demosthen.
1523 780 1569 817 de
1587 778 1719 816 Rebus

265 845 307 880 in
327 841 528 886 cherson..
549 840 615 877 ubi
635 839 752 876 ductu
774 838 985 888 Diopithis‚
1015 841 1137 889 patris
1155 837 1361 875 Menandri
1386 844 1533 886 poetae,
1560 838 1719 874 colonos

265 900 335 936 hos
359 911 443 935 eam
459 899 499 934 in
522 898 719 946 regionem
741 896 923 932 deductos
945 895 1127 932 ostendit.
1146 888 1227 933 Ην
1245 893 1322 945 μὲν
1340 891 1433 947 γὰρ,
1452 895 1590 942 inquit,
1610 891 1722 945 Xe&-

266 951 465 1021 ῥόνησος,
498 969 522 1004 ι]
549 966 654 1004 προς
678 948 876 1020 Θρᾴκην,
898 953 983 990 τῶν
1001 948 1254 1002 Ἀθηναίων
1280 951 1418 1001 κτῆμα
1442 946 1628 1016 ἀρχαῖον.
1667 963 1724 994 εις

267 1011 312 1051 df*
332 1006 488 1061 τιιύιην
514 993 759 1048 ἀπέστειλαν
776 1005 882 1046 κατὰ
909 1004 1007 1054 τοὺς
1032 1006 1240 1047 Φιλίππου
1271 1019 1439 1059 καιρους
1467 1000 1725 1057 κληρούχους

269 1065 427 1106 ἑαυιῶι
449 1073 523 1104 etc.
556 1064 615 1101 De
637 1064 883 1112 Cersoblepte
904 1062 1039 1114 Cotyis
1058 1062 1117 1112 F.‚
1145 1063 1441 1101 Atheniensium
1463 1065 1602 1110 amico,
1622 1062 1726 1100 idem

271 1124 456 1162 Libanius
479 1121 527 1158 T.
547 1121 594 1159 ll.
613 1135 649 1191 Ρ.
672 1123 778 1162 687.
801 1120 841 1157 C.
870 1120 922 1158 W
926 1131 1007 1156 mss.

384 1182 486 1220 108.
520 1178 595 1218 25.
626 1175 804 1217 ”Euam
836 1170 1181 1227 κατισχυόμενοι]
1212 1175 1302 1214 Vid.
1319 1176 1504 1226 Polyaen.
1526 1173 1571 1213 L.
1596 1173 1661 1212 IV.
1681 1174 1725 1214 2.

275 1236 346 1277 15.
382 1235 474 1273 Mox
500 1232 670 1285 ἔχοντας
695 1229 740 1273 ἐν
769 1230 932 1285 ιιιάτιον
963 1231 1138 1272 ἕκαστον
1161 1232 1370 1271 offensioni
1391 1244 1475 1269 esse
1495 1243 1576 1278 non
1597 1230 1724 1268 dehet.

273 1292 315 1330 S.
337 1292 522 1330 LucasA.
541 1290 587 1327 A.
610 1304 643 1330 c.
666 1293 708 1330 2.
725 1292 766 1331 6
796 1287 949 1341 ἤκουον
971 1284 1027 1335 εις
1046 1287 1231 1336 ἕκαστος.
1261 1296 1342 1327 tum
1357 1291 1447 1334 πῶς
1465 1282 1583 1339 ημεῖς
1603 1282 1727 1326 ἀκού-

272 1361 371 1400 ομεν
393 1344 449 1394 εἷς
470 1346 666 1397 ἓκαστοςς
700 1345 742 1385 S.
765 1347 922 1384 Paullus
942 1345 1012 1395 Ep.
1034 1345 1083 1382 ad
1101 1345 1269 1396 Philipp.
1290 1359 1321 1383 c.
1342 1347 1387 1385 2
1409 1345 1453 1384 4.
1481 1341 1540 1396 μὴ
1562 1339 1615 1382 τὰ
1634 1338 1729 1382 ἑαυ-

273 1407 357 1444 τῶν
390 1404 564 1450 ἕκαστος
599 1417 797 1443 σκοπειτε.
841 1402 988 1451 loseph.
1018 1401 1191 1440 Prooem.
1223 1408 1314 1440 sect.
1349 1403 1418 1442 ll.
1442 1399 1524 1437 Bel.
1546 1399 1630 1437 lud.
1658 1398 1729 1438 καὶ

275 1461 331 1507 εἷς
350 1458 400 1513 ἢν
425 1459 466 1499 ἕ-’ν
457 1474 597 1506 ςαστος
616 1455 744 1510 τύχην
765 1453 1084 1510 ὁιξνειιηθιίσοιν.
1108 1458 1176 1495 Sic
1198 1461 1299 1496 enim
1318 1457 1438 1495 Codd.
1460 1458 1607 1506 scripti.
1625 1455 1730 1494 Lon-

274 1521 389 1569 ginus
411 1516 502 1568 περὶ
512 1513 617 1566 1ψ
642 1523 734 1552 εει-..ι
760 1518 828 1552 ult.
853 1529 888 1564 p.
915 1516 1022 1554 210.
1058 1512 1231 1561 ἕκαστος
1260 1511 1365 1567 πρὸς
1386 1527 1462 1565 της
1482 1509 1633 1551 ἑαυτοῦ
1653 1509 1730 1563 ἠν-

277 1570 540 1625 ὸριιποὸισμέ
539 1587 611 1611 νοι.
650 1572 783 1609 Placet
803 1579 840 1608 et
860 1571 1019 1608 Latinis.
1048 1570 1187 1623 Virgil.
1208 1571 1301 1608 Aen.
1321 1570 1413 1608 XII.
1440 1571 1546 1609 552.
1577 1568 1658 1606 Pro
1688 1580 1732 1605 se

276 1633 439 1681 quisque
462 1635 594 1666 ruunt.
624 1629 656 1666 V
659 1629 720 1666 ide
739 1629 787 1666 N.
809 1628 884 1665 Hei
875 1629 1015 1665 nsium
1035 1633 1074 1664 et
1098 1628 1142 1666 P.
1161 1627 1343 1665 Burman.
1365 1626 1414 1665 ad
1437 1625 1553 1664 Ovid.
1573 1624 1731 1663 Metam.

275 1687 323 1727 V.
348 1688 455 1726 212.
490 1685 626 1722 WEss.

395 1744 497 1783 108.
531 1743 604 1781 30.
649 1738 811 1792 Συνέβη
841 1737 915 1779 τὸν
941 1737 1150 1779 (Βίλιππον
1178 1736 1235 1785 εἷς
1264 1736 1338 1779 τὸν
1370 1733 1601 1792 ὀφθαλμὸν
1623 1737 1732 1789 πλη-

274 1795 406 1866 γὲντα
419 1806 490 1835 etc.
503 1796 521 1850 ]
555 1796 699 1834 Inflicti
719 1799 893 1834 vulneris
914 1803 1051 1833 auctor
1070 1796 1192 1833 Aster
1211 1797 1436 1833 notissimus
1459 1801 1518 1832 est
1538 1807 1586 1831 ex
1608 1792 1732 1830 Suida

277 1859 319 1893 in
339 1850 551 1907 Κάρανος,
581 1853 750 1902 Ulpiano
771 1854 819 1890 ad
840 1852 1001 1903 01311th
1024 1852 1090 1889 111.
1111 1866 1146 1903 p.
1165 1854 1258 1899 21„
1288 1850 1461 1888 Luciano
1486 1851 1663 1899 inprimis
1684 1850 1732 1886 (le

279 1909 477 1948 Conscrih.
500 1910 650 1947 Histor.
674 1924 706 1946 c..
728 1912 801 1950 38.
794 1937 818 1957 .‚
845 1922 956 1958 quem
978 1915 1106 1945 tamen
1130 1909 1462 1946 inconsiderantia
1490 1908 1733 1945 aberrantem

279 1971 321 2006 in
342 1971 444 2005 viam
463 1967 620 2004 reduxit
639 1967 715 2005 lac.
738 1967 902 2004 Palmer.
925 1965 1097 2004 Exercit.
1119 1977 1155 2013 p.
1180 1955 1283 2005 557.
1316 1965 1483 2010 Οἰνεωη
1508 1975 1602 2001 vero
1624 1962 1733 2000 debi-

278 2027 425 2061 litatem
454 2022 734 2060 Demosthenes
763 2025 856 2060 satis
890 2024 1094 2059 criminose
1126 2021 1347 2070 Philippum
1384 2017 1459 2059 τὸν
1499 2015 1732 2071 ὀφθαλμὸν

278 2080 494 2130 ἐκκεκοιιιι.
487 2077 594 2125 ’(’,ιον
623 2076 699 2130 τὴν
729 2080 837 2118 κλεῖν
869 2073 1122 2129 κατεαγότα,
1151 2074 1226 2128 τὴν
1244 2081 1388 2129 χεῖρα,
1417 2072 1465 2115 τὸ
1491 2073 1635 2121 σκέλος
1662 2089 1733 2113 πε·

277 2134 549 2189 πηοιιμιέιον,
588 2136 755 2172 tladueit
775 2143 812 2172 et
834 2141 945 2172 taxat
969 2135 1036 2170 Or.
1062 2147 1130 2182 pro
1152 2132 1291 2172 Coron
1319 2146 1354 2182 p.
1385 2132 1488 2172 146.
1527 2130 1580 2167 At
1609 2132 1733 2168 multo

279 2195 450 2243 aspelius
483 2199 521 2228 et
553 2192 821 2229 vehementius
853 2190 1038 2227 libanius
1068 2189 1115 2226 T.
1139 2188 1168 2225 Ι.
1196 2202 1232 2237 Ρ.
1257 2190 1360 2229 107.
1381 2187 1430 2225 D.
1459 2186 1526 2226 καὶ
1537 2202 1634 2254 μην
1663 2186 1733 2226 καὶ

278 2265 326 2289 τι)
358 2251 480 2299 σῶμα
511 2249 722 2294 τοιοῦτος,
746 2263 834 2287 οιον
857 2245 907 2286 ἄν
936 2261 997 2292 τις
1019 2243 1118 2286 ἰδὼν
1139 2243 1389 2284 οιωιίσιιιτο.
1411 2239 1630 2294 χωλευων,
1658 2240 1732 2282 τὸν

279 2301 509 2357 οφθαλμὸν
539 2302 853 2354 ἐκκεκομμένος,
889 2300 1024 2341 πολλὰ
1045 2304 1129 2341 τῶν
1150 2303 1286 2352 μελῶν
1308 2297 1614 2352 πεπηρωμένος.
1653 2298 1733 2336 Ta-

278 2364 354 2399 lem
375 2362 477 2397 enim
502 2360 696 2406 describit,
726 2374 839 2409 quem
859 2362 944 2408 quis
967 2366 1010 2395 ut
1031 2364 1191 2394 naturae
1212 2357 1420 2394 ludibrium
1443 2357 1610 2403 malique
1636 2357 1732 2393 omi-

278 2421 339 2455 nis
366 2422 629 2455 occurrentem
648 2424 861 2453 aversatur.
902 2415 1101 2452 Mutuatus
1125 2420 1184 2450 est
1204 2415 1372 2451 coloxem
1392 2425 1441 2449 ex
1462 2411 1734 2458 Demosthenis

278 2477 346 2512 illo
371 2476 485 2542 loco,
497 2479 534 2508 et
554 2474 674 2509 altero
696 2472 764 2510 Or.
789 2472 816 2509 Ι.
840 2474 880 2509 in
902 2471 1108 2522 Aristogit.
1132 2482 1170 2518 p.
1192 2471 1299 2509 492.
1329 2464 1349 2508 ὃ
1377 2464 1533 2519 λοιμός.
1566 2465 1614 2507 ὃν
1638 2467 1734 2507 οἴω-

278 2527 433 2569 νίσαιτ
469 2525 520 2568 ἄν
548 2542 610 2574 τις
637 2529 797 2578 μᾶλλον
824 2525 947 2571 ἶὸιὺν.
975 2524 1000 2577 ἡ
1028 2531 1263 2579 προσειπεῖν
1292 2521 1503 2576 βούλοιτο.
1533 2523 1733 2571 Morellus‚

278 2590 467 2636 interpres
487 2585 654 2631 Libanii,
683 2585 887 2632 antiquum
907 2585 1065 2620 obtinet.
1093 2582 1229 2620 VVESS.

394 2644 496 2683 108.
528 2641 601 2680 34.
642 2637 764 2693 Πρὸς
784 2635 1063 2693 Λυκόᾳρονα
1079 2636 1153 2679 τὸν
1181 2638 1329 2692 Φερῶν
1356 2631 1587 2689 τυραννον]
1618 2633 1731 2676 Conf.

278 2699 327 2737 ad
347 2714 382 2737 c.
411 2699 482 2739 14.
513 2697 652 2734 WEss.

392 2757 495 2795 108.
515 2753 590 2793 49.
624 2746 783 2801 Μόλις]
812 2744 951 2803 ΖΙῖῙιῙγις
962 2749 1060 2802 Reg.
1084 2755 1258 2800 uterque,
1278 2749 1472 2798 frequenti
1491 2748 1731 2785 confusione.

273 2811 359 2848 vid.
381 2810 428 2850 T.
455 2808 670 2847 Hemsterh.
690 2809 738 2846 ad
760 2807 920 2845 Lucinni
943 2806 1022 2844 lud.
1042 2807 1172 2843 Vocal.
1196 2819 1228 2843 c.
1248 2806 1291 2845 4.
1316 2805 1452 2851 WESS.
