1859 3326
314 209 462 241 CCXIV
600 209 884 241 OECONOMIA
918 207 1190 240 fflsTORIAE
1227 208 1450 240 DIODORI.

311 307 546 350 Aegyptum,
575 309 664 341 ante
691 310 823 341 contra
847 305 1064 340 Perdiccam
1091 304 1204 349 (conf.
1222 305 1285 339 lib.
1301 304 1446 349 XV111,
1474 317 1495 341 e
1523 307 1569 345 36
1587 307 1680 353 sqq.)
1708 307 1772 343 de-

314 363 459 398 sensam
473 388 481 403 ,
508 365 581 397 iam
602 365 723 398 altero
743 365 844 399 bello
861 364 1086 405 vindicavit,
1119 367 1158 397 et
1173 365 1348 398 asseruit.
1382 375 1413 398 c.
1427 368 1588 403 73—76.

405 429 424 447 ¹⁸¹
449 423 681 456 Interiicitur
717 423 860 455 notatio
892 423 1099 465 principum
1134 421 1347 456 Heracleae
1375 421 1567 456 Ponticae.
1619 422 1772 457 Mortuo

312 478 500 523 Dionysio
527 480 643 523 (conf.
668 480 854 521 lib,XV1‚
880 490 909 513 c.
929 483 971 517 88
991 480 1102 523 extr.)
1133 479 1338 513 succedunt
1366 481 1434 514 filii
1460 480 1618 514 Zathras
1648 482 1774 524 (Oxa-

312 535 434 577 thras)
463 541 502 571 et
526 537 748 579 Clearchus,
786 539 848 582 qui
875 547 928 570 v11
955 541 994 571 et
1023 546 1048 570 x
1078 547 1195 570 annos
1222 542 1394 582 regnant.
1456 539 1557 573 Alias
1582 539 1775 573 Diodorus

315 595 501 629 eiusmodi
527 596 706 640 abruptas
733 606 859 628 rerum
884 605 1108 628 coaevarum
1135 595 1309 637 notitias,
1352 597 1459 631 finito
1489 607 1613 631 annuo
1650 606 1775 640 cursu,

312 652 419 686 velut
437 654 681 697 appendicem
704 653 868 686 adiicere
886 653 1043 688 solebat.
1080 664 1110 686 c.
1127 655 1170 688 77
1190 663 1245 696 pr,

406 711 498 744 Inde
521 711 568 744 ad
586 722 648 744 res
666 709 811 743 Siculas
828 711 964 744 transit
989 712 1159 755 scriptor.
1207 712 1352 746 Accidit
1376 716 1524 754 autem,
1554 713 1652 758 quod
1678 713 1776 747 citra

313 768 427 803 fidem
451 774 543 804 erat.
592 768 819 812 Agathocles
839 774 922 813 post
939 773 995 802 tot
1015 769 1195 802 adversos
1215 780 1344 811 casus,
1368 781 1448 804 cum
1468 782 1598 806 omnes
1617 771 1776 806 haberet

310 827 490 867 infestos,
517 828 672 870 insuper
690 838 782 860 vero
802 826 1032 871 Pasiphilus,
1068 828 1256 871 copiarum
1280 828 1377 870 dux,
1412 829 1503 873 (vid.
1523 831 1586 866 lib,
1602 830 1714 872 XIX,
1742 840 1775 866 c.

315 885 409 927 102.)
429 895 509 917 cum
531 886 699 918 exercitu
719 885 765 918 ad
785 884 1028 919 Dinocratem
1044 910 1055 927 ,
1080 887 1251 919 exsulum
1269 886 1534 930 imperatorem
1548 913 1557 929 ,
1591 888 1678 933 (vid.
1710 887 1775 921 lib.

312 940 422 982 X1X,
450 952 480 975 c.
502 942 594 986 104.)
623 943 852 984 defecisset,
877 944 1002 976 animo
1021 944 1073 975 ita
1089 944 1270 985 concidit,
1298 948 1339 977 ut
1358 945 1567 990 principatu
1586 946 1691 979 abire
1710 945 1775 980 de-

312 1001 491 1041 stinaret,
533 1003 571 1033 et
600 1000 796 1034 Dinocrati
830 1001 1033 1034 levissimis
1063 1001 1339 1035 conditionibus
1365 1003 1574 1046 pactionem
1603 1002 1776 1036 offerret.

314 1058 403 1090 Cum
423 1057 648 1092 Dinocrates
667 1059 919 1092 conditionem
942 1069 1014 1090 non
1035 1059 1246 1102 acciperet,
1280 1061 1440 1092 mutavit
1461 1061 1656 1094 consilium
1670 1086 1678 1102 ,
1708 1059 1774 1092 Di-

313 1119 505 1148 nocratem
531 1116 629 1161 apud
655 1127 743 1150 suos
768 1121 809 1149 ut
833 1115 979 1149 hostem
1006 1115 1194 1150 libertatis
1223 1119 1433 1159 accusavit,
1467 1121 1506 1151 et
1530 1129 1612 1151 cum
1632 1118 1773 1152 Poenis

310 1181 439 1217 pacem
464 1173 566 1207 fecit.
600 1185 629 1208 c.
648 1178 740 1211 77-
755 1176 810 1210 79.
855 1174 932 1214 „ln
950 1172 1020 1206 hoc
1043 1178 1143 1207 statu
1160 1185 1221 1208 res
1243 1174 1394 1208 Siciliae
1413 1179 1565 1208 erant.“

402 1237 419 1256 *Ξ
440 1231 573 1264 Brevis
593 1232 726 1265 notitia
742 1242 865 1266 rerum
876 1231 1130 1266 Romanarum
1149 1232 1310 1266 adiecta.
1341 1231 1502 1266 Romani
1518 1232 1619 1266 bello
1636 1233 1777 1277 urgent

312 1285 515 1321 Samnites.
547 1299 576 1322 c.
594 1291 650 1325 80.

401 1353 496 1387 Αηη.
521 1353 556 1391 4.
601 1355 727 1389 Primo
748 1354 794 1389 de
814 1355 927 1389 rebus
946 1356 983 1389 in
1003 1356 1091 1390 Asia
1109 1356 1243 1400 gestis.
1290 1355 1522 1391 Rhodiorum
1548 1356 1776 1400 respublica,

310 1412 442 1456 opibus
462 1423 578 1456 reque
599 1414 722 1447 navali
739 1413 1007 1447 florentissima
1021 1438 1030 1454 ‚
1063 1414 1283 1448 adverterat
1310 1415 1543 1448 aemulorum
1565 1416 1673 1459 regni
1695 1415 1776 1448 Ma-

310 1471 480 1503 cedonici
508 1471 741 1515 singulorum
771 1473 928 1505 animos.
990 1472 1039 1504 Ut
1065 1472 1202 1505 nullius
1227 1471 1405 1505 invidiam
1432 1473 1661 1513 excitarent,
1706 1482 1777 1505 nec

306 1527 419 1561 bellis
447 1528 772 1571 immiscerentur,
806 1530 1019 1575 aequaliter
1043 1530 1218 1563 colebant
1244 1541 1394 1572 omnes,
1427 1531 1473 1564 ab
1493 1531 1591 1563 omni
1612 1531 1777 1575 partium

307 1586 435 1619 studio
463 1587 589 1623 alieni.
656 1586 730 1621 Sed
757 1598 838 1620 cum
874 1587 1138 1629 nihilominus,
1185 1588 1230 1622 ob
1264 1593 1394 1622 mutua
1432 1589 1659 1622 commercia
1693 1597 1777 1621 cum

306 1645 525 1688 Aegyptiis,
555 1645 727 1688 inprimis
756 1644 979 1680 Ptolemaeo
1005 1646 1134 1680 favere
1160 1646 1401 1688 viderentur,
1430 1647 1658 1690 Antigonus,
1682 1645 1777 1678 invi-

309 1701 373 1735 dia
389 1701 543 1743 ductus,
572 1702 618 1735 ab
640 1703 731 1746 ipsis
747 1703 818 1736 iam
838 1708 925 1737 ante
946 1704 1089 1736 auxilia
1108 1708 1239 1737 contra
1258 1704 1518 1738 Ptolemaeum
1541 1706 1777 1747 poposcerat.

309 1759 416 1800 Quae
435 1771 516 1793 cum
537 1766 802 1804 recusassent,
827 1763 1036 1807 Antigonus
1056 1772 1202 1795 merces
1221 1772 1350 1796 eorum
1372 1763 1596 1806 intercepit,
1619 1761 1778 1795 bellum·

310 1828 384 1862 que
410 1819 455 1851 iis
482 1819 629 1860 intulit,
660 1821 774 1853 misso
800 1820 997 1853 Demetrio
1024 1819 1102 1853 filio
1133 1830 1214 1852 cum
1244 1820 1379 1856 classe.
1423 1831 1455 1853 c.
1477 1820 1533 1857 81.
1565 1822 1622 1854 82.
1676 1818 1778 1851 Belli

310 1877 497 1910 acerrime
535 1878 633 1921 gesti
669 1876 847 1919 historia,
889 1882 926 1911 et
959 1878 1249 1921 oppugnationis
1284 1878 1500 1921 descriptio.
1545 1886 1574 1909 c.
1601 1878 1778 1912 83—87.

310 1931 447 1966 Rhodii
474 1933 680 1969 fortissime
706 1934 908 1978 resistunt,
950 1939 988 1969 et
1012 1936 1134 1969 navali
1164 1935 1316 1979 proelio,
1341 1933 1578 1967 Demetrium
1604 1933 1779 1966 fundunt,

308 1991 463 2025 Interea
479 2003 501 2025 a
520 1993 666 2026 Cnosiis
686 1997 724 2026 et
743 1992 960 2028 Ptolemaeo
984 1995 1125 2027 auxilia
1144 1993 1385 2026 subveniunt·
1408 2002 1438 2029 c.
1456 1995 1514 2029 88.
1562 1993 1716 2037 „Atque
1739 1993 1779 2024 in

308 2046 382 2082 hoc
401 2054 501 2082 statu
520 2054 598 2083 tum
619 2055 701 2084 erat
720 2050 840 2085 Rhodi
860 2052 1130 2096 oppugnatio.“

401 2106 442 2140 ln
468 2106 596 2141 Sicilia
615 2108 840 2152 Agathocles
862 2110 899 2142 in
918 2109 1162 2143 Dinocratem
1183 2111 1221 2140 et
1241 2107 1412 2141 exsulum
1435 2107 1663 2148 exercitum,
1694 2116 1778 2140 cum

309 2175 441 2210 pacem
469 2165 633 2198 oblatam
663 2167 836 2210 accipere
869 2167 1098 2207 noluissent,
1130 2165 1271 2198 bellum
1304 2168 1474 2198 renovat.
1519 2163 1652 2208 Pugna
1678 2163 1778 2208 apud

311 2222 494 2265 Gergium
523 2223 737 2267 (Torginm)
764 2225 984 2265 commissa,
1016 2223 1133 2256 vincit
1157 2221 1406 2266 Agathoclem,
1439 2226 1477 2255 et
1495 2227 1624 2264 captos
1649 2226 1780 2255 contra

313 2279 438 2313 (latam
465 2278 578 2313 fidem
608 2281 829 2322 obtruncat3
872 2281 939 2314 sed
961 2281 1204 2314 Dinocratem
1222 2281 1322 2313 inter
1338 2280 1478 2313 amicos
1497 2280 1650 2323 recipit,
1673 2280 1779 2312 cuius

311 2347 429 2382 opera
453 2338 610 2371 castella
639 2343 678 2372 et
702 2339 816 2372 urbes
842 2337 1006 2372 hostium
1027 2337 1199 2381 reliquae
1219 2338 1256 2370 in
1273 2337 1454 2372 ditionem
1471 2336 1687 2381 Agathoclis
1711 2347 1781 2371 ve·

311 2398 461 2430 nerunt.
489 2399 587 2432 c.89.
608 2399 663 2433 90.

403 2454 420 2471 *
453 2452 593 2486 Rerum
619 2453 873 2488 Romanarum
890 2452 1028 2499 *brevis
1054 2452 1237 2491 narratio.
1285 2451 1437 2488 Proelio
1462 2452 1553 2487 victi
1578 2450 1780 2486 Samnites.

311 2521 342 2547 c.
361 2515 405 2549 90
425 2515 521 2547 cxtr.

890 2600 1061 2648 Olymp.
1082 2602 1214 2637 cxlx.

405 2666 501 2701 Αηη.
521 2671 552 2706 1.
587 2667 736 2703 Bellum
757 2668 795 2702 in
812 2668 980 2703 Rhodios
1000 2671 1270 2706 continuatum.
1314 2669 1404 2702 Cum
1427 2677 1450 2700 a
1465 2667 1560 2701 mari
1581 2665 1671 2700 nihil
1691 2666 1781 2701 effe-

316 2730 415 2760 ctum
444 2731 567 2767 esset,
601 2727 651 2769 (v.
669 2737 701 2760 c.
718 2727 790 2771 88.)
832 2727 1052 2761 Demetrius
1078 2737 1283 2772 aggressus
1314 2731 1373 2760 est
1390 2726 1519 2770 urbem
1547 2735 1570 2757 a
1595 2727 1700 2757 terra
1719 2735 1780 2768 op-

318 2793 501 2828 pugnare.
531 2783 794 2819 Machinarum
811 2790 1033 2830 apparatus:
1053 2786 1213 2832 insignis
1230 2786 1267 2819 in
1284 2783 1341 2818 his
1361 2788 1444 2818 erat
1461 2783 1646 2827 helepolis
1668 2781 1781 2829 (conf.
