1891 3310
304 176 382 207 DE
424 172 748 207 FONTIBUS
781 172 943 204 HIST.
974 171 1261 206 D10DOR1.
1357 175 1531 218 Lxxxx*

55 279 182 307 rarum
208 271 339 308 orbem
373 271 589 317 antiquitus
615 270 754 305 fuisset
785 270 1027 313 declaratus,
1058 269 1221 304 Osiridis
1244 275 1284 305 et
1318 271 1431 307 Isidis
1455 282 1520 307 res

54 334 188 375 gestae
224 322 474 375 exponuntur,
492 333 672 373 tanquam
691 338 745 367 ex,
758 327 977 370 annalibus,
1001 332 1202 362 contextae
1224 330 1361 372 partim
1388 340 1435 363 ex
1455 341 1520 363 an-

54 388 170 431 tiquis
189 386 342 431 mythis,
368 385 706 431 hieroglyphorum
726 385 1037 430 expositionibus,
1060 387 1198 429 partim
1219 386 1398 419 admixtis
1414 386 1520 419 fabu-

53 443 102 477 lis
127 443 174 478 de
213 442 363 478 Baccho
386 454 406 477 e
422 443 585 477 Graecia
612 443 729 489 [120]
755 444 962 479 translatis.
989 443 1027 483 (a
1044 452 1075 476 c.
1091 442 1223 486 l7sq.)
1250 442 1369 483 Quam
1398 444 1520 476 multa

54 500 201 546 physici
222 501 439 545 argumenti
464 501 502 534 in
533 499 591 534 his
618 501 820 543 latuerint,
859 511 906 535 ex
927 500 1119 545 frequenti
1142 498 1354 544 phallorum
1379 510 1450 533 usu
1477 502 1518 533 in

53 561 186 592 vetere
210 558 374 602 Aegypti
409 557 595 601 religione
628 559 875 604 inprimisque
906 569 953 592 ex
985 557 1172 602 pudendis
1199 555 1361 589 Osiridis
1390 566 1518 599 reper-

54 616 104 649 tis
128 625 173 648 ac
197 615 402 659 diligenter
426 616 588 648 servatis
629 617 755 660 colligi
788 619 935 660 potest3
978 624 1064 647 nam
1097 617 1255 646 naturae
1289 614 1517 658 virtutisque

54 674 305 717 generatricis
326 672 539 716 symbolum
565 674 802 717 antiquitatis
829 682 1025 706 commune
1063 671 1179 704 fuisse
1206 669 1395 714 phanum,
1420 672 1516 703 satis

55 733 213 764 constat.
263 729 368 770 Quae
397 730 442 763 de
470 729 632 763 Osiridis
658 734 801 770 morte,
836 740 992 773 corpore
1019 729 1201 770 disiecto,
1231 730 1269 761 et
1295 729 1432 760 iterum
1458 738 1516 761 re-

54 790 164 831 perto
203 790 242 819 et
275 787 414 820 similia
437 791 655 827 narrantur,
692 796 714 819 a
739 785 950 831 symbolica
974 786 1211 829 expositione
1237 795 1362 818 rerum
1386 788 1516 819 nescio

56 854 213 887 quarum
246 843 418 888 profecta
452 853 537 877 esse
569 843 776 876 verisimile
809 844 864 876 lit.
933 842 1052 883 Quam
1087 842 1260 875 diversae
1303 841 1516 877 habeantur

53 901 246 933 numinum
279 902 443 945 Aegypti
482 900 855 944 interpretandorum
898 902 1068 934 rationes
1109 901 1190 944 ipse
1225 899 1416 935 Diodorus
1451 901 1515 935 ob-

55 962 204 1000 servat;
231 959 277 1003 (c.
297 957 379 1002 25.)
409 967 479 990 nec
502 961 629 991 tamen
666 959 699 990 ei
727 958 764 989 in
793 961 958 990 mentem
984 959 1107 1000 venit,
1144 958 1397 991 damnandum
1425 969 1512 993 esse

55 1016 207 1050 omnino
234 1019 353 1050 totum
387 1014 458 1049 hoc
484 1016 679 1048 consilium
708 1015 984 1058 interpretandi
1020 1016 1111 1049 deos
1143 1026 1188 1048 ac
1211 1015 1361 1060 mythos
1387 1017 1512 1062 Aegy-

53 1073 218 1116 ptiorum
242 1083 311 1117 per
335 1073 482 1107 Graeca
507 1074 659 1107 nomina
691 1076 731 1105 et
755 1071 914 1106 fabulas.
962 1073 1139 1107 Ceterum
1163 1073 1199 1105 in
1226 1078 1305 1107 toto
1332 1074 1402 1108 hoc
1427 1076 1512 1108 loeo

56 1128 103 1162 de
129 1129 200 1163 diis
226 1131 360 1176 (usque
392 1131 440 1164 ad
467 1141 496 1167 c,
519 1131 599 1172 29.)
633 1141 705 1164 non
731 1134 808 1163 tam
832 1131 969 1164 Graeci
996 1131 1200 1175 scriptoris
1219 1133 1383 1175 vestigia
1407 1142 1513 1175 pres-

55 1187 174 1228 sisse,
208 1198 319 1232 quam
351 1190 474 1232 potius
508 1189 734 1232 Aegyptium
761 1189 926 1232 aliquem
952 1190 1175 1233 scriptorem
1200 1190 1514 1232 giaecissantem,

53 1241 91 1275 h.
110 1254 142 1277 e.
167 1244 372 1288 religiones
398 1247 606 1290 Aegyptias
633 1255 680 1277 ex
706 1244 863 1278 Graecis
889 1247 1166 1286 illustrantem,
1198 1248 1433 1289 expressisse
1461 1248 1514 1280 vi-

55 1300 188 1343 detur,·
226 1313 296 1335 nec
326 1303 420 1335 satis
456 1304 533 1336 scio
574 1314 621 1336 an
669 1302 897 1346 Asclepiades
931 1304 995 1336 ille
1022 1303 1157 1344 fuerit,
1187 1305 1292 1336 cuins
1318 1303 1515 1349 theologu-

55 1367 168 1391 mena
201 1370 315 1403 supra
347 1370 367 1393 e
403 1359 584 1394 Suetonio
618 1362 836 1393 memoravi.
892 1360 1035 1394 Saltem
1069 1362 1149 1404 ipse
1183 1360 1374 1394 Diodorus
1400 1370 1513 1406 caput

54 1416 149 1449 illud
182 1417 236 1449 ita
265 1417 448 1452 absolvit:
490 1419 548 1451 καὶ
577 1419 653 1462 περὶ
681 1419 744 1462 μὲν
777 1419 847 1451 τῶν
877 1420 1164 1463 θεολογουμένων
1193 1415 1269 1464 παρ’
1302 1422 1512 1463 Αἰγυπτίοις

53 1473 197 1507 τοιαῦτ’
231 1475 333 1507 εἰπεῖν
363 1476 493 1520 ἔχομεν.
549 1475 658 1515 Quod
700 1485 728 1509 c.
749 1475 813 1508 27.
845 1486 886 1509 se
910 1487 983 1509 non
1016 1478 1193 1520 ignorare
1228 1482 1378 1519 monet,
1422 1478 1511 1512 scri-

52 1536 174 1575 ptores
208 1532 397 1565 nonnallos
436 1532 477 1565 de
510 1531 683 1576 sepulcris
721 1530 875 1565 Osiridis
909 1539 941 1566 et
973 1532 1080 1566 Isidis
1113 1533 1161 1566 ad
1191 1533 1326 1578 Nysam
1350 1534 1512 1570 Arabiae

55 1599 233 1631 narrare,
268 1594 415 1634 spectat
446 1590 544 1624 forte
579 1590 626 1623 ad
659 1589 906 1623 Eulimna-mn
938 1595 977 1624 et
1009 1592 1056 1624 ad
1091 1590 1249 1624 Leonem
1277 1591 1513 1629 Mendesium.

57 1647 108 1690 (v.
136 1652 211 1682 not.
239 1658 272 1692 p.
305 1648 409 1692 103.)
442 1649 473 1680 si
501 1648 612 1681 niodo
641 1648 706 1681 ille
741 1650 932 1693 antiquior
965 1649 1134 1682 Diodoro
1162 1648 1244 1682 fuit.
1293 1650 1392 1685 Dum
1418 1664 1510 1687 vero

54 1706 294 1738 narrationes
339 1708 382 1751 (c,
409 1707 491 1751 28.)
534 1705 580 1755 de
625 1706 783 1738 coloniis
825 1708 1098 1750 Aegyptiorum
1134 1707 1326 1751 repudiat,
1376 1713 1511 1756 pungit

55 1761 156 1796 forte
189 1761 324 1795 Istrum
355 1762 573 1796 Callimachi
606 1763 849 1806 discipulum,
886 1765 947 1808 qui
982 1764 1028 1797 de
1054 1765 1329 1808 Aegyptiorum
1353 1769 1512 1803 coloniis

56 1821 279 1864 scripserat,
323 1819 470 1853 fabulas
503 1820 670 1853 Graecas
710 1826 984 1866 persequutuS,
1027 1824 1068 1853 ut
1103 1831 1150 1854 ex
1185 1823 1379 1868 vestigiis,
1412 1837 1510 1871 quae

57 1882 281 1921 supersunt,
307 1879 455 1922 colligo.
486 1877 549 1919 (cf.
574 1879 685 1913 Voss.
712 1877 758 1911 de
783 1879 832 1911 H.
859 1878 924 1912 (ἓν.
951 1878 1016 1919 IV,
1048 1877 1121 1920 12.)

147 1935 325 1980 Sequitur
348 1936 452 1968 locus
484 1934 530 1967 de
566 1937 642 1967 situ
673 1934 831 1981 Aegypti
863 1941 895 1968 et
927 1935 968 1968 de
1005 1935 1089 1969 Nilo
1117 1937 1272 1982 eiusque
1299 1943 1436 1974 natura
1463 1943 1511 1985 (c.

58 1992 258 2037 30—41.)
281 1995 319 2026 in
350 2002 421 2038 quo
446 1992 565 2025 multa
587 1992 632 2026 de
652 2003 719 2026 suo
742 1994 895 2026 tradere
916 1995 1056 2037 potuit3
1083 2005 1167 2026 nam
1190 1996 1271 2039 ipse
1296 1998 1512 2042 Aegyptum

57 2051 171 2096 [121]
205 2052 352 2086 adierat
380 2051 446 2083 sub
476 2049 696 2083 Ptolemaeo
724 2061 795 2084 nco
818 2051 991 2095 Dionyso
1014 2061 1042 2083 s.
1085 2053 1219 2085 Aulete
1243 2054 1341 2087 circa
1360 2056 1509 2102 Olymp.

56 2109 238 2151 CLXXX,
258 2109 288 2150 1,
315 2110 356 2142 U.
383 2110 478 2142 (594.
510 2110 570 2152 qui
597 2112 724 2141 tamen
749 2110 897 2142 itineris
925 2105 1108 2142 terminus
1140 2109 1258 2143 suerit
1288 2123 1361 2145 non
1387 2124 1510 2158 aeque

57 2172 216 2200 constat.
242 2168 452 2211 Quousque
475 2167 624 2199 enimin
641 2167 1014 2210 Aegyptisuperiora
1036 2169 1305 2209 penetraverit,
1326 2181 1511 2215 nusquam

54 2224 236 2257 declarat.
259 2226 305 2258 At
321 2224 540 2258 Herodotus
558 2233 675 2267 usque
695 2223 741 2255 ad
762 2223 1131 2267 Elephantinenloca
1150 2226 1267 2258 oculis
1280 2234 1512 2271 cognoverat

56 2281 118 2324 (11,
138 2283 233 2326 29.).
279 2283 376 2316 Sane
405 2282 554 2326 quidem
581 2287 760 2325 tanquam
787 2281 832 2314 de
862 2282 996 2323 rebus,
1029 2292 1122 2325 quas
1148 2283 1231 2326 ipse
1258 2285 1408 2327 auditu,
1435 2298 1512 2322 non

55 2341 139 2372 visu
172 2341 380 2383 acceperit,
413 2341 516 2383 φασὶ,
551 2340 727 2383 λέγουσιν,
760 2339 881 2381 addit,
908 2340 971 2372 ubi
997 2340 1044 2372 (le
1074 2340 1150 2372 Nili
1180 2345 1286 2384 parte
1313 2346 1510 2387 superiore

57 2401 95 2430 et
123 2396 169 2429 dc
193 2397 325 2430 Meroe
349 2398 439 2440 agit.
488 2397 571 2430 Etsi
597 2396 642 2429 de
670 2396 746 2429 Nili
775 2396 941 2430 sontibus
961 2401 999 2430 et
1022 2399 1278 2439 incrementis,
1304 2399 1351 2432 (le
1377 2402 1511 2444 quibus

55 2454 164 2487 multi
192 2455 308 2487 multa
335 2456 585 2498 scripserant,
613 2464 658 2486 ea
683 2456 861 2497 apponit,
888 2464 984 2498 quae
1010 2460 1095 2498 post
1121 2457 1280 2494 aliorum
1308 2457 1512 2491 lectionem

54 2512 136 2555 ipse
163 2512 382 2556 diligentius
405 2512 682 2555 exploraverat,
708 2510 994 2556 Agathan-laidis
1022 2511 1144 2544 Cnidii
1166 2515 1406 2554 sententiam,
1432 2520 1512 2547 tan-

56 2579 167 2613 quam
207 2572 395 2604 veriorem
430 2570 646 2612 amplexus,
689 2571 750 2613 qui
780 2569 826 2601 ab
861 2569 1043 2602 imbribus
1077 2571 1234 2603 aestivis
1267 2580 1334 2613 per
1360 2571 1512 2605 Aethio-

55 2627 155 2670 piam
180 2629 357 2672 ingruere
398 2627 519 2660 solitis
552 2625 838 2659 inundationem
868 2627 1034 2670 petierat
1062 2636 1091 2662 ¹.
1146 2629 1187 2661 ln
1224 2638 1288 2661 eos
1323 2633 1510 2672 auctores,

148 2728 167 2761 1
194 2726 346 2769 Pupugit
369 2737 448 2765 me,
475 2725 571 2768 quod
589 2725 787 2758 Herodotus
814 2726 857 2764 Il,
885 2726 937 2760 19,
961 2729 1016 2760 ΞΟ.
1043 2725 1086 2758 de
1114 2727 1187 2758 Nili
1210 2726 1511 2759 incrementorum

59 2782 177 2804 caussa
199 2774 289 2805 nihil
321 2785 362 2804 ex
389 2774 572 2816 Aegyptiis
597 2772 835 2804 sacerdotibus
855 2773 1049 2815 comperire
1074 2781 1247 2814 potnerat3
1273 2781 1305 2804 at
1330 2774 1511 2806 Diodorus

59 2819 106 2861 (c.
129 2820 186 2853 37.
209 2831 242 2863 p.
266 2818 323 2855 45.
349 2818 422 2863 39.)
456 2831 514 2851 eos
549 2830 590 2851 ex
623 2820 765 2851 Oceano
799 2827 926 2850 terram
949 2819 1211 2851 circumfluente
1237 2831 1392 2852 caussam
1409 2832 1512 2864 repc-
