1891 3310
410 215 484 246 DE
516 213 833 246 FONTIBUS
869 214 1034 245 HIST.
1070 214 1358 246 DIODORI.
1496 213 1620 245 thx

245 313 362 358 [104]
375 315 498 357 Aegre
515 312 646 357 utique
659 311 857 345 ferendum
875 315 946 352 est,
965 311 1173 345 Diodorum
1193 323 1265 346 non
1278 313 1486 354 monuisse,
1505 323 1618 357 quem

149 371 387 416 potissimum
413 373 607 403 auctorem
636 370 673 401 in
695 369 938 413 Aegyptiacis
963 363 1145 413 sequutus
1171 370 1234 410 sit,
1256 380 1302 403 ne
1329 369 1423 402 illud
1447 369 1614 414 quidem,

149 438 315 461 unumne
358 438 406 460 an
449 427 590 471 plures.
635 425 731 459 Nam
759 430 801 459 ut
841 427 962 470 ipsum
997 437 1020 460 a
1056 425 1349 468 sacerdotibus,
1394 427 1613 471 quibuscum

150 495 379 529 congressus
418 485 490 525 sit,
525 494 570 517 ea
607 483 825 527 accepisse,
858 494 953 529 quae
989 484 1181 524 narravit,
1215 486 1449 525 statuamus,
1482 488 1616 517 vetant

148 543 280 588 plura3
313 543 434 586 primo
471 541 644 585 quidem,
678 541 777 586 quod
809 542 891 586 ipse
927 542 1106 584 scriptor,
1140 532 1526 584 quantum'invenire
1552 552 1615 586 po-

148 602 222 640 tui,
252 610 433 644 nusquam
468 598 538 632 hoc
562 600 783 642 profitetur3
820 602 953 632 contra
977 609 1067 631 vero
1094 609 1135 631 se
1161 598 1207 630 ab
1232 598 1432 641 Aegyptiis
1459 603 1614 631 narrata

147 661 347 702 repetere,
380 659 596 690 sexcenties
627 661 776 698 monet3
824 658 965 700 repetit
987 659 1114 688 autem
1141 656 1196 688 sic
1230 661 1272 689 ut
1297 656 1391 688 satis
1416 660 1614 698 appareat,

150 726 234 750 eum
264 725 312 749 ex
345 716 488 748 maiore
522 725 650 748 rerum
685 715 796 758 copia
827 715 982 747 utiliora
1016 713 1206 746 delibasse
1236 714 1282 757 (c.
1306 712 1372 746 69.
1398 714 1514 755 extr.)
1550 712 1613 745 Ex

148 773 240 816 ipsis
272 771 379 804 libris
414 774 532 805 sacris
564 776 740 816 repetere
779 781 848 804 sua
886 782 958 804 non
989 772 1130 815 potuit,
1164 781 1257 816 quos
1284 780 1353 803 nec
1378 770 1511 814 legere
1543 780 1614 803 nec

147 829 392 873 interpretari
428 831 636 874 potuisset,
669 839 836 874 quosque
863 833 941 861 tum
969 830 1196 872 superstites
1232 839 1305 860 non
1330 827 1448 861 fuisse
1476 828 1535 861 vel
1564 838 1610 861 ex

147 887 219 920 hoc
251 887 428 931 colligas,
471 887 571 931 quod
606 891 784 932 tanquam
822 886 868 919 de
908 897 950 919 re
985 886 1183 930 praeteriti
1214 885 1396 927 temporis
1429 885 1610 929 loquitur,

146 945 209 978 ubi
238 944 285 977 de
308 945 355 976 iis
382 945 463 988 agit
491 946 608 987 (εἶχον.
634 956 668 977 v.
690 955 709 977 c
744 955 823 987 cap.
848 943 931 989 44.)
981 944 1052 976 Est
1081 944 1194 976 etiam
1229 943 1268 974 in
1296 946 1376 975 toto
1402 941 1499 975 libro
1528 951 1612 985 per-

145 1007 282 1048 petuus
315 1005 512 1045 respectus
543 999 805 1045 philosophiae
838 1005 876 1034 et
903 999 1161 1045 mythologiae
1189 1000 1381 1040 Graecae,
1415 1000 1612 1042 maiorque

148 1062 230 1094 eius
256 1060 415 1092 scientia
449 1069 559 1103 quam
585 1060 867 1102 superstitionis
901 1060 1172 1102 Aegyptiacae.
1218 1059 1281 1091 Fit
1304 1066 1450 1101 qnoque
1477 1066 1608 1099 parum

146 1117 364 1164 probabile,
389 1116 455 1149 illa
483 1120 632 1156 aetate,
662 1127 735 1160 qua
761 1117 973 1160 Aegyptum
1000 1117 1114 1155 adiit,
1151 1116 1268 1148 ullum
1294 1113 1527 1157 superfuisse
1555 1123 1611 1146 sa-

148 1176 342 1208 cerdotem
368 1176 598 1217 Aegyptium
625 1175 718 1206 satis
746 1173 895 1207 doctum
922 1179 959 1207 et
979 1176 1124 1217 patriae
1144 1179 1182 1206 et
1204 1172 1375 1205 Graecae
1400 1170 1608 1213 religionis

145 1234 228 1266 Etsi
262 1232 376 1265 nolim
410 1241 574 1274 negare,
608 1233 796 1264 mansisse
827 1234 942 1264 etiam
968 1233 1004 1264 in
1033 1231 1213 1264 mediocri
1238 1230 1305 1262 illa
1331 1237 1522 1261 sacrorum
1543 1228 1611 1259 Ae-

144 1291 362 1335 gyptiorum
387 1289 500 1333 [105]
525 1288 739 1321 conditione
760 1290 998 1322 sacerdotum
1020 1289 1182 1332 collegia
1212 1291 1250 1320 et
1275 1289 1312 1319 in
1333 1289 1379 1319 iis
1401 1284 1612 1325 nonnullos,

145 1348 208 1392 qui
236 1346 282 1379 de
312 1346 560 1390 religionibus
594 1351 631 1378 et
658 1339 1214 1380 historiis‘comnmntarentur.
1261 1347 1331 1384 lta,
1358 1345 1429 1376 nisi
1454 1343 1609 1374 Tacitus

143 1403 216 1438 hoc
246 1404 292 1436 ad
320 1405 481 1447 priscum
509 1404 686 1436 narrandi
713 1415 855 1438 morem
883 1406 1085 1438 deflexisse
1129 1403 1248 1436 videri
1275 1401 1410 1441 debet,
1433 1400 1541 1442 (Ann.
1560 1399 1607 1439 ll,

146 1463 228 1506 (50.)
255 1461 481 1494 Germanico
505 1463 718 1505 Aegyptum
743 1464 962 1507 peragranti
989 1461 1107 1495 iussus
1127 1472 1144 1494 c
1163 1459 1360 1494 senioribus
1385 1456 1609 1490 sacerdotum

139 1517 306 1563 patrium
332 1529 529 1551 sermonem
562 1518 814 1562 interpretari,
836 1519 1016 1567 rescrebat
1048 1526 1120 1552 etc.
1166 1518 1349 1552 Poterant
1373 1527 1463 1549 vero
1494 1516 1609 1547 ctiam

143 1578 349 1620 scriptores
376 1586 422 1609 ex
447 1576 554 1608 libris
579 1579 697 1610 sacris
719 1579 884 1620 repetita
910 1578 1037 1611 dicere
1065 1588 1130 1618 ea,
1157 1587 1253 1620 quae
1283 1586 1328 1609 ex
1356 1572 1607 1617 scriptoribus

142 1634 369 1675 hauserant,
413 1635 475 1677 qui
512 1644 641 1668 sacros
682 1635 801 1668 libros
844 1637 950 1679 sequi
988 1646 1029 1668 se
1064 1635 1252 1667 dixerant.
1306 1632 1439 1677 Neque,
1476 1632 1514 1663 in
1548 1629 1606 1662 his

142 1692 352 1726 mentiendi
381 1691 576 1724 libidinem
611 1697 782 1727 statuere
818 1704 976 1726 necesse
1002 1697 1071 1728 est.
1121 1693 1357 1725 Hecataeum
1385 1689 1605 1722 Abderitam

141 1751 311 1785 Diodoro
345 1760 429 1782 esse
464 1750 696 1792 inspectum,
729 1761 844 1794 supra
871 1751 1001 1791 doeui3
1032 1752 1154 1793 potuit
1180 1759 1264 1782 eum
1293 1749 1329 1780 in
1355 1745 1605 1789 religionibus

145 1818 292 1853 quoque
335 1807 442 1850 sequi
465 1831 473 1846 ,
521 1818 613 1851 quas
655 1809 720 1841 ille
764 1819 811 1842 ex
854 1808 1094 1841 sacerdotum
1144 1807 1220 1840 fide
1273 1807 1503 1850 exposuerat
1544 1801 1607 1844 (cf.

141 1864 332 1901 Plutarch.
357 1865 466 1900 '1'.ll.
491 1874 522 1907 p-
551 1864 646 1898 354.
665 1867 703 1898 C.
737 1865 784 1898 D.
819 1876 934 1909 super
967 1868 1102 1908 Amun)
1168 1865 1223 1898 Ad
1257 1863 1493 1906 antiquiores
1519 1860 1608 1892 scri-

143 1928 272 1967 ptores
300 1922 425 1966 aliquo
465 1922 546 1954 loco
580 1928 762 1966 provocat
790 1923 838 1966 (e.
857 1924 938 1967 oo.)
975 1929 1014 1956 et
1046 1925 1122 1956 alio
1148 1923 1231 1955 loco
1265 1932 1302 1954 se
1326 1918 1548 1952 Herodotum
1575 1921 1611 1948 et

140 1979 330 2013 ‘uoumtllos
364 1979 554 2023 wrigton-es
586 1983 843 2015 narrationum
867 1987 1044 2027 portenta
1069 1980 1266 2014 tradentes
1300 1978 1481 2010 deserere
1509 1975 1605 2008 velle

142 2041 197 2072 ait
222 2043 267 2079 (e.
285 2037 405 2078 (3912).
429 2038 614 2082 Quicquid
638 2044 708 2080 est,
737 2051 821 2072 eum
849 2041 1055 2084 scriptores
1081 2039 1250 2071 Graecos
1278 2040 1478 2080 sequutum
1506 2043 1605 2073 esse,

143 2098 205 2142 qui
228 2095 275 2128 ad
301 2096 468 2128 Graecas
491 2096 698 2139 religiones
721 2098 955 2141 Aegyptiaca
982 2096 1239 2136 deflexerant,
1281 2093 1525 2126 manifestum
1552 2089 1606 2122 fit.

143 2153 252 2194 Quml
285 2158 488 2197 antequam
524 2153 704 2185 disertius
739 2165 946 2198 exponam,
979 2164 1100 2199 pauca
1135 2153 1287 2185 omnino
1323 2151 1364 2183 cle
1385 2149 1605 2197 fabularum

141 2209 405 2256 Aegyptiarum
430 2209 573 2255 origine
598 2216 629 2242 el
653 2210 791 2244 caussis
809 2238 819 2254 ‚
842 2218 875 2245 et
897 2213 938 2245 de
964 2221 1090 2244 earum
1113 2208 1407 2253 interpretatione
1431 2209 1607 2251 praemit-

142 2275 238 2314 tann;
266 2267 400 2311 quihus
433 2268 479 2301 de
508 2269 621 2312 rebus
651 2270 722 2301 etsi
748 2279 771 2301 a
806 2270 936 2302 multis
962 2272 1054 2303 viris
1081 2269 1224 2309 doctis,
1257 2268 1370 2300 etiam
1401 2275 1423 2297 a
1449 2265 1606 2307 Collega

143 2332 274 2358 nostro
309 2323 466 2356 Maiam-s
497 2327 644 2359 erudite
679 2330 803 2358 actum
841 2331 920 2368 est,
956 2327 1171 2360 litterarum
1213 2329 1339 2357 tamen
1378 2323 1606 2362 hnmanitas,

146 2393 255 2427 quam
299 2381 543 2425 profitemur,
583 2385 871 2430 animorumque
914 2385 1205 2425 benevolentia,
1250 2381 1491 2414 intercedere
1531 2390 1605 2411 non

145 2443 296 2483 potest,
321 2450 392 2483 quo
419 2441 541 2472 minus
566 2441 604 2472 in
630 2448 875 2485 argumento,
902 2443 938 2475 in
966 2453 1038 2488 quo
1067 2442 1168 2474 ultra
1193 2439 1497 2484 probabilitatem
1524 2447 1607 2480 pro-

144 2498 229 2531 cedi
256 2498 405 2540 nequit,
431 2499 488 2529 sui
517 2499 676 2542 quisque
703 2501 818 2531 animi
842 2500 1023 2532 iudicium
1051 2503 1235 2544 exponat3
1261 2497 1308 2530 ad
1333 2497 1452 2541 ipsam
1477 2500 1605 2528 autem

143 2553 359 2588 litterarum
384 2554 609 2597 utilitatem,
636 2565 746 2600 quam
781 2557 890 2590 unice
925 2559 1161 2602 propositam
1194 2555 1334 2589 habere
1360 2554 1482 2587 videri
1505 2552 1610 2586 volu-

148 2690 190 2710 ex
212 2679 310 2710 omni
345 2679 544 2719 memoria,
578 2690 665 2721 quac
701 2681 737 2711 in
763 2681 925 2714 historias
957 2683 1064 2714 relata
1090 2683 1207 2721 suere,
1239 2680 1351 2711 multo
1379 2678 1543 2721 pauciora
1568 2687 1610 2708 ex

147 2725 212 2763 iis,
238 2737 323 2766 qnae
349 2727 437 2755 olim
462 2726 585 2757 tradita
620 2728 735 2767 suere,
775 2728 819 2758 ad
845 2740 908 2759 nos
934 2729 1150 2771 pervenisse3
1193 2726 1419 2768 disceptanda
1446 2736 1518 2754 csse
1540 2724 1612 2766 ple-

148 2782 254 2811 raque
281 2772 447 2813 op1niom·
472 2780 505 2803 ct
530 2772 748 2814 coniectura,
776 2786 862 2815 quae
888 2787 990 2818 supra
1017 2775 1302 2818 probabilitatem
1336 2781 1513 2812 assurgere
1547 2780 1616 2800 ne-

150 2817 235 2858 qult-
284 2817 359 2859 lpse
386 2818 519 2859 itaque,
545 2819 629 2850 (lum
657 2820 740 2852 hacc
774 2821 920 2863 scripsi,
952 2834 1024 2853 nou
1047 2833 1145 2864 Just,
1183 2830 1270 2862 quae
1295 2818 1385 2849 mihi
1417 2815 1615 2860 probabilia

151 2862 366 2903 viderentur,
406 2869 525 2897 anci-rc
550 2866 639 2898 benc
671 2878 917 2903 memineram,
