1859 3326
251 178 321 210 XX
767 173 1186 206 RHODOMANNI

252 276 406 310 hortatu
430 271 706 314 concinnatam,
731 281 916 306 censurae
940 271 1042 304 illius
1066 269 1324 304 subiecerame
1355 275 1466 314 quam
1489 264 1604 299 etiam
1629 266 1710 297 tan-

253 338 387 376 topere
412 330 647 374 approbavit,
679 332 721 362 ut
745 339 827 362 cum
853 339 922 361 sua
947 328 1187 361 Persicorum
1215 327 1366 360 Ctesiae
1392 322 1709 367 interpretatione

253 391 361 423 brevi
384 393 469 433 post
491 389 530 420 in
557 387 679 420 lucem
714 386 924 419 emitteret:
961 395 1034 417 non
1063 395 1131 427 per
1154 385 1305 417 litteras
1330 383 1460 423 modo,
1499 380 1566 414 sed
1592 379 1709 412 Beru-

254 447 414 480 hardum
439 446 552 478 etiam
576 443 816 477 Praetorium
840 442 1006 475 Hessum
1030 441 1070 477 P,
1095 441 1158 482 L.‚
1198 452 1246 475 ex
1276 441 1408 474 amicis
1444 439 1584 473 nostris
1616 437 1711 468 inte-

254 505 482 549 gerrimum,
520 503 625 534 cuius
657 502 695 533 in
720 499 897 532 curandis
922 500 1018 532 meis
1044 499 1091 532 ad
1118 509 1203 532 eum
1228 498 1390 542 pagellis
1413 506 1530 542 opera
1555 493 1711 534 utebar,

257 561 304 594 ad
330 562 499 594 laborem
532 559 646 591 istum
675 556 955 600 suscipiendum
990 557 1102 589 enixe
1133 566 1192 589 me
1224 555 1433 599 instigavit.
1481 553 1578 594 Quia
1610 551 1712 585 enim

254 620 316 651 vir
346 619 411 651 ille
443 616 491 649 ad
522 616 643 648 bonos
677 618 853 647 auctores
882 623 967 647 cum
997 616 1089 658 typo
1127 614 1398 650 venustissimo
1432 608 1714 656 exprimendos,

255 680 336 708 tum
361 672 682 707 lucubrationibus
714 672 814 712 suis,
850 674 890 704 et
913 671 1196 715 quibuscunque
1224 671 1310 704 aliis
1336 670 1546 704 rationibus
1570 669 1713 711 posset,

254 730 525 770 illustrandOS,
554 733 681 762 natum
707 739 749 762 se
771 738 816 761 ac
837 729 1044 773 praeclaris
1069 728 1249 761 divinitus
1271 728 1495 761 instructum
1519 726 1714 759 adiumen-

255 791 327 830 tis,
363 787 619 830 intelligebat:
656 785 869 820 fideliorem
902 786 1069 819 auctoris
1093 787 1225 829 optimi
1250 786 1604 829 interpretationem
1633 782 1714 815 diu-

256 849 333 881 tius
359 857 381 879 a
407 846 571 878 maxima
596 843 851 877 studiosorum
877 847 983 887 parte
1006 843 1240 886 desiderari,
1272 855 1345 877 non
1368 843 1605 876 tolerandum
1638 840 1711 873 sibi

258 902 501 939 existimabat
528 902 700 944 amplius.
746 901 797 933 Et
826 900 915 945 quid
939 911 1077 934 causac
1103 906 1179 943 est,
1222 911 1289 936 cur
1312 902 1492 936 nonnulla
1524 911 1571 934 ex
1606 903 1713 931 auto·

256 960 411 1008 graphis
437 959 691 1004 Epistularum
715 957 763 991 ad
788 967 848 991 ine
873 958 956 991 eius
991 968 1061 991 non
1096 958 1305 1003 apponam}
1349 960 1408 992 lta
1438 969 1530 993 vero
1563 956 1715 991 scribit:

255 1022 378 1062 „Cum
414 1018 461 1051 de
494 1017 685 1060 opusculis
704 1014 895 1048 historicis
918 1026 941 1049 a
964 1020 1002 1049 te
1026 1018 1172 1058 versis,
1211 1021 1250 1051 et
1282 1017 1328 1050 de
1356 1017 1398 1057 Q.
1427 1017 1654 1050 cunano
1690 1023 1714 1046 a

257 1084 322 1121 „te
355 1087 466 1110 verso
499 1075 652 1115 itidem,
688 1083 902 1106 sermonem
937 1084 1020 1106 cum
1052 1073 1276 1107 Bernhardo
1307 1073 1506 1107 Praetorio
1540 1072 1627 1116 (qui
1653 1080 1714 1103 me

257 1136 358 1177 „tuis
381 1133 507 1167 verbis
532 1131 737 1164 salutatum
763 1133 999 1176 accesserat)
1026 1130 1225 1164 haberem:
1250 1132 1356 1165 venit
1380 1132 1416 1163 in
1440 1134 1605 1164 mentem
1627 1127 1716 1161 Dio—

258 1194 402 1236 „dorus
435 1189 601 1228 Siculus,
651 1197 762 1231 quem
799 1197 956 1230 poscere
988 1198 1123 1221 novam
1160 1189 1516 1233 interpretationem
1554 1189 1716 1221 constat.

258 1251 450 1293 „ldeoque
480 1252 557 1279 tum
584 1254 655 1288 ego
681 1245 755 1277 illi:
791 1244 889 1284 Quid
920 1245 951 1278 si
979 1255 1070 1278 vero
1092 1247 1131 1278 in
1158 1249 1234 1279 tam
1259 1247 1400 1281 celebri
1426 1247 1611 1291 scriptore
1632 1254 1716 1278 ver·

258 1307 401 1351 „tendo
433 1303 702 1337 Rhodomanus
733 1312 885 1346 operam
921 1312 1026 1335 suam
1052 1303 1235 1347 poneret?
1263 1304 1362 1350 quod
1386 1306 1418 1337 si
1441 1305 1478 1338 in
1500 1307 1581 1338 toto
1599 1312 1713 1348 opere

257 1377 360 1409 „non
383 1366 524 1408 posset,
549 1361 683 1393 saltem
709 1360 746 1391 in
771 1359 898 1402 priore
926 1361 1007 1393 eius
1032 1367 1138 1404 parte
1163 1361 1200 1394 id
1226 1367 1452 1406 praestaret.
1495 1362 1579 1406 Ego
1598 1363 1715 1402 certe,

259 1423 360 1464 „nisi
387 1430 537 1464 semper
562 1417 719 1450 infinitis
745 1416 830 1448 aliis
857 1418 1026 1461 negociis
1051 1418 1246 1452 districtus
1273 1419 1444 1460 fuissem,
1469 1420 1541 1452 iam
1568 1418 1716 1462 pridem

257 1482 448 1524 „ipsemet
473 1475 574 1510 istud
599 1484 693 1507 onus
718 1474 929 1509 subiissem.
980 1475 1093 1508 Tanti
1116 1477 1339 1520 scriptorem
1361 1476 1465 1509 illum
1490 1476 1600 1510 facio.
1633 1475 1716 1509 Nec

258 1548 376 1581 „vero
402 1536 553 1574 dubito,
580 1533 668 1577 quin
694 1540 715 1563 a
742 1534 780 1564 te
806 1542 955 1575 quoque
980 1533 1134 1566 maximi
1160 1535 1238 1567 fiat.
1286 1533 1412 1574 Quare
1434 1539 1538 1567 tuum
1561 1545 1716 1578 respon-

258 1606 368 1638 ‚‚sum
393 1604 467 1626 non
492 1593 572 1624 sine
598 1589 725 1633 aliqua
751 1599 816 1632 spe
841 1590 1082 1633 exspectabo,
1109 1596 1178 1625 etc.
1202 1590 1454 1633 Francfordii,
1479 1593 1593 1636 April.
1616 1592 1717 1626 XVI.

257 1653 378 1697 „Anni
405 1647 524 1684 1593.
555 1647 625 1680 His
660 1645 838 1679 nundinis
870 1656 917 1680 ex
943 1648 1092 1681 officina
1118 1658 1204 1682 mea
1227 1649 1368 1694 prodiit
1386 1649 1574 1684 Isocrates
1600 1650 1717 1684 Grae-

260 1709 402 1753 ‚,colat.
435 1717 510 1739 una
544 1716 626 1738 cum
656 1705 734 1738 Vll.
771 1705 867 1737 meis
889 1705 927 1737 in
953 1705 1074 1749 ipsum
1099 1705 1298 1739 Diatribis.
1345 1707 1409 1741 Me
1434 1709 1613 1742 brevitati
1639 1713 1716 1741 stu-

261 1768 380 1812 ‚‚dere
424 1763 541 1806 (mihi
581 1763 721 1807 alioqui
765 1762 1035 1807 peringratae)
1082 1765 1350 1807 occupationes
1389 1765 1617 1799 nundinales
1653 1776 1718 1799 co-

261 1828 392 1870 „gunt.
436 1822 527 1855 Ideo
558 1822 632 1854 iam
667 1820 736 1853 tibi
761 1819 889 1853 dicere
913 1829 1032 1865 cogor
1059 1820 1202 1855 Vale.“

353 1901 476 1935 Movit
499 1911 559 1933 me
585 1900 682 1932 tanti
708 1900 781 1933 viri
805 1901 1034 1942 auctoritas,
1077 1905 1116 1935 et
1140 1901 1313 1945 publicae
1344 1902 1522 1935 utilitatis
1549 1902 1718 1936 conside-

262 1961 363 1995 ratio
386 1958 561 1999 tandem,
595 1962 638 1990 ut
659 1958 765 2001 operi
793 1968 926 1991 manus
961 1959 1216 1996 admoverem,
1264 1961 1321 1994 Et.
1344 1959 1509 1993 feliciter
1540 1970 1603 1993 res
1633 1970 1720 1993 suc·-

265 2018 392 2052 cessit,
457 2015 554 2049 Nam
588 2016 688 2047 intra
722 2016 901 2058 pauculas
932 2015 1189 2050 hebdomades
1225 2019 1264 2050 in
1299 2016 1570 2062 mythologicis
1608 2017 1720 2060 (hinc

265 2075 366 2109 enim
399 2083 558 2106 exorsus
593 2072 762 2115 fueram)
791 2078 938 2116 partem
971 2084 1044 2106 non
1078 2074 1254 2118 exiguam
1284 2075 1442 2109 absolvi.
1497 2077 1590 2109 Cum
1627 2080 1720 2110 vero

267 2130 476 2173 exemplari
498 2128 703 2162 destitutus
728 2132 904 2174 proprio,
944 2132 1089 2174 copiam
1116 2133 1198 2165 eius
1222 2135 1265 2165 ut
1286 2131 1378 2165 mihi
1408 2131 1575 2175 faceret,
1612 2143 1722 2177 roga-

264 2199 369 2229 rem,
402 2191 440 2220 et
462 2186 674 2220 liberaliter
698 2187 737 2220 id
761 2197 908 2221 mecum
941 2189 1254 2232 communicavit,
1293 2193 1334 2224 et
1363 2189 1405 2224 in
1437 2188 1536 2225 hunc
1568 2191 1721 2225 modum

263 2245 475 2288 rescripsit.

358 2335 497 2377 „Mitto
521 2333 569 2367 ad
598 2338 636 2367 te
662 2335 857 2379 exemplar
880 2335 1062 2378 Diodori,
1096 2346 1207 2381 quum
1233 2338 1377 2372 scribas
1403 2349 1426 2372 a
1450 2341 1488 2372 te
1516 2340 1720 2383 repetitum

265 2403 400 2436 „essc,
431 2391 531 2437 quod
554 2391 742 2434 habebas,
777 2398 816 2426 et
839 2404 951 2438 quum
977 2394 1091 2427 nolim
1119 2399 1157 2428 te
1182 2395 1411 2439 exemplaris
1436 2398 1595 2441 penuria
1616 2408 1724 2442 prae-

267 2456 396 2493 „stare
422 2459 495 2482 non
523 2457 656 2492 posse,
696 2450 794 2494 quod
828 2455 865 2485 te
896 2452 1073 2486 lubenter
1099 2453 1390 2496 praestiturum,
1433 2459 1471 2487 et
1495 2458 1609 2488 antea
1633 2456 1723 2488 scri-

268 2517 446 2551 ‚,pseras‚
487 2510 525 2539 et
550 2516 647 2539 nunc
671 2517 819 2552 quoque
845 2510 998 2550 scribis,
1040 2509 1087 2543 ad
1121 2511 1475 2553 interpretationem
1509 2512 1590 2545 eius
1623 2511 1724 2555 quod

268 2564 454 2607 ‚,attinet.l
498 2562 622 2596 Multo
647 2569 773 2598 autem
800 2567 921 2609 magis
946 2566 1036 2599 mihi
1064 2578 1210 2612 quoque
1234 2568 1326 2601 illud
1354 2569 1497 2613 placet,
1538 2572 1576 2602 te
1609 2569 1725 2602 inter-

270 2622 571 2666 ,‚pretatione1n‚
611 2631 705 2664 quae
740 2627 807 2655 tua
840 2625 908 2664 sit,
947 2624 1060 2664 dare,
1099 2635 1209 2668 quam
1234 2630 1404 2659 veterem
1430 2627 1533 2660 illam
1561 2636 1584 2659 a
1607 2630 1646 2659 te
1671 2627 1725 2659 in-

269 2679 534 2721 „tei-polatam.
584 2677 658 2711 Sed
687 2680 843 2712 multum
868 2685 995 2714 tamen
1022 2681 1068 2714 ab
1095 2682 1159 2714 illa
1185 2683 1327 2726 poteris
1351 2683 1542 2716 adiuvari:
1576 2694 1645 2717 nec
1673 2683 1727 2716 vi-

270 2735 379 2774 „dem
406 2736 492 2779 quid
518 2734 655 2775 obstet,
687 2747 758 2780 quo
783 2739 916 2778 minus,
943 2748 1040 2782 quae
1067 2741 1159 2771 satis
1184 2744 1272 2783 apte
1299 2740 1449 2774 reddita
1473 2744 1602 2782 erant,
1636 2741 1726 2774 reti-

270 2797 469 2832 „neantuiz
518 2793 616 2826 Fore
641 2800 767 2827 autem
795 2794 892 2838 quod
919 2794 1016 2836 (lixi,
1054 2802 1094 2829 ut
1117 2796 1336 2831 adiumento
1360 2798 1426 2830 tibi
1453 2799 1503 2831 sit
1527 2799 1592 2831 illa
1616 2804 1725 2831 vetus
