1891 3310
360 197 647 229 oEcoNonnA
683 194 954 228 HISTORIAE
990 197 1215 230 DloDoRx.
1400 205 1513 237 CXLI

57 305 183 330 rarum
206 294 444 329 subactarum
464 304 485 328 e
505 294 643 328 Ctesia.
684 293 823 337 Cap-2.
878 293 957 328 lam
977 293 1169 339 ingentem
1197 297 1330 332 urbem
1357 309 1426 336 suo
1450 313 1515 337 no.

57 355 158 387 mine
183 351 410 398 appellatam
427 351 476 385 ad
493 350 725 396 Euphratem
742 350 886 393 condit,
917 351 1022 385 cuius
1037 353 1258 397 magnitudo
1274 355 1512 397 describitur.

58 411 148 454 Cap.
167 411 202 446 3.
250 409 334 450 Qua
358 419 400 443 re
424 407 618 452 perfecta,
648 407 861 442 Bactrianis
883 407 1024 443 bellum
1050 409 1178 444 infert.
1221 411 1264 445 ln
1283 411 1354 447 hoc
1372 415 1512 452 itinere

57 466 317 501 Semiramidis
345 466 518 500 notitiam
544 470 583 499 et
606 465 818 508 coniugium
846 470 989 500 nactus.
1034 465 1134 499 Hinc
1152 470 1319 504 narratio
1335 471 1383 505 de
1401 475 1514 508 mira-

54 524 123 558 bili
149 522 409 557 Semiramidis
429 528 535 565 ortu,
571 524 653 557 eius
679 523 902 557 educatione
926 523 1025 568 apud
1044 522 1243 567 simmam,
1277 530 1425 572 regium
1452 541 1515 574 pa.

54 587 217 622 storem,
250 584 288 614 et
307 580 438 624 primis
461 581 600 625 nuptiis
619 589 701 613 cum
720 580 907 622 Menone,
942 580 1089 614 consilii
1105 582 1202 626 regii
1217 584 1396 629 principe.
1445 589 1514 622 co-

53 641 201 685 piarum
215 637 448 671 incredibilis
464 647 642 671 numerus
663 643 980 672 commemoratur
995 638 1062 679 ita,
1087 642 1148 680 ut,
1173 640 1272 673 sacta
1289 643 1513 687 populorum

54 701 95 731 et
127 696 325 740 regionum
357 696 659 739 comparatione,
699 695 852 739 propior
879 694 927 728 ad
947 694 1060 728 fidem
1086 696 1253 732 accedat.
1296 699 1384 743 Cap.
1407 699 1440 736 4.
1473 703 1510 738 5.

53 754 194 788 Bactra
211 762 294 786 cum
311 750 376 785 diu
393 752 652 794 obsideretur,
675 751 861 786 Menones
879 754 1027 786 interea
1044 751 1331 789 Semiramidem
1350 757 1456 792 iubet
1471 761 1513 794 in

55 816 182 846 eastra
210 810 362 851 venire3
396 810 554 855 eiusque
580 810 740 843 audacia
764 814 803 843 et
820 809 977 843 consilio
996 819 1064 843 arx
1083 815 1192 854 capta
1211 815 1281 845 est.
1323 812 1406 848 Rex
1429 817 1512 860 ipse

52 867 224 903 mulieris
249 865 567 911 pulchritudinem
597 871 636 901 et
660 868 839 901 virtutem
860 866 1093 909 admiratus,
1124 869 1300 914 coniugio
1324 870 1398 905 sibi
1426 884 1512 908 eam

51 926 186 970 iungit.
217 925 306 968 Cap.
321 925 355 960 6.
893 969 895 971 ι

146 980 376 1023 Semiramis,
404 981 542 1015 marito
567 982 740 1021 mortuo,
773 990 931 1025 regnum
957 983 1144 1025 suscepit,
1186 987 1225 1017 et
1246 984 1366 1027 primo
1385 997 1515 1023 monu-

53 1045 221 1075 mentum
249 1039 284 1072 ei
305 1040 442 1082 posuit.
494 1037 645 1071 Deinde
670 1039 845 1070 maximis
873 1039 1049 1082 operibus
1075 1042 1315 1083 perficiendis
1345 1046 1512 1080 animum

54 1098 244 1141 applicuit.
289 1096 464 1140 Babylon
483 1099 689 1136 exstructa,
718 1096 874 1139 eiusque
891 1096 994 1129 urbis
1013 1099 1254 1141 magnitudo,
1278 1103 1396 1144 muri,
1417 1113 1512 1147 pons

52 1153 236 1198 Euphrati
272 1152 490 1197 impositus,
532 1153 662 1196 regiae
687 1153 806 1195 duae,
838 1153 996 1186 castella
1016 1154 1109 1196 duo,
1141 1159 1266 1189 turres
1295 1158 1513 1195 describun-

52 1217 128 1248 tur.
170 1214 256 1254 Cap.
284 1214 315 1248 7.
352 1214 384 1247 8.
444 1211 565 1244 Fossa
593 1211 826 1253 amplissima
850 1221 966 1254 prope
992 1211 1148 1252 urbem3
1194 1218 1327 1257 portae
1353 1228 1511 1257 aeneae,

53 1268 153 1302 Belli
174 1269 365 1311 templum,
391 1266 502 1300 simul
521 1268 736 1309 spectandis
755 1267 943 1301 sideribus
962 1269 1189 1303 inserviens.
1222 1273 1308 1316 Cap.
1321 1277 1355 1311 9.
1397 1275 1513 1311 Horti

50 1326 231 1371 pensiles.
275 1327 363 1369 Cap.
383 1327 437 1362 10.
492 1324 614 1357 Urbes
639 1325 737 1357 aliae
757 1329 797 1358 et
814 1325 982 1369 emporia
999 1325 1047 1358 ad
1064 1326 1295 1371 Euphratem
1319 1335 1357 1364 et
1377 1332 1513 1377 Tigrin

52 1385 100 1418 ab
126 1394 171 1417 ea
201 1383 363 1416 condita.
397 1383 486 1426 Cap.
508 1385 561 1418 11.
609 1379 824 1425 singularia
843 1387 1019 1417 naturae:
1042 1383 1246 1420 Bituminis
1266 1390 1374 1433 copia
1393 1395 1432 1424 et
1451 1402 1515 1429 ex-

52 1441 209 1488 spiratio
234 1441 458 1486 perniciosa.
494 1441 583 1483 Cap.
604 1441 658 1476 12.
705 1439 783 1472 lter
798 1441 837 1472 in
855 1440 1044 1483 Mediam,
1079 1440 1180 1476 horti
1197 1443 1243 1477 ad
1262 1445 1512 1490 Bagistanum

51 1503 219 1534 montem
243 1498 356 1540 sacti,
385 1502 424 1532 et
455 1497 501 1530 ad
526 1497 657 1530 urbem
685 1496 922 1537 Chauonem,
951 1498 1013 1530 via
1030 1509 1099 1542 per
1121 1505 1286 1534 montem
1303 1502 1512 1541 Zarcaeum

51 1562 214 1599 structa,
239 1566 355 1600 opera
373 1555 578 1588 Ecbatanis
596 1554 709 1588 facta.
742 1555 831 1599 Cap.
849 1558 903 1592 13.
957 1553 1038 1589 Iter
1057 1558 1314 1592 continuatum
1331 1571 1399 1604 per
1417 1561 1513 1597 Per-

50 1617 146 1649 siam
176 1618 214 1648 et
238 1615 422 1660 reliquam
448 1612 596 1653 Asiam,
625 1613 858 1656 Aegyptum,
882 1612 1128 1658 Aethiopiam.
1178 1617 1311 1651 Obiter
1333 1618 1378 1651 de
1403 1618 1514 1654 sune-

49 1683 133 1707 rum
160 1673 237 1706 ritu
269 1671 368 1716 apud
391 1669 608 1714 Aethiopes.
650 1671 737 1714 Cap.
762 1670 818 1706 14.
853 1672 909 1707 15.
964 1671 1064 1705 Belli
1089 1673 1192 1707 [ndis
1218 1674 1315 1707 illati
1340 1673 1513 1711 historia.

50 1732 138 1774 Cap.
157 1731 313 1768 16-19.
360 1728 523 1762 Domum
551 1737 707 1761 reversa
733 1727 812 1761 filio
839 1737 998 1771 regnum
1027 1730 1204 1772 tradidit,
1242 1733 1394 1767 oraculo
1411 1735 1511 1770 lovis

50 1789 242 1823 Ammonis
262 1785 374 1830 (conf.
392 1796 471 1829 cap.
487 1783 558 1829 14.)
579 1784 784 1820 admonita.
831 1785 918 1829 Ipsa
938 1787 1102 1828 evanuit,
1126 1798 1213 1822 mox
1229 1790 1296 1822 sub
1314 1793 1512 1829 columbae

51 1847 217 1890 imagine
235 1844 318 1878 Dea
338 1843 450 1877 facta.
494 1841 706 1886 Scriptores
725 1842 772 1876 dc
791 1852 838 1876 ea
856 1847 1130 1886 comparantur.
1167 1846 1254 1890 Cap.
1273 1850 1330 1883 20.

142 1901 300 1947 Ninyas,
337 1904 375 1935 et
401 1909 641 1933 successores
666 1900 802 1944 reliqui
828 1900 875 1933 ad
905 1898 1200 1945 Sardanapalum
1226 1913 1365 1949 usque,
1392 1908 1511 1942 vitam

51 1961 212 1995 otiosam
247 1963 286 1993 et
308 1958 548 1992 libidinosam
574 1961 702 2001 agunt.
753 1957 812 1990 Ex
828 1955 885 1989 his
908 1955 1099 1991 Teutamus
1116 1963 1286 2003 tempore
1307 1962 1398 1997 belli
1420 1966 1512 2001 Tro-

49 2018 128 2051 iani
153 2018 258 2053 vixit,
305 2017 392 2059 Cap.
409 2018 466 2051 21.
491 2017 549 2051 22.
603 2013 851 2057 Sardanapali
879 2015 1032 2058 ignavia
1057 2020 1096 2049 et
1116 2017 1281 2050 luxuria.
1337 2020 1446 2055 Cives
1471 2024 1512 2057 in

51 2083 137 2108 eum
161 2075 302 2108 bellum
326 2076 498 2113 movent,
532 2081 604 2115 quo
623 2073 744 2105 *victus
766 2083 833 2105 rex
852 2082 892 2106 se
913 2075 952 2106 et
970 2073 1116 2115 regiam
1143 2074 1318 2111 incendio
1335 2077 1513 2113 absumit.

48 2132 312 2175 Cap.23—27.
359 2130 542 2171 Arbaces,
574 2128 732 2169 Medus,
767 2139 836 2162 rex
863 2127 999 2166 factus,
1044 2130 1132 2174 Cap.
1149 2133 1204 2166 28.
1262 2132 1442 2170 Narratio
1462 2136 1510 2171 de

50 2186 262 2229 chaldaeis,
285 2187 583 2232 Babyloniorum
601 2184 852 2231 philosophis,
878 2196 1082 2231 eorumque
1098 2187 1306 2232 disciplinis
1323 2191 1510 2227 adiicitur.

51 2246 140 2289 Cap.
156 2248 321 2284 29—31.
370 2245 462 2287 „De
484 2246 726 2289 Assyriorum
756 2244 936 2288 imperio,
972 2245 1284 2289 quemadmodum
1307 2248 1355 2282 ad
1374 2249 1510 2284 Medos

50 2301 266 2343 transierit,
298 2312 382 2336 cum
405 2303 482 2336 iam
508 2299 596 2336 ante
619 2302 759 2336 dictum
788 2301 858 2343 sit,
888 2311 987 2335 nunc
1004 2312 1068 2345 eo,
1095 2313 1168 2348 quo
1188 2304 1351 2349 digressi
1368 2317 1511 2350 sumus,

48 2359 295 2393 redeamus.“

672 2418 706 2451 2.
755 2414 820 2449 Me
831 2415 887 2451 di.

142 2472 330 2506 Herodoti
349 2476 388 2506 et
404 2472 554 2506 Ctesiae
571 2472 766 2508 dissensus
783 2474 1018 2510 observatur.
1053 2474 1204 2518 caps-32.
1241 2473 1361 2507 Simul
1376 2483 1510 2518 regum

51 2531 243 2565 successio
262 2539 382 2574 usque
403 2529 451 2562 ad
472 2531 672 2572 Artaeum,
704 2532 766 2576 qui
786 2531 926 2565 bellum
952 2543 1033 2564 cum
1056 2533 1228 2565 Cadusiis
1249 2532 1379 2576 gessit.
1421 2533 1512 2577 Cap·

50 2590 108 2626 33.
156 2588 332 2631 Artynes.
364 2605 410 2613 --
454 2587 668 2630 Astibaras,
700 2589 768 2621 sub
795 2598 868 2632 quo
894 2589 1035 2622 bellum
1062 2599 1142 2621 cum
1161 2588 1265 2621 Sacis
1292 2593 1415 2622 ortum
1438 2594 1510 2623 est.

51 2643 231 2678 Sacarum
249 2654 343 2688 gens
361 2644 486 2678 obiter
508 2644 719 2689 descripta,
750 2645 951 2678 mulierum
967 2645 1188 2680 fortitudine
1208 2646 1321 2681 clara.
1371 2645 1511 2679 Zarina

52 2705 142 2734 tunc
165 2703 310 2746 regina.
335 2721 381 2728 -
414 2702 601 2745 Aspadas‚
638 2711 750 2746 quem
767 2701 904 2736 Graeci
921 2704 1118 2747 Astyagen
1143 2704 1350 2741 nominant.
1395 2703 1509 2738 Hunc

52 2759 173 2803 Cyrus
190 2760 280 2794 vicit
287 2770 297 2803 3
321 2758 421 2794 unde
437 2759 635 2805 imperium
654 2759 704 2794 ad
718 2758 857 2795 Persas
873 2760 1112 2796 translatum.
