1891 3310
460 184 526 224 IN
558 182 672 224 LIB.
703 182 802 222 XV.
842 182 973 222 CAP.
1013 185 1087 224 72.
1113 204 1161 212 -
1189 183 1265 224 74.
1521 186 1580 227 55

111 307 209 348 ctus,
236 311 331 361 quae
353 297 484 335 eodem
507 311 586 348 cap.
608 303 834 348 sequuntur,
865 303 905 333 et
936 298 977 333 in
999 297 1076 334 alia
1099 297 1231 333 omnia
1259 295 1411 336 ivisset.
1448 297 1575 337 Verba

110 365 221 403 sunt,
249 351 490 421 συνῳκίσθη
513 353 558 392 de*
582 370 607 405 η
632 350 809 405 Memno]
839 349 958 399 πόλις
984 352 1159 392 ἐνιαυτιῧ
1182 366 1225 391 τε
1246 354 1305 391 τῶ
1327 349 1470 407 αὐτῶ,
1503 355 1571 394 καὶ

106 411 215 466 μησί
228 426 271 451 τε
293 396 444 478 (32:1'2'013·
464 407 651 463 ὕστερον,
682 426 708 461 η
732 407 778 450 τὸ
802 414 990 460 πταΐσιια
1015 407 1170 476 ἐγένετο
1195 393 1566 460 Λακεδαιμονίων

106 467 153 509 τὸ
180 467 221 507 ἐν
240 463 499 519 Λεύκτροις,
518 465 839 531 Φρασικλείδου
858 464 935 517 μὲν
950 458 1196 518 Αθήνῃσιν
1217 461 1444 515 ἄρχοντος,
1475 465 1566 506 δευ-

104 523 229 579 τὲρω
239 521 320 563 δὲ
307 522 382 562 ῑ-’τει
405 525 479 574 τῆς
510 518 738 575 ἑκατοστῆς
754 517 1033 573 Ὀλυμπιάδος
1054 520 1122 561 καὶ
1152 518 1358 575 δευτέρας.
1397 520 1564 561 Condita

103 594 193 631 ergo
213 586 272 617 est
294 586 384 616 ante
407 578 476 616 hos
497 585 576 616 tres
596 592 719 617 annos
750 591 798 616 ex
822 578 1034 616 Pausaniae
1055 580 1260 615 sententia.
1295 576 1467 615 Marmor
1486 580 1561 616 Pa-

100 639 199 675 rium
231 639 272 674 in
302 643 520 685 sequentem
550 648 716 682 annum,
749 635 864 672 modo
895 638 977 673 eius
1006 635 1154 672 hiatum
1182 641 1286 671 recte
1317 636 1560 682 expleverint

101 695 178 732 viri
198 693 316 740 docti,
350 705 424 743 quo
446 691 610 729 Athenis
629 691 784 729 Archon
804 691 1039 742 Dyscinetus
1057 693 1146 740 fuit,
1163 691 1269 730 urbis
1288 691 1403 729 initia
1424 693 1558 730 refert.

98 749 204 787 Fieri
229 756 356 786 tamen
380 752 517 797 potuit,
547 755 590 785 ut
612 748 864 800 Megalopolis
888 749 1004 786 condi
1023 748 1176 797 quidem
1199 751 1328 785 statim
1346 754 1434 797 post
1454 747 1558 786 Leu-

99 809 254 844 ctricam
277 818 444 856 pugnam
466 812 623 854 coepta,
650 806 825 843 absoluta
845 819 937 844 vero
959 804 1031 842 hoe
1050 805 1200 842 demum
1222 817 1324 843 anno
1344 806 1409 851 sit,
1435 818 1554 855 eaque

97 876 158 900 res
182 865 421 899 occasionem
442 862 707 909 scriptoribus,
730 868 772 898 ut
790 862 894 898 urbis
915 864 1104 912 originem
1128 862 1197 898 alii
1221 867 1336 909 atque
1361 862 1433 897 alii
1454 867 1553 898 tem-

95 921 182 969 pori
204 919 512 970 adstriugerent,
541 917 702 958 dederit.
732 917 874 957 VVESS.
907 916 1021 957 Conf.
1047 917 1234 957 Schneid.
1251 917 1299 956 ad
1318 916 1427 956 Xen.
1446 916 1551 956 Hist.

97 974 250 1013 Gr.V1.
274 976 312 1015 5
334 977 374 1015 G

208 1033 279 1071 59.
303 1033 377 1072 96.
409 1027 698 1097 Συρῥίψαντες
721 1029 776 1077 εἷς
800 1027 930 1097 mima·
951 1025 1121 1082 κώμας]
1162 1029 1394 1078 Suspicetur
1414 1031 1549 1068 forsan

91 1089 230 1137 aliquis
258 1088 461 1139 legendum
485 1102 533 1125 οι
539 1083 799 1139 ιῖῥάψαντες,
827 1100 899 1124 nec
920 1089 1074 1124 iniuria.
1112 1088 1347 1139 Quamquam
1369 1094 1550 1126 neutrum

90 1146 251 1183 verbum
272 1147 364 1182 satis
388 1144 481 1181 mibi
502 1145 638 1192 placet
667 1142 825 1182 STEPH
849 1143 936 1195 Ego
961 1157 1053 1181 vero
1075 1157 1154 1180 non
1175 1145 1349 1193 inprobo.
1385 1143 1432 1181 Si
1444 1147 1505 1181 cni
1510 1157 1549 1182 m

91 1199 366 1255 ἐξερριμμένοι
387 1207 491 1238 recte
512 1202 570 1237 illi
590 1200 789 1247 dicantur,
810 1200 1127 1248 quemadmodum
1155 1201 1311 1238 ostendi
1333 1200 1380 1240 Li
1399 1199 1431 1239 I.
1457 1202 1546 1248 60„

91 1260 156 1307 qui
190 1265 428 1306 seponuntur
457 1259 496 1293 in
526 1259 683 1294 ultimos
711 1260 823 1308 regni
851 1257 974 1303 fines,
1004 1270 1073 1294 cur
1094 1270 1318 1307 spernamus
1337 1257 1545 1294 admodum

91 1312 325 1367 στῤῥίπτειν
346 1310 488 1362 κώμας
512 1313 557 1350 de
582 1315 703 1366 pagiS,
719 1317 785 1363 qui
808 1326 924 1351 unam
944 1316 986 1351 in
1007 1314 1140 1351 urbem
1165 1321 1355 1363 coguntur
1376 1320 1413 1350 et
1434 1316 1544 1363 quasi

89 1368 381 1408 coniiciuntur?
414 1370 529 1407 Aliud
548 1377 628 1416 est,
654 1371 755 1419 quod
774 1373 919 1408 morari
936 1383 1008 1408 nos
1029 1370 1155 1409 debet.
1207 1371 1440 1408 Praeferunt
1463 1372 1543 1418 ple-

89 1429 197 1475 rique
218 1440 349 1464 omnes
371 1428 472 1472 libri,
500 1439 576 1463 uno
597 1433 771 1475 excepto,
793 1422 953 1477 κώμαις
971 1425 1111 1467 εἴκοσι.
1142 1426 1261 1475 Atqui
1278 1428 1392 1478 longe
1412 1428 1544 1475 plures

87 1485 258 1521 fuerunt.
302 1483 451 1533 Inspice
482 1482 711 1520 Pausaniam
741 1484 785 1523 L.
820 1483 922 1521 Vlll.
954 1486 1028 1524 27.
1061 1498 1096 1533 p.
1126 1484 1249 1530 654„
1278 1490 1316 1520 et
1335 1484 1449 1521 urbes
1474 1497 1541 1532 pa-

85 1552 229 1591 gosque
257 1540 306 1576 ad
327 1549 394 1587 XL,
423 1540 525 1577 unde
547 1539 809 1591 Meg-ilopolin
841 1542 945 1577 cives
976 1542 1329 1591 commigraverint,
1358 1542 1540 1589 reperies.

86 1598 241 1645 Optime
267 1610 359 1648 ergo
389 1595 484 1648 Re‘r-
518 1599 559 1637 l
589 1592 733 1649 κώμας
760 1593 1090 1651 τετταράκοντα,
1123 1610 1234 1648 quem
1257 1599 1364 1646 sequi
1382 1598 1542 1645 placuit.

83 1650 128 1690 u
137 1664 219 1690 Ess.

199 1710 272 1749 60
306 1709 345 1748 5.
384 1706 508 1748 Inna
537 1705 612 1759 τὴν
641 1705 900 1776 ἐπικράτειαν
932 1708 1030 1755 τοὺς
1065 1707 1287 1760 Φοίνικας]
1325 1708 1541 1746 Obscurius

88 1764 171 1803 boc.
200 1765 463 1802 praestitisset
491 1763 589 1811 τοίς
618 1761 724 1804 κατὰ
753 1763 828 1816 τὴν
849 1767 933 1804 τῶν
953 1764 1298 1818 lmpffldomwv
1280 1780 1540 1819 επικρατειαν

91 1821 300 1868 (Ι)οιίικιις,
331 1820 435 1860 utL.
457 1821 564 1858 ΧΗ.
592 1822 663 1862 51·
698 1821 833 1858 iVEss.
1436 1838 1437 1841 ¹
1579 1814 1585 1825 ⁴

201 1879 373 1917 (30.16)
404 1877 486 1916 lia.)
509 1880 557 1928 τῇ
565 1892 583 1923 ς
604 1873 701 1917 nd).
691 1892 763 1924 -ως
781 1879 864 1916 τῶι
880 1874 1111 1929 Τρι·κιίωι’
1131 1875 1307 1931 ἕγκρατ]
1343 1876 1410 1915 Sic
1427 1889 1542 1926 opor-

88 1934 204 1972 tebat.
245 1934 462 1981 Stephanus
483 1931 630 1985 ’'agag—3
661 1929 779 1980 πόλις
800 1933 988 1979 ...ικεὶίας
1012 1956 1059 1961 -
1084 1930 1131 1972 τὸ
1156 1932 1346 1980 Sama»,
1376 1931 1542 1986 Ἐρυκῖ-

86 2005 167 2036 τος·
202 2006 268 2028 και
298 1988 491 2042 ἰΙρυκιιη
518 1988 773 2042 'quodt'zry.
811 1990 893 2026 Nec
927 1990 1030 2026 aliud
1061 1991 1244 2040 amplecti
1261 1984 1396 2030 auct&
1426 1993 1537 2031 solet.

86 2046 171 2085 Πά.
192 2045 776 2097 L.X1V.48.et13e10g.x1v
799 2046 841 2083 L.
860 2045 995 2084 XXll.
1025 2045 1162 2085 XVnss.

200 2104 274 2143 60.
313 2106 382 2143 18.
430 2103 503 2149 Εἷς
531 2100 604 2143 τὸν
636 2106 720 2143 τῶν
747 2100 968 2155 Ἐρυκίνιον
1005 2102 1176 2154 λιμένα]
1226 2102 1273 2141 In
1306 2102 1464 2154 Eclogis
1494 2102 1538 2140 L.

86 2158 237 2198 XXIV.
269 2157 495 2211 Ἔρυκιίἰυν
525 2155 722 2211 ἐμπόριον
749 2167 875 2198 vocat.
915 2160 1151 2197 Labentibus
1171 2163 1284 2197 annis
1305 2174 1349 2197 eo
1373 2161 1540 2196 traducti

87 2223 176 2252 suut
196 2216 372 2265 Erycini,
389 2224 544 2265 tumque
566 2215 738 2265 Drepani
760 2230 897 2254 nomen
921 2219 1145 2266 inpetravit,
1179 2217 1341 2254 docente
1360 2216 1435 2256 Ph.
1449 2215 1541 2253 Clu-

87 2268 192 2310 vei-io
214 2271 324 2309 Sicil.
346 2273 477 2322 Antiq.
501 2269 543 2311 L.
566 2272 614 2312 11.
645 2276 684 2314 1.
703 2285 740 2322 p.
760 2275 867 2314 2:37.
898 2273 1039 2310 VVEss.

201 2330 274 2369 60.
310 2330 387 2369 29.
425 2326 749 2381 Ἕτνράνιέυσεν
780 2327 849 2382 ἔτη
879 2328 1068 2383 δώδεκα]
1108 2329 1228 2378 Atqui
1257 2343 1358 2367 anno
1389 2329 1542 2366 demum

88 2384 241 2435 Olymp.
272 2396 353 2422 elx.
387 2387 556 2424 secundo
587 2399 635 2424 ex
656 2385 791 2425 Sicilia
814 2400 838 2424 a
860 2385 1103 2424 Timoleonte
1135 2393 1290 2423 coactus
1312 2385 1543 2425 Corinthum

88 2443 246 2479 secessit
265 2441 309 2480 L.
331 2442 436 2479 XVI.
459 2445 530 2483 71.
571 2442 650 2480 Sed
679 2451 812 2480 auctor
841 2456 964 2480 annos
998 2445 1080 2480 eius
1109 2441 1330 2493 tyrannidis
1362 2444 1544 2479 terminat

89 2499 190 2544 bello
213 2500 342 2545 civili,
371 2500 472 2547 quod
502 2512 570 2548 pro
607 2503 755 2549 patriae
786 2501 961 2537 libertate
991 2501 1050 2536 illi
1074 2499 1259 2537 conflavit
1278 2498 1377 2545 Dio,
1407 2506 1445 2535 et
1465 2509 1540 2547 quo

89 2568 190 2592 anno
212 2554 365 2605 Olymp.
385 2567 466 2595 ew.
491 2560 611 2607 primo
631 2557 776 2594 fractus
802 2559 843 2594 in
864 2557 1013 2593 ltaliam
1037 2570 1076 2592 se
1097 2559 1268 2606 recipere
1290 2556 1444 2601 debuit,
1478 2568 1543 2591 co-

90 2611 177 2649 dem
197 2612 262 2649 lib.
286 2626 318 2651 c.
355 2613 621 2652 17.l'2t1em
653 2614 736 2650 eius
770 2613 1066 2663 duodequadiag.)
1056 2617 1153 2650 inta
1182 2625 1304 2649 annos
1336 2618 1546 2661 tyrannum

89 2669 210 2706 fuisse
240 2670 552 2718 opulentissimae
581 2684 625 2707 ac
648 2670 890 2708 beatissimae
914 2671 1107 2718 civitatis,
1139 2672 1249 2707 testis
1272 2671 1385 2705 etiam
1410 2667 1548 2705 Cicero

91 2724 134 2762 L.
156 2724 223 2764 Ill.
243 2725 291 2762 N.
311 2724 361 2764 D.
387 2739 468 2774 cap.
490 2727 562 2766 33.
603 2726 738 2764 W'Ess.

206 2783 279 2822 60·
309 2783 383 2821 3¹1·
422 2779 707 2833 Αεὸιὸαχότος
725 2777 942 2835 ’-Λίθῆνῃσι
967 2781 1178 2834 Ληναίοις
1198 2778 1460 2835 τραγῳδίαν]
1493 2779 1553 2816 Dc

96 2836 280 2884 Renaeis,
321 2841 402 2876 sive
426 2839 687 2885 Liberalibus,
720 2846 759 2875 ct
779 2841 1103 2877 conmissionibus
1125 2838 1393 2888 tragoedorum
1428 2845 1465 2873 et
1487 2850 1555 2871 eo-
