1891 3310
465 143 529 181 [Ν
557 141 668 179 LlB.
693 140 822 180 XVI.
851 138 979 180 CAP.
1007 142 1173 182 2.--4.
1490 151 1548 190 77

219 255 290 297 83.
314 257 385 296 17.
411 252 565 307 Ἀφεὶς
583 249 714 306 αὐτὴν
734 248 1000 305 αὖτόνομον]
1029 252 1126 291 Vide
1147 265 1238 292 mox
1258 268 1291 293 c.
1314 259 1353 297 8.
1373 265 1411 295 et
1431 261 1552 310 inpri-

102 313 175 349 mis
193 311 377 363 Polyaen.
400 310 442 349 L.
462 311 527 348 IV.
547 313 588 351 2.
620 313 688 351 17.
715 317 820 348 artes
841 309 1008 359 Philippi
1034 311 1076 347 in
1098 310 1316 361 Amphipoli
1337 315 1458 353 libera
1483 318 1550 354 de-

102 369 283 406 claranda
313 371 452 417 optime
482 368 758 418 expedientem.
796 366 1050 403 Athenienses
1070 370 1237 404 maximo
1259 382 1372 418 opere
1392 376 1550 411 restitu-

101 432 180 462 tam
203 425 276 462 sibi
295 424 553 475 Amphipolim
576 424 870 470 desiderabant,
908 435 1068 471 cumque
1085 423 1255 473 Philippi
1277 425 1550 466 Macedonum-

101 494 174 530 que
195 483 353 529 imperio
373 482 493 518 libera
513 489 627 528 esset,
649 488 690 518 ut
710 494 818 518 suam
838 482 878 517 in
900 487 1127 528 potestatem
1151 482 1308 529 rediret,
1323 486 1459 531 moliti,
1476 488 1549 524 etsi

99 540 318 576 frustraneo
337 545 488 584 conatu,
507 541 628 575 multa
647 545 750 585 sunt,
773 550 867 587 quae
886 549 933 573 ex
954 535 1192 587 Theopompi
1210 539 1426 590 fragmento
1446 542 1548 592 apud

101 594 261 632 Suidam
282 597 321 631 in
347 593 403 632 Τι’
418 593 501 632 ἐστι
525 592 571 634 τὰ
595 594 636 633 ἐν
657 599 741 641 τοῖς
766 601 837 630 etc.
858 595 933 643 peti
951 601 1126 642 possunt.
1154 594 1292 634 VVESS.

216 651 288 690 84.
316 651 389 690 34-
426 646 740 697 ιΥῑῑοσπόνδους
768 648 929 703 ἀφῆκε]
973 649 1095 686 Fuere
1124 650 1194 688 hos
1217 652 1319 689 inter
1338 651 1550 691 Athenien-

101 708 200 744 sium
220 709 362 757 aliqui,
393 720 486 756 quos
506 710 700 745 lenissime
724 707 895 753 habitos,
927 709 1118 744 restitutis
1146 710 1258 745 etiam
1287 712 1438 746 amissis
1468 724 1550 748 om-

100 763 227 811 nibus,
250 765 390 801 liberos
415 765 559 801 dimisit
583 765 796 813 Philippus,
822 764 1032 800 amicitiam
1057 766 1138 800 eius
1158 767 1330 802 civitatis
1346 767 1550 805 studiosis·

102 822 195 857 sime
217 832 416 868 quaerens.
439 821 535 857 Vide
550 820 847 857 Demosthenem
861 821 927 856 Or.
946 822 985 856 in
998 820 1222 858 Aristocrat.
1244 823 1398 871 p.422.
1416 823 1549 861 WESS.

216 878 288 917 84.
318 878 390 916 38.
424 874 613 928 ’Ώκησαν
646 899 694 904 -
726 875 955 929 Ιίρινίδας]
998 876 1156 925 Repone
1186 874 1361 932 ᾤκισαν,
1412 886 1450 917 et
1479 894 1548 930 pro

100 931 322 985 Κρινίδας,
355 933 578 987 Κρηνίδας.
604 933 739 970 Rflon.
782 933 1003 984 Legendum
1031 934 1246 985 Κρηνίδας
1275 948 1323 972 ex
1345 936 1549 974 Strabone.

100 988 232 1028 PALM.
252 987 442 1029 Ὤικισαν
468 1012 516 1018 —-
538 990 764 1043 Κρηνίὸας]
793 989 958 1026 Reddidi
979 992 1127 1027 auctori
1154 992 1254 1040 quod
1276 993 1433 1029 dederat
1455 994 1550 1041 ipse,

101 1046 277 1095 quodque
297 1049 461 1084 recurrit
483 1061 514 1084 c.
537 1050 576 1087 8.
607 1050 689 1085 sine
710 1047 870 1093 menda3
916 1058 1039 1094 neque
1061 1048 1155 1083 satis
1179 1048 1357 1086 demirari
1382 1062 1550 1098 possum,

102 1116 171 1140 cur
189 1102 439 1140 Basiliensem
471 1104 606 1141 horum
637 1105 823 1142 librorum
855 1103 1066 1140 editionem
1096 1103 1191 1140 adeo
1221 1108 1445 1143 contemtim
1473 1109 1548 1145 viri

102 1159 206 1196 docti
237 1159 461 1208 habuerint,
499 1168 543 1198 ut
572 1174 619 1198 ne
640 1162 745 1198 adire
766 1160 918 1209 quidem
943 1167 1055 1208 atque
1075 1159 1264 1208 inspicere
1285 1164 1364 1198 sint
1382 1162 1549 1214 dignati,

101 1215 203 1254 haud
222 1229 310 1253 raro
334 1224 460 1253 tamen
480 1219 687 1255 meliorem.
713 1217 927 1268 Κρηνίδες,
949 1217 994 1253 de
1016 1217 1153 1265 quibus
1176 1231 1245 1254 nos
1267 1219 1445 1267 inferius,
1462 1233 1549 1257 cor-

101 1275 205 1311 rexit
223 1273 271 1310 ad
295 1271 426 1323 Steph.
448 1286 595 1322 quoque
617 1272 834 1311 Berkelius.
862 1273 1000 1311 lVESS.

217 1330 289 1370 84.
311 1331 384 1369 44.
414 1329 480 1378 Ἐξ
500 1324 555 1370 ὧν
576 1330 692 1370 πέντε
714 1330 1047 1383 ι)”ια([ι(ι)ιόἷ’σιν]ν
1063 1329 1255 1380 Interpres
1285 1332 1332 1369 de
1361 1344 1386 1368 V
1417 1339 1549 1370 tamen

101 1387 208 1423 inter
228 1386 327 1423 llaec
351 1388 625 1439 discrepatur,
650 1390 759 1437 quasi
778 1389 916 1424 fuisset
946 1385 987 1433 ἐξ
1016 1384 1072 1425 ὡν
1101 1387 1190 1437 περὶ
1212 1390 1293 1426 τῶν
1322 1387 1437 1428 πέντε
1461 1390 1550 1428 δια-

101 1446 302 1496 φωνοῦσι,
329 1445 392 1480 vel
413 1436 469 1483 ὧν
497 1444 586 1496 περὶ
612 1447 694 1483 τῶν
715 1451 786 1481 etc.
826 1443 872 1481 G.
894 1443 948 1480 Io.
969 1442 1130 1480 Vossius
1154 1444 1199 1480 de
1220 1444 1321 1481 Hist.
1344 1445 1481 1485 Graec.
1507 1446 1550 1484 L.

100 1499 131 1535 l.
156 1512 190 1548 p.
214 1500 286 1538 32.
317 1498 539 1552 διαᾳωιέΐν
569 1501 639 1538 hoc
668 1514 750 1537 esse
782 1502 866 1537 loco
895 1502 971 1547 ait,
1002 1507 1221 1538 extremam
1251 1514 1383 1539 vocem
1416 1505 1548 1550 edere,

101 1557 183 1593 sive
207 1558 418 1607 eaespirare
438 1565 558 1608 atque
579 1559 836 1596 intercidere.
883 1556 950 1594 Sic
972 1560 1166 1594 sententia
1185 1559 1310 1605 foret,
1339 1573 1388 1596 ea:
1410 1561 1550 1609 quibus

102 1613 273 1663 quinque
308 1615 610 1652 interciderunt.
658 1615 717 1651 Ea
745 1615 995 1652 confirmatur
1027 1628 1049 1650 a
1074 1614 1213 1651 Photio
1243 1613 1424 1653 Biblioth.
1454 1615 1547 1653 Cod.

103 1668 314 1707 CLXXVI.
347 1670 575 1708 adfirmante
595 1684 643 1707 ex
655 1669 893 1720 Theopompi
909 1672 1018 1707 libris
1038 1681 1151 1706 Lvlu.
1174 1673 1247 1708 iam
1268 1673 1359 1708 olim
1380 1675 1546 1721 quinque

101 1727 273 1777 periisse,
302 1739 423 1774 neque
446 1741 510 1765 eos
533 1741 602 1764 suo
623 1734 790 1778 tempore
811 1729 984 1775 reperiri.
1015 1726 1106 1763 Fert
1124 1727 1292 1764 eamdem
1313 1731 1421 1765 vocis
1442 1742 1548 1777 usus,

102 1782 149 1818 de
169 1794 244 1829 quo
266 1795 335 1818 nos
354 1784 504 1819 abunde
529 1796 644 1831 supra
665 1783 705 1820 L.
726 1783 793 1820 ΙΙΙ.
815 1785 889 1823 41.
918 1782 1003 1819 Hoc
1023 1784 1164 1829 obstat,
1195 1784 1295 1832 quod
1317 1786 1454 1822 librum
1479 1796 1546 1825 LV.

103 1837 289 1885 Stephan.
321 1840 360 1874 in
382 1835 547 1891 Καρῦα,
578 1840 621 1879 L.
653 1849 734 1877 Lvl.
765 1840 984 1876 Athenaeus
1015 1839 1057 1876 L.
1086 1838 1194 1877 Xlll.
1220 1842 1259 1880 9.
1291 1853 1327 1889 p.
1353 1842 1473 1888 639„
1500 1844 1549 1879 li-

99 1895 285 1943 brumque
306 1894 469 1944 denique
499 1906 596 1932 Lvll.
625 1896 725 1934 idem
754 1899 818 1934 ille
843 1895 1063 1944 Stephanus
1085 1897 1125 1933 in
1147 1896 1399 1936 ΖΙΙεσσαπέαι
1420 1899 1468 1935 ad
1491 1906 1549 1935 te-

101 1951 321 1987 stimonium
338 1952 581 1990 advocarint:
627 1955 683 1990 illi
710 1956 812 1990 enim
836 1967 921 1990 cum
941 1954 1174 2000 lectitarint,
1203 1954 1392 2002 quomodo
1413 1954 1550 1992 Nostri

101 2014 223 2044 aetate
255 2020 318 2044 eos
352 2012 510 2058 periisse
540 2008 737 2046 dicemus?
779 2009 984 2047 Discordia
1003 2009 1048 2046 de
1068 2023 1160 2047 vero
1183 2024 1312 2047 eorum
1334 2019 1490 2049 auctore
1513 2014 1548 2050 si

101 2075 196 2112 quae
223 2065 506 2112 intercesserit,
538 2073 580 2102 ut
608 2065 911 2104 Rhodomannus
940 2069 1117 2103 versione
1149 2080 1217 2103 sua
1246 2067 1456 2115 indicavit,
1484 2081 1547 2105 res

102 2121 225 2157 omnis
244 2122 284 2156 in
306 2122 404 2158 vado
425 2123 534 2160 foret.
567 2122 679 2174 Elige
700 2137 790 2174 ergo
815 2131 851 2160 et
870 2134 1040 2171 sequere,
1063 2123 1165 2172 quod
1188 2124 1291 2160 libet.
1335 2124 1421 2161 Hoc
1439 2127 1547 2173 equi-

101 2177 186 2213 dem
208 2178 289 2212 iure
310 2178 510 2215 adfirmare
539 2192 649 2228 posse
669 2181 826 2227 videor,
868 2179 1081 2217 Diodorum
1101 2183 1140 2216 in
1162 2179 1326 2230 Philippi
1345 2182 1458 2218 rebus
1480 2182 1547 2218 de-

100 2233 312 2279 scribendis
343 2233 583 2285 'l'hcopompi
613 2239 778 2287 vestigia
809 2237 1052 2287 potissimum
1083 2238 1236 2287 legisse.
1278 2237 1319 2273 ld
1349 2239 1548 2286 scriptoris

97 2291 326 2340 fragmenta,
354 2304 421 2328 suo
442 2306 610 2341 (piaeque
633 2295 716 2331 loco
737 2293 955 2340 excitanda,
981 2293 1239 2330 declarabunt.
1259 2294 1392 2331 VVEsS.
1423 2292 1549 2331 Nimi-

97 2359 197 2393 rum,
227 2353 268 2382 ut
290 2352 486 2395 perspicue
508 2358 637 2387 narrat
655 2350 829 2398 l'hotius,
854 2363 932 2386 non
954 2353 1137 2399 postremi
1159 2351 1325 2399 quinque
1346 2353 1551 2398 perierant.

219 2404 289 2443 84·
328 2405 402 2444 46-
443 2401 622 2445 Κόϊντον
660 2403 908 2459 Γενούκιον]
958 2403 1143 2446 Λεύκιον
1184 2411 1360 2444 nominat
1399 2407 1548 2444 Livius.

102 2457 241 2498 RHOD.
269 2456 454 2499 Λεύκιον
475 2459 721 2515 Γενούκιον]
757 2464 815 2500 lta
837 2471 1005 2513 praestat
1026 2477 1075 2501 ex
1094 2463 1206 2501 Livio
1221 2492 1233 2510 ‚
1267 2470 1309 2501 ut
1329 2465 1422 2500 bene
1441 2463 1549 2500 Rho-

103 2516 226 2562 dom.‚
256 2515 296 2553 L.
320 2516 403 2553 Vll.
423 2518 464 2557 4.
504 2519 611 2556 Adde
635 2519 769 2558 Fastos
789 2519 921 2571 Pighii
939 2521 985 2557 ad
1007 2533 1096 2557 ann.
1113 2531 1268 2557 cccxcn.
1303 2519 1435 2557 wizss.

217 2573 290 2612 84.
334 2575 407 2613 61-
451 2570 658 2624 Βάρδυλις
696 2574 737 2615 δ’
780 2572 801 2615 ὃ
835 2579 918 2616 τῶν
944 2575 1152 2629 Ἰλλυριῶν
1180 2574 1307 2627 fiam]
1347 2575 1453 2612 ldem
1481 2576 1547 2612 ille

103 2635 173 2675 est,
193 2628 238 2665 dc
259 2641 333 2678 quo
353 2628 487 2667 Cicero
508 2632 552 2667 de
573 2632 685 2670 offic.
705 2631 746 2669 L.
768 2632 816 2669 ll.
845 2636 863 2673 l
878 2636 916 2673 l.
952 2633 1280 2685 Ituqaepmpter
1302 2632 1548 2682 aequabilem

93 2686 280 2737 praedae
296 2689 557 2736 partitionem
582 2697 622 2726 et
640 2690 834 2739 Bardylis
855 2690 1020 2740 Illyrius
1041 2691 1170 2737 latro,
1197 2692 1244 2728 de
1266 2701 1340 2739 quo
1360 2695 1421 2725 est
1440 2689 1551 2739 apud

108 2741 407 2793 Theopompum,
431 2758 599 2795 magnas
622 2759 714 2797 opes
732 2747 881 2784 habuit.
909 2748 1031 2797 Origo
1054 2745 1219 2783 hominis
1242 2747 1317 2783 fuit
1336 2746 1545 2782 vilissima:

103 2811 152 2836 ex
173 2800 399 2838 carbonario
422 2803 527 2839 enim
553 2804 699 2854 regiam
720 2803 950 2855 dignitatem
974 2806 1075 2841 inter
1103 2803 1260 2853 Illyrios
1288 2802 1450 2851 adeptus
1478 2808 1550 2848 est,
