1859 3326
244 222 329 253 LIV
792 219 1128 253 EXCERPTA

248 318 483 364 Olympiadis
514 318 706 355 Diodorus
740 321 903 364 quinque
940 327 1060 352 annos
1090 315 1280 351 Romanos
1315 315 1522 358 transmit,
1567 315 1695 360 itaque

247 379 323 412 iam
348 382 581 424 exaequatur
604 379 789 422 Dionysio
811 377 1144 410 Halicarnassaeo.

339 455 537 490 CXXXIX.
570 456 628 489 Ex
650 454 708 488 his
733 453 1004 488 mutationibus
1031 451 1258 496 Systematis
1283 450 1542 485 inferendum:
1569 447 1702 493 Syste-.

247 522 311 546 ma
342 515 502 557 primum
536 512 694 546 Diodori
728 511 812 545 finit
842 512 880 543 in
913 511 952 543 C.
988 509 1147 550 Nautio,
1193 509 1238 542 L.
1267 509 1433 542 Minucio
1468 509 1571 542 Coss.
1617 507 1700 540 Hos

248 568 440 604 Diodorus
471 572 577 615 ponit
610 568 657 603 ad
688 580 825 604 annum
854 571 1027 613 quartum
1055 567 1291 611 Olympiadis
1317 566 1488 599 LXXXI.
1532 565 1703 598 Halicar-

250 638 433 662 nassaeus
465 632 595 662 contra
623 627 670 660 ad
703 637 840 659 annum
870 630 1043 671 quartum
1071 625 1307 670 Olympiadis
1333 623 1485 659 LXXX,
1513 623 1704 667 Olympia-

250 684 318 720 des
343 685 512 720 LXXXI.
541 683 751 729 completae
779 684 972 717 continent
1008 694 1126 717 annos
1162 682 1443 727 Olympiadicos
1476 679 1704 714 CCCXXIV.

249 741 309 776 his
334 742 566 776 detrahendo
592 752 712 775 annos
738 740 784 773 ab
809 741 901 774 urbe
935 741 1086 775 condita
1116 742 1154 773 in
1187 739 1365 773 methodo
1396 737 1705 772 Halicarnassaei

251 800 441 834 CCXCVI.
468 803 668 833 remanent
693 799 780 832 anni
807 799 952 842 priores
978 798 1070 831 urbe
1095 799 1246 832 condita
1269 797 1442 831 XXVIII.
1487 797 1537 828 Hi
1564 794 1706 828 faciunt

250 863 396 903 septem
432 857 698 901 Olympiades:
740 865 831 899 ergo
868 855 1058 889 Diodorus
1094 861 1153 890 est
1188 857 1224 889 in
1263 858 1440 899 computu
1473 853 1703 894 Pictoriano,

251 916 314 959 qui
347 915 480 948 statuit
517 915 647 948 urbem
692 914 878 947 conditam
924 913 1081 947 finiente
1117 913 1342 957 Olympiade
1378 913 1539 956 septima
1581 915 1619 943 et
1652 910 1705 941 in-

253 972 412 1006 choante
439 977 583 1008 octava.
632 972 759 1005 Annus
788 981 949 1014 sequens
975 971 1115 1014 primus
1141 971 1376 1015 Olympiadis
1397 969 1584 1002 LXXXII.
1608 970 1705 1009 (iux-

251 1033 292 1062 ta
314 1029 429 1073 dicta)
460 1040 481 1062 a
507 1029 674 1063 Diodoro
702 1028 922 1072 simpliciter
948 1032 986 1060 et
1011 1039 1127 1061 vacue
1155 1029 1433 1063 transmittitur.
1488 1028 1591 1071 Ergo
1618 1027 1707 1060 Dio-

252 1087 367 1121 dorus
391 1088 437 1121 ab
463 1087 550 1120 hinc
574 1089 610 1120 in
638 1087 752 1119 alium
777 1089 969 1118 auctorem
995 1085 1202 1118 Romanum
1229 1085 1382 1125 incidit,
1410 1085 1480 1128 ‘qni
1507 1095 1581 1118 uno
1608 1095 1706 1119 anno

252 1146 396 1187 serius,
434 1156 545 1190 quam
569 1144 716 1185 Pictor,
758 1143 946 1177 conditum
970 1143 1073 1176 urbis
1100 1142 1310 1183 statuebat,
1330 1138 1391 1174 'et
1424 1146 1624 1185 praeterea
1651 1151 1708 1174 sea

252 1203 348 1236 riem
375 1205 663 1246 magistratuum
688 1201 937 1233 Romanorum
964 1211 1081 1245 usque
1107 1200 1154 1232 ad
1178 1199 1488 1232 Decemvirorum
1508 1199 1707 1242 imperium

252 1260 378 1293 minus
403 1260 500 1293 iuste
527 1259 725 1299 tradebat,
761 1268 869 1304 quem
896 1268 1064 1291 errorem
1089 1259 1216 1301 itaque
1242 1256 1433 1291 Diodorus
1460 1267 1506 1290 ex
1541 1267 1585 1290 eo
1621 1256 1708 1290 hau-

254 1318 325 1359 sit,·
362 1320 400 1351 et
424 1328 492 1362 per
518 1318 616 1351 idem
644 1321 792 1360 tenipus
817 1317 1060 1349 continuavit.
1114 1315 1155 1348 In
1188 1325 1286 1348 anno
1319 1314 1484 1348 secundo
1522 1317 1560 1348 et
1593 1317 1707 1349 tertio

256 1374 493 1419 Olympiadis
518 1373 704 1409 LXXXII,
761 1373 951 1406 Diodorus
978 1373 1072 1406 duos
1100 1373 1316 1406 consulatus
1341 1374 1464 1417 ponit,
1503 1373 1586 1407 Ioco
1620 1384 1708 1417 quo-

253 1442 352 1473 rum,
386 1432 693 1465 Halicarnassaei
719 1434 757 1463 et
782 1432 943 1463 omnium
972 1431 1131 1464 aliorum
1160 1432 1382 1474 scriptorum
1408 1431 1526 1471 Fasti,
1558 1432 1708 1466 unicum

255 1491 353 1523 tanti
378 1491 611 1523 consulatum
637 1491 675 1522 C.
699 1488 849 1521 Horatii
878 1492 916 1521 et
940 1488 981 1528 Q.
1006 1489 1162 1521 Minucii
1196 1492 1416 1532 agnoscunt.
1470 1489 1544 1521 Par
1573 1500 1709 1523 consu-

255 1547 333 1580 lum
357 1548 474 1591 igitur
499 1547 584 1580 hinc
609 1546 774 1579 abundat
803 1550 841 1578 et
867 1546 1167 1590 expungendum.
1216 1546 1299 1579 Hoc
1321 1545 1420 1579 facto
1440 1547 1603 1591 quinque
1624 1558 1709 1580 con-

257 1605 404 1638 sulatus
438 1609 663 1649 sequentes,
703 1609 741 1637 et
773 1602 903 1635 itidem
939 1603 1011 1635 duo
1043 1603 1352 1645 Decenwiratus,
1400 1605 1521 1637 locum
1560 1615 1712 1649 semper

257 1673 359 1696 anno
394 1673 468 1696 uno
503 1664 731 1696 anteriorem
766 1662 803 1693 in
838 1660 1101 1694 conformitate
1138 1662 1446 1695 Halicarnassaei
1488 1665 1709 1706 sortiuntur,

261 1724 301 1754 et
334 1730 474 1761 annun,
510 1720 603 1753 duos
636 1720 923 1752 Decemviratus
958 1718 1213 1765 subsequens,
1255 1724 1477 1761 evacuatur,
1521 1722 1583 1765 qui
1617 1732 1708 1756 vero

259 1778 375 1810 tertio
403 1777 670 1811 Decemviratn
697 1777 899 1820 replendus
927 1781 1002 1817 est3
1045 1777 1142 1811 unde
1176 1788 1222 1811 ex
1257 1778 1338 1820 ipso
1369 1788 1515 1823 quoque
1542 1779 1709 1814 Diodoro

259 1839 390 1869 rectae
417 1835 691 1879 Chronologiae
718 1836 893 1867 restituto
920 1835 1124 1877 evincitur,
1165 1839 1243 1868 tres
1277 1835 1564 1870 Decemviratus
1597 1839 1712 1871 conti-

260 1902 376 1935 nuos,
405 1904 478 1927 non
504 1893 598 1927 duos
623 1896 781 1934 tantum,
806 1897 847 1926 ut
870 1894 1117 1927 communiter
1136 1891 1362 1939 chronologi
1378 1893 1550 1928 hodierni
1571 1895 1712 1940 volunt,

263 1949 486 1986 obtinuisse.
870 1950 872 1953 ⁵

358 2025 468 2060 CXL.
498 2028 590 2061 Inde
617 2039 638 2062 a
662 2027 897 2062 Decemviris
922 2029 995 2061 iam
1020 2028 1273 2073 Chronologia
1297 2029 1454 2063 Diodori
1489 2031 1536 2064 ad
1568 2038 1712 2067 rectum

266 2083 436 2117 ordinem
463 2088 655 2128 pervenit,
697 2086 763 2119 sed
788 2085 963 2130 Systema
995 2086 1198 2130 Computus
1229 2088 1480 2132 Olympiadici
1510 2100 1585 2123 uno
1616 2101 1714 2125 anno

265 2140 370 2184 pluS‚
399 2153 510 2186 quam
535 2143 572 2175 in
597 2144 717 2186 primo
742 2147 970 2186 systemate,
995 2144 1159 2185 recedit,
1188 2149 1225 2178 et
1249 2145 1326 2177 tale
1353 2149 1429 2178 est:
1461 2156 1611 2188 annum,
1643 2159 1714 2192 quo

265 2197 313 2231 1..
338 2199 531 2241 Valerius,
569 2200 621 2232 M.
646 2201 826 2234 Horatius
848 2201 1021 2234 consules
1046 2201 1186 2234 Romae
1211 2200 1337 2243 fuere,
1371 2202 1559 2237 Diodorus
1584 2205 1718 2249 alligat

267 2265 368 2289 anno
392 2258 505 2290 tertio
531 2257 765 2301 Olympiadis
792 2256 998 2292 LXXXIV.
1021 2258 1360 2292 Halicarnassaeus
1385 2263 1512 2293 autem
1538 2271 1635 2295 anno
1661 2273 1718 2296 se-

268 2313 389 2347 cundo
416 2314 651 2358 Olympiadis
677 2314 882 2348 LXXXIII.
930 2315 1147 2358 Completae
1182 2326 1264 2348 cum
1301 2317 1420 2350 tribus
1450 2321 1558 2352 annis
1591 2331 1719 2365 super-

269 2370 408 2404 additis
431 2373 625 2404 insecutae
653 2372 886 2416 Olympiadis
912 2372 1118 2407 LXXXIV.
1152 2374 1346 2407 continent
1378 2385 1496 2409 annos
1529 2377 1720 2421 Olympia-

269 2427 374 2461 dicos
399 2428 593 2461 CCCXXX
604 2429 642 2462 V.
690 2430 760 2461 His
783 2429 1015 2463 detrahendo
1041 2440 1158 2463 annos
1184 2431 1229 2463 ab
1256 2432 1300 2466 V.
1326 2432 1364 2464 C.
1389 2433 1426 2465 in
1447 2433 1623 2468 methodo
1644 2436 1720 2469 Ha-

269 2485 516 2519 Iicarnassaei
549 2487 696 2521 CCCVI.
738 2492 936 2521 remanent
968 2490 1055 2521 anni
1091 2489 1238 2531 priores
1271 2489 1363 2522 urbe
1401 2490 1551 2524 condita
1583 2492 1721 2527 XXIX.

272 2553 364 2587 ergo
388 2543 577 2576 Diodorus
604 2544 640 2576 in
669 2543 738 2577 hoc
763 2545 927 2579 secundo
953 2550 1161 2590 systemate
1189 2550 1247 2580 est
1270 2547 1309 2579 in
1335 2553 1528 2591 computu,
1562 2550 1622 2592 qui
1649 2554 1722 2582 sta-

272 2602 366 2643 tuit,
400 2601 531 2635 urbem
560 2601 747 2634 conditam
776 2604 931 2637 finiente
956 2614 1054 2637 anno
1081 2605 1221 2648 primo,
1266 2608 1305 2637 et
1330 2604 1530 2639 inchoante
1556 2606 1720 2640 seeundo

273 2658 510 2703 Olympiadis
535 2662 713 2702 octavae,
749 2661 848 2705 quod
873 2663 1034 2708 quinque
1059 2662 1220 2706 integris
1243 2663 1350 2695 annis
1376 2662 1506 2697 differt
1528 2672 1551 2696 a
1574 2673 1721 2707 compu-

273 2719 314 2749 tu
339 2717 660 2750 Halicarnassaei.

364 2793 493 2828 CXLI.
529 2794 722 2829 Diodorus
755 2795 801 2829 ab
835 2797 877 2830 A.
905 2796 1166 2833 CCCXXVIII.
1196 2808 1315 2844 usque
1340 2798 1388 2832 ad
1412 2799 1452 2833 A.
1483 2797 1727 2832 CCCXXXII.

275 2851 413 2884 seriem
449 2861 632 2887 annorum
666 2855 829 2900 quinque
858 2854 1005 2899 turbat,
1041 2855 1080 2891 C.
1104 2855 1385 2900 Sempronium,
1422 2859 1461 2891 et
1492 2856 1534 2897 Q.
1565 2855 1723 2890 Fabium
