1891 3310
366 210 429 250 ΙΝ
459 208 808 249 EXCERPTA
846 207 957 247 LIB.
977 207 1124 248 XXIV.
1151 208 1280 248 XXV.
1451 213 1541 254 411

96 324 407 362 Rhodomannus.
465 321 606 360 Hanno
634 336 720 360 cum
738 321 869 360 valida
891 322 1011 359 classe
1033 324 1173 359 missus
1195 329 1278 360 erat
1299 320 1548 376 Carthagine,

96 389 139 418 ut
159 381 427 430 popularibus,
460 380 507 416 ad
530 379 694 430 Erycem
715 377 981 425 haerentibus,
1020 379 1194 416 subsidio
1212 386 1334 427 esset,
1377 381 1547 419 delatus-

97 450 169 487 que
187 439 233 474 ad
255 439 417 474 insulam
434 436 611 482 Hieram,
641 436 859 485 priusquam
880 434 1010 472 hostes
1030 442 1328 486 cognoscerent,
1365 438 1415 474 ad
1436 439 1545 487 Ery-

94 507 175 530 cem
198 494 386 544 adpellere
403 505 630 543 magnopere
653 492 920 530 contendebat.
979 490 1123 530 Consul
1143 492 1339 540 Lutatius,
1376 496 1543 545 cognito

94 549 301 588 Hannonis
330 550 514 594 consilio,
553 548 600 584 ad
626 549 772 585 insulas
795 547 958 598 Aegates
983 547 1155 586 hostibus
1185 552 1374 597 occurrit,
1405 553 1550 600 suique

95 614 319 656 potestatem
351 607 455 643 fecit.
508 603 575 641 Sic
603 605 752 654 plenius
783 603 969 654 Polybius
997 605 1040 644 L.
1069 604 1096 645 Ι.
1129 606 1204 645 60.
1252 605 1389 643 VVESS.
1450 605 1548 644 Dio-

97 663 226 709 dorus,
259 670 301 699 ut
322 667 478 712 apparet
498 663 610 697 etiam
631 673 679 696 ex
693 659 778 696 vat.
797 659 892 696 Exc.
916 673 952 709 p.
975 662 1032 698 ed.
1045 661 1148 709 Lips.
1164 663 1236 702 61.
1259 661 1320 698 IV.
1334 689 1346 709 ,
1376 676 1455 700 non
1470 664 1547 701 Po-

95 720 242 769 lybium
263 720 305 755 in
326 718 384 755 his
405 719 600 766 sequitur,
636 716 702 753 sed
728 722 772 753 ut
804 717 959 754 videtur
988 717 1198 755 Philinum.
1257 719 1383 763 Quare
1423 732 1547 769 neque

95 774 158 812 hic
190 776 235 812 de
263 777 398 811 lacuna
426 773 672 823 cogitandum
702 785 773 809 nec
803 780 889 820 post
919 770 1173 825 ὀγδοήκοντα
1194 774 1240 811 de
1261 777 1546 824 supplemento:

97 830 263 869 Romani
287 833 387 867 enim
420 842 538 866 naves
570 831 767 879 octoginta
798 829 1008 878 perdidisse
1031 831 1209 868 dicuntur
1234 832 1290 869 sic
1319 839 1362 869 ut
1386 835 1549 883 triginta

95 888 292 933 funditus,
321 888 600 935 quinquaginta
622 898 670 922 ex
688 891 793 934 parte
819 886 1070 933 pessundatae
1091 889 1182 923 sint.

212 944 318 983 509.
353 944 427 982 96.
471 937 665 992 ‘t’wsseafoz
700 939 744 980 δὲ
771 936 1026 993 ὀγδοήκοντα
1058 939 1281 995 (ἴλαβον)]
1337 943 1480 982 Addidi
1506 944 1548 983 id

94 999 277 1047 verbum,
312 1012 361 1035 ne
392 999 514 1035 oratio
547 998 763 1035 claudicare
791 1005 978 1048 pergeret.
1037 998 1223 1048 Polybius
1244 1000 1460 1038 Poenorum
1481 1001 1549 1038 de-

94 1069 238 1093 mersas
257 1056 376 1092 fuisse
399 1067 518 1092 naves
538 1054 839 1105 quinquaginta,
875 1062 1004 1104 captas
1023 1068 1045 1091 a
1066 1053 1252 1092 Romanis
1273 1052 1546 1109 αὐτάνδρους,

95 1114 177 1149 sive
199 1125 276 1149 una
294 1125 379 1148 cuin
400 1113 610 1148 classiariis
632 1117 669 1147 et
691 1111 933 1158 vectoribus,
976 1114 1239 1162 septuaginta,
1272 1119 1467 1162 praeterea
1485 1128 1548 1151 ca-

95 1170 293 1217 ptivorum
320 1168 441 1204 ferme
472 1169 595 1205 millia
629 1167 781 1214 decem,
825 1168 890 1204 lib.
911 1167 938 1203 Ι.
974 1170 1047 1208 61.
1072 1168 1254 1217 prodidit.
1314 1170 1418 1213 Quae
1453 1183 1548 1207 vcro

96 1227 225 1262 statim
261 1224 494 1272 succedunt,
530 1218 751 1272 τριάκοντα
779 1220 853 1275 μὲν
885 1223 939 1270 εἷς
967 1222 1106 1271 τέλος,
1153 1220 1408 1276 πεντήκοντα
1428 1224 1472 1264 δὲ
1493 1226 1550 1272 εἷς

95 1277 386 1331 ἓπιμερισμὸν,
427 1293 471 1317 ea
500 1293 578 1316 non
607 1280 797 1330 intelligo.
856 1279 1020 1317 Videtur
1048 1279 1265 1328 Diodorus,
1310 1282 1425 1319 modo
1454 1282 1550 1320 haee

96 1338 178 1375 eius
201 1340 303 1384 sint,
333 1336 379 1373 de
399 1337 590 1374 manubiis
614 1337 761 1384 aliquid
784 1335 1000 1385 addidisse,
1031 1338 1099 1375 sed
1118 1338 1220 1388 quod
1238 1341 1350 1389 poeta
1369 1341 1436 1388 ait,

263 1415 321 1421 —-
374 1414 432 1420 —-
488 1392 636 1431 Brevis
657 1405 739 1430 esse
762 1392 933 1441 laboro„

269 1448 468 1488 Obscurus
481 1451 544 1498 fi⁰
600 1472 661 1477 —
719 1469 767 1476 -
837 1460 842 1464 ·

95 1504 136 1544 id
156 1505 385 1554 Excerptori
406 1505 491 1552 hie,
524 1507 583 1542 uti
604 1517 715 1572 saepe
737 1511 874 1552 antea,
899 1517 973 1543 usu
992 1505 1114 1545 venit.
1171 1504 1313 1545 WEss.
1357 1501 1372 1514 ‘

211 1563 315 1602 509.
351 1564 391 1602 6.
420 1558 549 1613 Ἐτη]
583 1559 683 1601 Ae*
671 1561 753 1613 ἔτη.
812 1561 948 1599 RHoD.

211 1615 546 1659 509.11.Ἒπὶ
567 1623 659 1664 ταῖς
677 1640 724 1647 —
742 1617 918 1670 Κυριαις
937 1613 1095 1665 Λόξαις
1117 1613 1386 1686 ἀπεφῃνατο]
1424 1619 1552 1658 Aurea

96 1672 322 1724 Philosophi
353 1675 473 1713 verba
494 1673 690 1725 Diogenes
724 1676 896 1713 servavit
923 1675 964 1712 L.
977 1674 1030 1714 X.
1059 1676 1161 1715 144.
1195 1672 1215 1715 ὃ
1239 1675 1416 1725 ὁικαιος,
1450 1674 1554 1715 οἷταἡ

97 1727 431 1781 quadro-105²&
463 1728 503 1769 <3²
537 1728 699 1778 α’ὁικος,
737 1730 931 1782 πλείστης
957 1730 1310 1784 ταοαχῆςφέμων.
1352 1734 1552 1770 ubiaccu-

97 1789 334 1825 ratissimum
352 1787 596 1837 Menagium,
626 1789 785 1824 minime
804 1786 969 1824 Diodori
993 1788 1177 1835 oblitum,
1206 1790 1366 1837 inspice.
1415 1789 1552 1826 WESS.

214 1845 317 1884 509.
353 1845 428 1883 22.
466 1842 653 1893 Alssveg,
695 1842 910 1892 Φοίνικες]
957 1843 1017 1880 An
1040 1843 1343 1897 Λιβυφοίνικες
1369 1844 1551 1895 scripsit?

104 1897 292 1946 Φοίνικες
321 1907 447 1948 certe,
488 1902 571 1937 sive
600 1899 746 1946 Poeni,
786 1912 866 1937 non
897 1900 994 1936 bene
1024 1899 1085 1937 his
1114 1907 1387 1948 accensentur,
1427 1914 1552 1951 neque

100 1954 215 1993 hahet
240 1956 374 2006 Polyb.
398 1955 440 1995 L.
456 1955 485 1995 Ι.
510 1958 604 2003 67..
626 1968 738 2005 quem
757 1954 951 1994 Diodorus
969 1959 1187 2006 exscripsit.
1242 1957 1382 1995 WESS.

216 2014 321 2052 509.
346 2013 431 2052 .23.
480 2010 531 2052 Οἱ
552 2011 619 2050 καὶ
639 2010 836 2051 εὖτασιάν
856 2008 979 2064 τότε]
1026 2011 1210 2050 Defectus
1233 2013 1295 2051 hic
1314 2020 1383 2050 est.
1445 2008 1553 2053 Τότε

99 2074 224 2106 autem
240 2082 380 2106 novam
398 2069 627 2106 sententiam
642 2069 855 2107 exorditur.
880 2068 977 2121 Legi
994 2070 1148 2107 interim
1161 2077 1290 2120 potest
1309 2068 1428 2110 οἳκαὶ
1446 2067 1554 2110 ἀπο-

98 2124 274 2165 στασίαν
296 2124 521 2164 ἐποιοῦντο
579 2125 715 2163 Ruoo.

217 2183 321 2223 510.
351 2184 427 2221 25.
464 2177 571 2222 Τότε
594 2178 812 2221 συνιδεῖν’
793 2195 903 2221 εστιν
924 2177 982 2220 ἐπ’
1007 2177 1138 2234 αὐτῆς
1156 2196 1232 2234 της
1252 2179 1418 2234 πείρας]
1445 2181 1554 2220 Haec

97 2236 295 2276 Diodorus
316 2250 363 2275 ex
385 2237 550 2288 Polybio
571 2240 786 2306 excerpsit,
814 2233 909 2277 τότε
929 2234 1006 2291 γὰρ
1028 2230 1080 2290 ἧι
1090 2267 1102 2286 ,
1142 2240 1336 2276 scribente
1359 2238 1402 2275 L.
1418 2239 1447 2276 Ι.
1479 2240 1553 2280 84.

101 2289 158 2340 ὡς
178 2292 278 2334 ἔοικε
305 2292 517 2333 στ”νιὸεΐι
500 2291 557 2332 επ)
581 2292 712 2345 αὐτης
730 2296 805 2347 τῆς
826 2291 1053 2345 ἀληθείας,
1093 2294 1269 2347 πηλικην
1300 2293 1377 2345 ἔχει
1401 2295 1553 2349 ὁιαᾳο-

101 2348 179 2404 ρὰν
199 2349 383 2418 ἐμπειρία
402 2349 605 2403 μεθοδικη
620 2351 687 2390 καὶ
707 2364 957 2402 στρατηγικη
980 2319 1153 2403 δύναμις
1174 2349 1360 2403 ἀπειρίας
1383 2351 1450 2391 καὶ
1473 2367 1557 2405 τρι-

99 2409 180 2457 βῆς
203 2403 353 2458 ἀλόγου
377 2421 684 2459 στρατιωτικης.
742 2407 785 2443 ld
816 2407 935 2454 bene,
965 2408 1066 2456 quod
1088 2405 1363 2460 στρατηγικὴν
1394 2423 1556 2447 συιεσιν

103 2466 319 2500 servaverit
337 2462 576 2511 Excerptor3
609 2478 652 2501 ea
672 2467 773 2501 enim
794 2464 923 2501 verior
944 2466 1134 2514 scriptura
1155 2471 1193 2501 et
1214 2467 1289 2515 ipsi
1311 2464 1472 2515 Polybio
1492 2479 1555 2501 re-

102 2520 312 2566 stituenda,
332 2520 650 2569 quemadmodum
666 2521 713 2558 ad
725 2520 809 2559 Lib.
821 2519 908 2558 XV.
921 2523 993 2562 69.
1010 2521 1260 2559 ostendimus.
1278 2522 1414 2561 VVESS.
1440 2520 1552 2558 Conf.

105 2577 202 2615 Exc.
225 2577 310 2612 vat.
331 2590 366 2626 p.
383 2578 455 2616 62·
480 2577 518 2615 5-

221 2633 323 2672 510.
360 2634 433 2673 28.
477 2628 600 2671 Οὕτω
626 2646 710 2672 των
730 2629 836 2672 κατὰ
857 2628 933 2680 τὰς
950 2628 1158 2686 ἁμαρτίας
1177 2630 1273 2685 etc.]
1319 2628 1440 2673 Ου’τω
1471 2634 1556 2672 τῶν

107 2685 214 2727 κατὰ
236 2687 311 2734 τὰς
335 2683 386 2740 ἡ)
390 2687 556 2738 εμοτιάς
583 2703 725 2727 οπτωι
767 2688 905 2726 Rflon.
964 2689 1009 2727 Si
1036 2692 1101 2728 vir
1130 2690 1374 2727 doctissimus
1401 2690 1556 2739 Polybii

107 2745 330 2782 recordatus
358 2746 516 2792 fuisset,
553 2757 707 2781 manum
737 2744 837 2782 haud
871 2746 987 2782 dubie
1014 2747 1059 2784 ab
1091 2741 1298 2811 αμαρτίας
1318 2758 1413 2783 voce
1433 2746 1556 2782 absti-

109 2803 268 2837 nuisset.
326 2800 394 2838 Sic
415 2803 501 2848 ille,
537 2798 645 2840 οὕτω
666 2816 734 2840 και
754 2799 860 2841 κατὰ
881 2797 1036 2848 ταύτας
1056 2799 1131 2848 τὰς
1151 2798 1359 2854 ἁμαρτίας
1375 2816 1450 2854 pce>
1453 2797 1556 2852 άλην

112 2854 187 2906 ἔχει
210 2853 456 2910 διαφορὰν
435 2873 459 2907 vj
481 2854 723 2908 μετριότης,
756 2857 821 2897 καὶ
845 2855 892 2898 τὸ
912 2857 1084 2910 μηδέν’
1062 2874 1112 2898 απ
1116 2854 1286 2909 ήκεστον
1311 2854 1558 2908 ἐπιτηδεύειν
