1891 3310
293 256 368 287 DE
399 254 714 287 FONTIBUS
750 254 913 286 HIST.
949 251 1235 285 DIODORI.
1299 253 1497 285 LXXXIII

133 353 231 389 Illud
256 361 353 387 nunc
378 362 425 386 ex
448 350 508 385 his
535 352 779 387 manifestum
806 351 948 386 factum
973 348 1162 394 arbitror,
1194 349 1351 385 Diodori
1375 355 1495 386 aneto·

41 410 184 445 ritatem
209 410 248 444 in
272 408 528 455 Aegyptiaci-⁴3,
561 411 601 443 in
634 411 681 443 iis
715 416 811 456 quae
844 410 927 454 ipse
952 409 1069 451 vidit,
1099 419 1186 444 esse
1208 412 1302 445 satis
1326 422 1496 456 gravem,

41 470 81 502 in
112 471 271 510 ceteris,
308 478 405 514 quae
440 477 487 501 ex
522 466 608 500 aliis
641 464 859 501 auctoribus
892 467 1107 510 transtulit,
1153 478 1240 501 esse
1273 469 1396 503 levem
1430 473 1497 504 aut

21 527 206 568 mullam,
238 528 291 559 ita
321 530 382 568 ut,
408 526 479 558 nisi
508 526 703 559 severiore
732 525 871 559 iudicio
896 524 1087 567 adhibito,
1120 525 1158 558 in
1178 526 1422 571 Aegyptiacis
1446 524 1494 560 ad

40 582 250 618 Diodorum
276 585 338 618 vix
375 588 477 617 reete
500 584 702 627 ,provocari
725 584 864 628 possit3
898 592 969 617 nec
993 584 1145 617 omnino
1170 594 1255 617 cum
1281 594 1326 618 eo
1350 591 1498 628 compa-

41 642 199 675 rendam
235 651 320 675 esse
352 636 528 674 Herodoti
561 640 696 682 sidem,
746 649 843 685 quae
892 641 1065 674 omnibus
1107 642 1229 675 modis
1266 642 1393 685 potior
1426 645 1498 682 est,

41 699 154 733 modo
181 703 284 733 recte
319 699 366 732 de
397 699 595 742 praeclaro
631 696 702 732 hoc
739 698 924 742 scriptore
959 701 1160 732 statuatur.
1214 698 1340 733 Primo
1367 702 1496 733 aetate

43 767 176 790 omnes
199 757 409 798 antecedit,
443 759 481 790 et
506 757 659 801 propius
685 756 840 800 attingit
865 766 911 789 ea
935 759 1133 800 tempora,
1159 755 1292 800 quibus
1316 756 1497 801 Aegyptii

43 816 124 847 suis
154 815 301 858 legibus
334 815 389 847 uti
415 814 638 857 desierant3
662 809 806 847 adiisse
842 814 941 848 enim
978 806 1191 858 Aegyptum
1227 815 1352 849 videri
1382 815 1498 848 debet

43 877 133 905 ante
161 872 324 904 medium
347 870 569 905 Artaxerxis
593 871 821 915 Longimani
846 881 1018 916 regnum.
1065 871 1230 906 Potuere
1257 877 1302 906 eo
1323 877 1496 916 tempore

42 938 245 972 superesse
277 929 378 962 inter
414 929 656 970 sacerdotes,
689 930 751 973 qui
780 939 842 963 res
875 931 1051 973 antiquas
1088 931 1272 964 memoria
1307 932 1499 972 tenerent,

39 987 224 1021 librorum
257 996 451 1020 sacrorum
493 997 602 1019 usum
641 986 849 1028 haberent3
883 984 1068 1020 extabant
1106 986 1229 1020 adhuc
1252 992 1500 1021 monumenta

40 1049 192 1085 vetera,
216 1054 311 1089 quae
341 1053 449 1086 mox,
475 1053 556 1077 cum
583 1044 648 1078 alii
676 1042 744 1078 sub
770 1043 1001 1079 Ptolemaeis
1025 1047 1064 1078 et
1091 1044 1271 1078 Romanis
1295 1046 1380 1079 loca
1404 1046 1499 1079 invi.

44 1106 195 1143 serent,
226 1102 512 1135 interciderant.
569 1100 713 1136 Narrat
745 1107 812 1136 aut
850 1102 933 1137 visa
971 1105 1037 1135 aut
1069 1101 1220 1144 audita3
1257 1106 1389 1136 narrat
1414 1115 1499 1138 cum

44 1160 142 1202 fide,
173 1159 379 1204 diligenter
409 1158 649 1200 discernens,
687 1169 783 1205 quae
819 1161 901 1205 ipse
934 1160 1095 1202 viderit,
1130 1171 1226 1205 quae
1247 1171 1293 1194 ex
1319 1171 1388 1194 sua
1414 1172 1500 1194 sen·

44 1220 166 1252 tentia
191 1221 394 1259 memoret,
423 1221 462 1251 et
485 1226 581 1262 quae
608 1215 654 1250 ab
679 1218 879 1262 Aegyptiis
902 1223 1057 1251 narrata
1081 1220 1293 1262 acceperit,
1317 1223 1356 1252 et
1380 1230 1403 1252 a
1421 1220 1499 1264 qui-

44 1276 132 1310 bus:
156 1276 230 1309 vid.
251 1286 280 1308 c.
304 1275 369 1310 99.
402 1274 492 1311 123.
541 1274 723 1309 Nominet
756 1272 846 1308 mihi
872 1274 1009 1320 aliquis
1034 1286 1081 1309 ex
1108 1276 1388 1310 recentioribus
1411 1278 1503 1310 seri-

42 1334 216 1379 ptoribus
246 1337 433 1367 terrarum
464 1336 504 1367 et
535 1333 884 1377 peregrinationum
910 1333 1026 1366 ullum
1054 1333 1238 1378 aliquem,
1261 1334 1323 1378 qui
1349 1344 1422 1368 non
1449 1335 1502 1368 di-

45 1403 128 1427 eam
155 1391 394 1436 aequiparari
420 1389 477 1433 ei,
501 1392 569 1425 sed
594 1391 761 1425 secundo
788 1391 834 1424 ab
863 1401 909 1424 eo
933 1390 1016 1424 loco
1042 1391 1221 1424 collocari
1246 1392 1388 1435 possit?
1420 1393 1502 1428 Nec

45 1454 174 1485 tamen
207 1450 330 1483 altera
365 1459 413 1482 ex
448 1453 556 1494 parte
599 1453 802 1493 expectare
846 1448 958 1489 licet,
1005 1456 1091 1481 eum
1125 1450 1252 1483 omnia
1283 1452 1500 1493 rescivisse,

47 1519 145 1554 quae
169 1508 345 1551 Aegyptii
380 1507 426 1541 de
449 1508 528 1540 suis
553 1507 803 1552 religionibus
828 1506 1086 1548 tradiderant3
1112 1507 1304 1551 nolimque
1329 1506 1426 1543 adeo
1455 1520 1501 1544 eo

46 1571 271 1612 argumento
299 1565 375 1606 uti,
397 1569 440 1598 ut
463 1566 590 1598 omnia
613 1574 681 1609 pro
705 1564 925 1599 recentibus
948 1565 1173 1597 commentis
1196 1563 1369 1608 habeam,
1391 1577 1503 1611 quae,

46 1624 94 1659 ab
114 1624 310 1658 Herodoto
327 1634 401 1657 non
423 1627 646 1664 memorata,
669 1632 690 1656 a
706 1622 821 1667 [127]
836 1621 1006 1655 Diodoro
1026 1626 1064 1654 et
1079 1622 1165 1655 aliis
1178 1621 1276 1656 forte
1290 1624 1503 1662 traduntur.

46 1684 86 1718 Si
122 1682 224 1716 Thot
255 1690 328 1715 non
370 1682 442 1725 ipsi
467 1681 705 1722 innotuerat,
742 1688 853 1724 quem
886 1677 997 1713 Plato
1024 1681 1267 1721 memorarit,
1292 1683 1416 1724 potuit
1437 1683 1502 1717 ille

47 1742 135 1775 aliis
160 1736 396 1779 hominibus,
421 1748 531 1782 quam
558 1738 778 1782 quibuscum
804 1741 980 1771 versatus
1005 1741 1064 1770 est
1086 1737 1328 1780 Herodotus,
1362 1739 1504 1774 dudum

47 1804 161 1833 notus
198 1808 304 1839 esse3
334 1794 638 1841 quandoquidem
671 1797 766 1829 satis
800 1799 970 1836 constat,
1020 1793 1115 1827 nihil
1146 1794 1251 1827 aliud
1286 1806 1371 1829 esse
1403 1807 1503 1840 eum,

48 1867 159 1902 quam
188 1856 378 1888 notionem
413 1851 645 1886 abstractam
678 1854 821 1887 inventi
847 1854 1062 1886 litterarum
1096 1851 1134 1884 iu
1158 1862 1360 1896 personam
1386 1861 1507 1889 muta-

48 1918 148 1955 ta1n3
173 1923 257 1945 nam
285 1912 373 1956 quid
399 1912 583 1945 Platonici
608 1910 854 1945 Alexandrini
882 1908 1042 1944 fabulati
1065 1911 1163 1952 sint,
1193 1911 1233 1944 in
1260 1921 1415 1945 censum
1440 1923 1509 1947 ve-

49 1976 173 2006 terum
201 1970 444 2004 historiarum
471 1978 544 2002 nou
568 1968 784 2003 referimus.

140 2026 324 2063 Premunt
355 2031 482 2060 tamen
516 2028 618 2060 inter
653 2024 748 2061 haee
781 2027 1022 2061 Herodotum
1057 2026 1189 2062 multa.
1238 2024 1294 2061 An
1320 2024 1419 2061 enim
1440 2028 1511 2063 Ae-

52 2087 175 2132 gyptii
211 2085 397 2118 sermonis
430 2086 578 2128 peritus
609 2084 749 2127 fuerit,
782 2084 946 2119 dubitari
981 2087 1128 2128 potest3
1164 2086 1238 2118 etsi
1274 2093 1358 2118 eum
1391 2087 1510 2120 verba

50 2144 239 2188 Aegyptia
274 2143 589 2186 interpretantem
624 2142 737 2176 rideo
773 2144 812 2176 in
840 2144 948 2187 siguo
973 2144 1183 2187 Aegyptio,
1219 2143 1318 2187 quod
1344 2143 1381 2175 iu
1406 2144 1513 2178 Ionia

53 2200 352 2246 deprehendisse
379 2200 449 2233 sibi
474 2202 578 2234 visus
607 2206 709 2234 erat:
735 2211 765 2237 c,
789 2200 875 2235 106.
927 2200 1106 2234 Adhibuit
1130 2201 1248 2244 igitur
1268 2202 1513 2250 interpretes,

53 2268 121 2291 seu
154 2258 323 2291 Graecos
356 2258 601 2302 Aegyptiacis
641 2255 828 2300 imbutos,
872 2266 940 2292 seu
976 2259 1207 2302 Aegyptios,
1248 2258 1310 2303 qui
1344 2257 1513 2293 Graecas

51 2316 202 2350 littei-'as
225 2319 413 2349 tenerent.
459 2312 626 2349 Alterum
653 2311 724 2348 hoe
746 2317 896 2357 veriu83
930 2325 1015 2349 nam
1044 2316 1143 2349 unde
1166 2317 1204 2348 in
1230 2317 1404 2360 Aegypto
1431 2328 1514 2362 supa

54 2374 238 2418 petierint
265 2374 495 2417 interpretes
529 2373 679 2409 Graeca
712 2373 834 2415 docti,
868 2373 914 2406 ab
943 2375 1025 2418 ipso
1052 2372 1251 2406 Herodoto
1274 2374 1401 2418 aliquo
1428 2375 1513 2408 loco

20 2440 22 2442 ’
56 2432 269 2475 expositum
301 2433 378 2471 est3
403 2430 550 2463 scilicet
572 2441 594 2462 a
621 2429 899 2464 Psammeticho
924 2431 1078 2465 Ionibus
1106 2435 1145 2464 et
1167 2430 1325 2464 Caribus
1351 2434 1517 2475 receptis

57 2499 196 2532 pueros
229 2488 439 2531 Aegyptios
483 2488 715 2521 erudiendos
749 2488 929 2530 traditos,
971 2492 1010 2521 et
1045 2488 1092 2521 ab
1122 2489 1190 2530 iis,
1232 2489 1295 2532 qui
1329 2489 1516 2522 Graecam

56 2545 222 2587 linguam
250 2544 532 2586 addidicerant,
553 2546 766 2588 procedere
795 2552 881 2586 (308,
910 2542 973 2590 qui
989 2550 1066 2578 tum
1090 2550 1212 2586 erant,
1236 2546 1467 2590 interpretes
1487 2553 1520 2589 ¹3

58 2601 105 2634 ab
133 2601 202 2634 hoc
230 2601 341 2641 inde,
375 2601 517 2646 inquit,
553 2606 725 2646 tempore
761 2599 920 2635 Graecis
964 2612 1046 2636 cum
1089 2604 1286 2647 Aegyptiis
1315 2603 1520 2646 permistis,

59 2667 122 2692 res
146 2659 355 2702 Aegyptias
380 2659 523 2705 liquido
548 2660 685 2694 teneri.
728 2659 847 2694 Recte
867 2659 937 2694 hoc
962 2658 1144 2695 monitum
1164 2663 1247 2706 quis
1274 2660 1413 2705 neget}
1438 2659 1521 2695 Nec

151 2807 168 2839 1
199 2816 229 2839 c.
257 2804 345 2841 154:
373 2798 446 2837 ἀπὸ
478 2801 514 2837 δὲ
551 2802 685 2837 τούτων
714 2803 782 2837 τῶν
813 2802 1042 2848 ἐκμαθόντων
1074 2801 1137 2847 τὴν
1191 2801 1350 2847 γλῶσσαν
1398 2802 1432 2836 ol
1464 2799 1523 2836 νῦν

58 2848 252 2894 “Ερμηνεές
276 2852 310 2883 ἐν
345 2851 514 2894 Αἰγύπτῳ
538 2850 714 2895 γεγόνασι.
766 2851 861 2894 Quid
874 2850 889 2881 ζ)
930 2851 1025 2892 quod
1051 2851 1141 2885 iuter
1165 2851 1239 2885 Vll.
1266 2850 1525 2894 Aegyptiorum

62 2899 187 2929 classes
212 2897 410 2929 Herodotus
437 2909 466 2930 e.
487 2901 564 2934 164.
588 2906 750 2931 numerat
773 2897 990 2940 interprete-⁵.

1183 2950 1202 2983 s
1229 2954 1251 2987 2
