1891 3310
379 172 445 213 IN
473 171 589 211 LIB.
611 170 769 211 XVII.
798 171 925 212 CAP.
960 175 1032 215 86.
1047 175 1186 216 -90,
1426 179 1518 219 201

77 303 130 347 pa
150 285 226 342 τὴν
243 284 503 339 προνομαίαν
521 279 574 337 ἦ)
576 287 690 324 εἷται.
722 282 836 323 Unde
847 283 997 322 Latinis
1017 284 1213 335 elephanti
1228 285 1422 353 proboscis
1442 302 1526 326 ma-

77 358 149 384 nus
179 353 461 395 saepenumero.
500 339 659 378 Curtius
689 339 731 378 L.
758 339 861 378 VIII.
888 341 958 381 14
979 343 1055 381 27.
1085 344 1310 394 praecipue
1335 345 1528 383 terribilis

53 404 148 440 icta
157 401 301 450 facies
318 405 436 448 erat,
450 410 565 449 quum
582 407 706 435 MAMI
727 410 843 434 arma
861 398 924 435 vir
927 409 1044 448 osque
1065 400 1329 450 corriperent,
1355 405 1395 436 et
1408 412 1527 452 super

77 472 119 496 sc
143 455 383 522 regentibus
405 455 625 491 traderent.
668 451 726 489 De
750 453 884 490 iisdem
905 451 934 489 Ι
937 456 1065 492 ucian.
1096 453 1263 492 Zeuxid.
1293 462 1328 492 ci
1353 457 1425 510 10.
1457 455 1527 495 καὶ

77 527 152 553 συν
155 508 500 566 αναόῥιπτοῦντες
521 508 561 555 ἐς
578 505 689 557 υψος
706 513 797 556 ταῖς
820 508 1106 563 ποονομαιάις,
1135 506 1247 560 quem
1266 511 1354 549 vide
1379 522 1536 562 quoque

79 571 123 607 iu
145 569 268 608 Musc.
289 567 448 604 Encorn.
468 578 500 602 c.
519 566 564 633 3.
593 564 728 620 WEss.

191 624 300 666 229.
315 623 368 663 -.4
400 618 460 661 Τὸ
484 618 562 674 γὰρ
580 622 730 673 μῆκος
736 612 788 671 ἦν
808 622 953 672 πηχῶν
972 619 1106 675 πέντε]
1137 620 1304 691 Abunde
1317 624 1530 688 illustravit

78 680 315 720 Freinshem.
332 680 374 715 in
404 676 510 715 Curt.
523 676 574 714 L.
593 675 705 714 VIII.
724 675 793 716 Γ4.
820 678 892 718 13.
921 677 1056 716 Wssss
1186 689 1188 691 ’

192 738 302 778 229.
339 736 413 776 18.
450 731 536 774 Καὶ
562 732 854 785 motulae-9525·
872 733 961 786 περὶ
984 731 1031 773 τὸ
1054 733 1231 789 θηρίον]
1264 737 1358 781 Quis
1376 742 1533 774 contro-

79 795 247 832 versiam
267 792 328 829 his
356 792 563 837 movisset,
590 790 667 826 nisi
685 795 836 827 veteres
864 791 1105 828 membranae
1127 805 1258 831 ansam
1280 790 1539 842 praeberent?

85 845 324 901 Θωράκιον,
354 846 455 899 quod
488 851 707 892 ostentant,
739 851 819 883 ιἰοιι
841 847 1232 898 planeincongruum
1252 856 1320 891 est.
1353 847 1534 898 Machina

84 912 188 953 crat,
217 905 364 941 belluae
390 909 499 953 tergo
533 903 721 952 inposita,
749 901 851 938 unde
873 904 914 940 in
942 901 1070 940 hostes
1091 905 1158 942 abs
1174 905 1434 943 >bellatoribus
1455 908 1534 953 spi-

82 962 169 998 cula
191 959 483 1008 torquebantur.
511 957 570 996 Ne
591 965 734 995 temere
753 957 899 995 dixisse
920 959 1077 1005 videar,
1107 973 1156 998 en
1175 959 1327 999 Aeliani
1347 962 1465 1001 verba
1485 973 1545 1003 ex,

83 1016 126 1055 L.
141 1015 250 1054 XIII.
265 1015 320 1052 de
323 1015 490 1055 Animal.
512 1027 593 1071 cap.
604 1015 646 1081 9.
676 1009 697 1053 ὃ
717 1012 762 1053 de?
763 1010 1032 1083 στρατιώτης
1051 1014 1117 1054 ἕλ’
1083 1031 1199 1069 ..εφας
1219 1015 1294 1055 ἒπὶ’
1303 1018 1376 1057 του
1388 1015 1538 1057 ‘'zazov-

82 1070 208 1112 ιιένου
232 1065 555 1120 ΘΩΡΑΚΙΟῩ,
585 1067 611 1123 ἢ
633 1069 701 1110 καὶ
729 1067 778 1122 νὴ
799 1069 886 1111 Δία
909 1072 984 1110 τοῦ
1014 1067 1178 1111 νώτου
1167 1074 1329 1124 ,κ’ἰμιοῦ
1343 1074 1410 1113 καὶ
1428 1072 1547 1113 ἕλευ-ν’

84 1128 216 1180 θέοου
238 1127 289 1181 (q
295 1125 392 1193 ἒοει)
412 1123 662 1178 πολεμιστὰς
681 1125 757 1178 μὲν
775 1130 883 1180 τρεῖς
902 1133 973 1165 etc.
1006 1135 1044 1165 et
1066 1125 1246 1166 Auctoris
1265 1127 1413 1166 Histor.
1432 1129 1539 1166 Mac-

86 1186 168 1224 oab.
160 1213 182 1232 .,
203 1186 287 1251 qui„
286 1179 464 1234 &boam
487 1189 616 1230 vocat,
642 1197 685 1222 εν
704 1184 789 1222 τῶν
812 1182 972 1236 θηρίων
995 1182 1354 1237 τεθωρακισμένον
1371 1178 1542 1235 &silbam

86 1242 287 1295 βασιλικιῧ
301 1239 343 1276 Ι..
360 1239 389 1279 Ι,
411 1251 491 1289 cap.
511 1241 554 1280 6.
575 1239 650 1278 43.
683 1239 815 1288 Itaque
834 1239 874 1277 id
895 1241 929 1276 si
948 1242 1104 1290 reliquit
1121 1247 1269 1288 auctor,
1289 1241 1538 1289 indicabitur,

87 1298 229 1336 Porum
250 1281 417 1334 ihfracto
436 1303 476 1332 et
493 1295 696 1333 vulneribu
700 1308 717 1332 s
739 1296 866 1333 lacero
886 1301 1044 1356 corpore
1068 1302 1118 1334 ex
1135 1310 1179 1334 ea
1200 1295 1408 1335 maehina·
1397 1310 1438 1334 ιιι
1461 1304 1541 1336 ter-

88 1366 170 1392 ram
196 1365 352 1391 versum
383 1353 584 1390 corruisse.
634 1350 743 1390 Nihil
765 1351 906 1389 tamen
924 1352 1112 1400 decerno,
1141 1353 1242 1401 quod
1274 1359 1312 1390 et
1341 1353 1543 1411 vulgatum

89 1411 190 1447 tueri
224 1421 264 1446 se
293 1409 426 1457 possit.
475 1407 563 1445 Alia
591 1407 642 1444 de
657 1408 759 1447 Poro
785 1406 891 1452 Curt.
920 1408 966 1448 L.
992 1408 1098 1447 VIII.
1124 1409 1195 1450 14.
1216 1403 1309 1449 35.
1319 1402 1358 1446 e't
1387 1385 1541 1448 Arrian.

86 1463 244 1514 Ἀναβ.
266 1464 309 1502 Ι..
316 1464 371 1502 V.
395 1466 494 1511 18.;
525 1475 633 1512 equo
655 1471 693 1501 et
712 1463 784 1502 hoc
804 1464 1001 1515 discimus,
1027 1467 1222 1516 superiore
1236 1469 1339 1503 anno
1358 1462 1544 1515 praelium

89 1521 161 1560 hoc
180 1522 299 1559 fuisse
312 1519 652 1569 administratum,
675 1520 741 1558 sed
766 1523 849 1558 eius
868 1520 957 1557 fine.
988 1495 1097 1565 5Quae
1121 1521 1274 1571 quidem
1292 1534 1446 1569 caussa,
1477 1534 1546 1559 cur

90 1577 303 1616 Chremetis
322 1575 530 1615 Archontis
548 1578 792 1630 magistratui
811 1575 1007 1616 Diodorus
1036 1588 1105 1615 suo
1128 1591 1232 1616 more
1254 1577 1294 1616 id
1314 1579 1544 1616 contribuat.

92 1634 233 1673 Wzss.

203 1690 313 1731 229.
339 1689 416 1730 43.
451 1686 542 1743 Τὴν
569 1678 644 1740 μὲν
665 1685 795 1744 πέραν
821 1689 897 1729 τοῦ
927 1689 1143 1741 ποταμοῦ]
1176 1686 1236 1728 De
1262 1688 1421 1728 urbibus
1443 1687 1549 1728 hisce

93 1747 319 1785 distinctius
336 1759 417 1796 cap.
438 1747 514 1786 95.
544 1745 681 1785 Wess.

205 1804 313 1843 230.
356 1803 428 1842 54
472 1799 627 1847 ’Όντας
653 1795 1032 1852 ἕκκαιδεκαπηχεις]
1081 1799 1143 1838 Ex
1175 1799 1367 1839 Clitarcho
1399 1808 1550 1852 sumpta

94 1866 208 1907 sunt,
237 1870 347 1907 quem
367 1864 502 1896 testem
521 1868 596 1894 Χιι
617 1857 834 1895 cubitorum
853 1858 1093 1909 serpentibus
1116 1859 1261 1894 excitat
1280 1858 1427 1899 Aelian.
1439 1857 1553 1896 Hist.

95 1915 223 1953 Anim.
243 1914 318 1952 XV
325 1914 370 1951 II.
390 1916 432 1954 2.
464 1913 584 1951 Mox
573 1911 698 1965 7521177
687 1910 819 1954 πολλὰ
840 1912 907 1952 καὶ
926 1917 1014 1959 τοῖς
1039 1911 1232 1978 μεγέθεσι
1253 1910 1554 1953 διαλλάττοντα

97 1973 314 2020 exscriptor
338 1969 432 2021 Reg.
455 1982 511 2018 pr.
534 1971 702 2009 voluisse
723 1969 900 2016 videtur,
922 1969 1037 2006 sicuti
1057 1964 1248 2020 πιθήκων
1270 1968 1364 2022 3527]
1388 1969 1555 2010 ποικίλοι

96 2025 174 2078 τὴν
189 2023 346 2079 χρόαν,
373 2043 422 2077 με
408 2025 536 2078 eye-951
563 2023 606 2064 δὲ
633 2023 806 2079 μέγιστα
825 2024 1041 2064 Clitarchus
1062 1995 1162 2078 apud
1191 2025 1340 2063 Aelian.
1362 2028 1402 2064 in
1423 2028 1556 2064 simia-

99 2097 185 2122 rum
207 2083 277 2120 hac
297 2085 516 2120 venatione.
542 2081 682 2119 Wssss.

213 2140 321 2180 230.
353 2139 425 2178 59.
465 2139 563 2177 Τῶν
592 2135 844 2190 δὲ’κυνηγῶν
866 2134 914 2176 'oi
932 2134 1009 2189 μὲν
1037 2134 1168 2188 μέλιτι
1185 2133 1284 2184 τοὺς
1303 2133 1559 2192 ὀφθαλμοὺς

103 2194 204 2245 etc.]
244 2194 450 2242 Demiror,
485 2207 558 2231 cur
583 2195 695 2231 melle
727 2196 859 2232 oculos
890 2195 1079 2241 laverint,
1121 2206 1207 2231 cum
1237 2206 1335 2242 aqua
1365 2197 1400 2232 ei
1431 2197 1486 2232 rei
1519 2201 1559 2232 et

104 2253 230 2300 aptior
258 2253 378 2289 multo
409 2257 447 2288 et
477 2251 646 2300 paratior
674 2249 799 2288 esset?
851 2249 995 2287 Strabo
1024 2262 1160 2299 aquam
1191 2252 1375 2298 praetulit
1404 2251 1446 2288 L.
1471 2250 1561 2288 XV.

106 2319 143 2356 p.
173 2308 304 2349 1023.
338 2307 470 2344 eadem
500 2307 541 2343 in
563 2305 776 2344 historia‘
757 2321 800 2345 εν
819 2302 915 2357 όψει
943 2303 1085 2353 θέντες
1103 2305 1298 2361 τουβλιόν
1331 2302 1482 2356 ύὸωρὲ
1467 2305 1560 2357 ἔχον

106 2360 204 2411 τοὺς
224 2360 382 2402 ἕαιτῶν
402 2359 655 2415 ὀφθαλμοὺς
672 2359 912 2416 ἀλείφουσιν
931 2360 973 2409 ἒξ
993 2359 1135 2402 αὐτου.
1161 2355 1283 2400 Unde
1289 2376 1380 2425 ergo
1400 2340 1440 2400 id
1459 2361 1561 2400 mel‘²

107 2420 248 2458 Paucis
269 2419 483 2468 expediam.
536 2418 658 2455 Error
687 2418 844 2456 videtur
871 2425 938 2456 aut
966 2421 1087 2467 ipsius
1107 2421 1329 2467 scriptoris,
1361 2426 1427 2456 aut
1459 2432 1564 2456 nma-

109 2478 325 2514 nuensium.
372 2472 614 2521 Clitarchus,
647 2474 749 2512 unde
785 2474 880 2512 haec
909 2483 1113 2524 excerpta,
1148 2474 1281 2529 μίλτῳ
1313 2472 1566 2527 (7.7..ει’([ουσιν,“

111 2533 275 2570 rubrica
291 2533 482 2583 pingunt,
508 2532 734 2580 scripserat,
761 2531 885 2580 quod,
913 2533 954 2568 in
974 2533 1098 2569 veteri
1118 2531 1326 2581 exemplari
1349 2533 1564 2579 corruptius

114 2595 337 2634 exaratum,
364 2587 442 2626 mel
462 2587 616 2623 tandem
635 2589 852 2637 prowenuit.
883 2586 1024 2636 Accipe
1045 2588 1128 2637 ipsa
1150 2585 1358 2633 Clitarchi,
1381 2589 1497 2623 sicuti
1516 2586 1564 2623 ah

117 2646 276 2682 Aeliano
306 2643 352 2680 de
379 2642 506 2679 Anim.
530 2642 571 2680 Ι..
599 2641 723 2679 XV.II
755 2643 830 2682 25
869 2642 1095 2682 adumbrata
1127 2649 1244 2689 sunt,
1283 2642 1422 2681 verba:
1463 2639 1566 2692 πρὸς

116 2696 275 2746 τούτοις
298 2698 332 2740 εἶ
361 2693 561 2738 θεάσαιτό
587 2711 678 2737 τινα
707 2694 859 2751 (simia)
888 2693 1140 2767 ὗποὸηματα
1173 2703 1261 2745 τοῖς
1291 2697 1387 2737 ποσὶ
1413 2712 1569 2747 περιτι-

118 2754 271 2802 θέντα,
299 2757 479 2806 μιμεῖται
502 2751 579 2806 τὴν
608 2748 814 2794 ὖπόὸεσιν·
841 2753 910 2793 καὶ
937 2749 1234 2809 ὑπογράφοντα
1267 2749 1326 2794 τιὸ
1355 2750 1569 2807 ὀφθαλμώ

124 2810 385 2858 ΖΙΠΛΊῺΙ,
413 2808 480 2851 καὶ
500 2812 624 2851 τοῦτο
648 2809 799 2863 δρᾶσαι
820 2808 897 2851 θέλ
901 2824 945 2851 ει.
985 2810 1104 2850 Vides
1129 2823 1245 2850 ovum
1276 2822 1350 2849 ovo
1378 2821 1457 2848 non
1488 2822 1572 2848 esse
