1891 3310
621 184 684 223 lN
724 183 1137 225 FRAGMENTA.
1223 164 1225 167 ’
1527 189 1617 230 533

145 301 305 349 Aletae,
332 300 448 350 primi
469 297 759 340 Corinthiorum
782 310 830 338 ex
851 298 1071 340 Heraclidis
1090 302 1217 353 regis,
1252 301 1363 338 initia
1386 302 1514 350 paullo
1547 315 1612 340 se-

145 356 420 405 rius'colloco‚
446 364 487 395 et
506 367 613 395 xxx.
644 357 764 395 ferme
793 360 908 395 annis
936 363 1023 406 post
1043 356 1337 396 Heraclidarum
1357 360 1396 395 iu
1419 359 1610 407 Pelopon-
1655 378 1662 382 -

143 427 280 453 nesum
298 415 477 453 reditum.
523 415 637 459 Qua'
626 427 669 451 m
688 426 730 451 re
746 420 1050 453 consentaneum
1070 413 1191 452 habeo
1210 420 1380 452 veterem
1404 414 1470 451 Gr·
1472 428 1561 454 unm
1565 430 1607 453 a-

143 474 266 510 ticum
296 469 525 522 Didymum.
567 469 760 520 Δίδυμος
778 467 828 509 δέ
846 484 906 524 φη
911 485 950 510 σι
981 468 1055 511 τὸν
1079 467 1294 540 Ἀὶήτην,
1323 472 1498 509 scribunt
1520 471 1606 511 Cri-

140 529 210 569 tici
223 527 280 566 ad
299 527 455 579 Olymp.
475 525 672 564 O‹1.X111.
693 526 874 574 Pindari,
905 523 963 579 μὴ
995 524 1180 580 οἰκιστὴν
1209 529 1284 580 τῆς
1300 527 1518 581 Koosvaov
1540 543 1604 582 γε·-

139 582 323 655 γονέναι,
368 580 476 624 ἀλλὰ
505 580 706 635 βασιλέα,
754 579 831 623 ἔτει
865 584 1131 624 ΤΡΙΑΚΟ
1105 583 1234 626 vTsst
1273 581 1380 636 μετὰ
1408 581 1486 637 τὴν
1517 588 1603 627 τῶν

138 638 341 694 Λωοιέων
364 637 516 694 ἄφιξιν.
576 640 653 685 Qui
684 639 841 689 quidem
866 638 956 678 huic
975 643 1033 679 rei
1049 654 1190 692 graves
1216 648 1395 679 auctores
1422 640 1601 680 habuisse

138 699 306 737 videtur.
363 695 556 735 Convenit
579 702 683 735 certe
705 696 823 745 bene,
862 697 965 746 quod
982 697 1029 736 de
1051 697 1221 750 Hippota
1240 698 1289 736 ob
1309 696 1428 736 Carni
1444 698 1601 738 caedem

140 756 342 793 exsulante
361 760 399 793 et
417 753 611 792 natalibus
629 753 761 791 Aletae
784 755 977 802 proditum
994 768 1017 792 a
1036 754 1195 793 Conone
1226 762 1286 794 est
1311 753 1465 794 Narrat.
1476 766 1599 797 xxvl.

136 811 270 862 Neque
301 811 507 849 dissentire
538 809 695 849 videtur
721 808 940 859 Diodorus,
978 813 1215 861 clarissime,
1260 819 1304 851 ut
1339 825 1411 865 ego
1443 813 1600 863 quidem

137 875 246 920 puto,
265 867 505 919 significans,
523 866 914 917 postHeraclidarum
931 868 1113 916 reditum,
1134 868 1263 908 divisa
1283 871 1359 907 iam
1375 876 1415 907 et
1436 883 1601 922 occupa-

134 933 176 964 ta
193 924 479 976 Peloponneso,
501 926 733 970 arcessitum
751 925 874 963 fuisse
890 924 1030 962 Aleten
1049 924 1099 963 ad
1119 922 1299 964 Corinthi
1317 929 1602 976 possessionem

133 981 362 1021 adeundam
417 981 545 1031 Atque
568 983 625 1020 ita
643 973 733 1019 illos
755 991 861 1019 xxx.
886 994 1010 1020 annos
1038 982 1233 1031 eruimus,
1270 986 1334 1033 qui
1363 983 1601 1022 doctissimis

131 1040 230 1079 viris
251 1045 400 1077 tantum
419 1041 619 1077 molestiae
640 1045 891 1086 creaverunt,
916 1038 1167 1088 videmusque
1186 1038 1399 1078 Eusebium
1417 1048 1455 1079 et
1475 1039 1599 1079 Chro-

132 1095 422 1147 nographorum
450 1097 580 1147 plures
621 1098 664 1135 in
699 1109 830 1133 errore
870 1097 1043 1144 versari,
1087 1109 1177 1133 cum
1209 1094 1438 1135 Corinthum
1466 1097 1600 1135 eodem

132 1160 305 1204 tempore
325 1153 372 1191 ab
394 1153 503 1191 Alete
521 1159 745 1203 occupatam
774 1152 937 1201 docent,
972 1166 1049 1205 quo
1074 1152 1306 1192 Heraclidae
1333 1156 1374 1191 in
1403 1153 1599 1203 Pelopon-

132 1222 270 1248 nesum
291 1216 549 1248 reverterunt.
610 1209 653 1247 ld
679 1217 723 1247 ut
744 1221 947 1259 quaeram,
974 1217 1119 1259 restat,
1145 1219 1300 1248 rectene
1322 1209 1520 1249 Diodorus
1549 1209 1597 1249 de

131 1266 306 1318 Prytane
325 1265 530 1305 C01inthio
561 1263 607 1313 ὂς
633 1269 708 1306 τοῦ
725 1268 851 1318 βασι)
855 1264 931 1314 ἕως
948 1263 1026 1318 εἶχε
1049 1264 1165 1315 τάξιν
1185 1266 1411 1316 scripserit?
1470 1267 1597 1306 Dubi-

131 1331 215 1363 tare
237 1323 407 1361 lllustris
427 1323 582 1362 videtur
602 1321 802 1376 Scaliger:
844 1326 882 1362 si
899 1331 946 1362 ut
963 1325 1051 1362 vult
1066 1322 1297 1373 Diodorus,
1322 1326 1474 1374 inquit,
1508 1325 1595 1363 loco

129 1383 243 1431 regis
262 1380 441 1430 fuisset,
485 1382 529 1419 iel
550 1387 613 1419 est
641 1353 950 1429 αιυπεῦθυνος,
989 1394 1066 1420 non
1088 1381 1245 1420 dubium
1272 1389 1352 1430 est,
1385 1384 1479 1434 quin
1509 1383 1596 1434 §vso

123 1439 229 1491 pede
249 1439 404 1476 semel
388 1452 428 1475 m
440 1439 734 1490 possessionem
755 1440 892 1486 misso,
919 1441 1134 1476 stationem
1155 1440 1268 1478 illam
1295 1453 1496 1491 nunquam
1525 1439 1595 1478 cle-

129 1501 316 1534 sertwus
331 1493 486 1542 fuerit.
546 1494 688 1534 Nescio
716 1509 766 1533 an
796 1496 952 1533 iniuria.
994 1495 1187 1546 Prytanes
1205 1498 1330 1534 vicem
1349 1509 1484 1548 regum
1503 1496 1596 1533 fun-

126 1553 331 1605 gebantjur.
376 1551 420 1589 ld
441 1555 543 1589 enim
565 1559 622 1589 est
654 1549 755 1603 ἔχειν
788 1559 856 1588 aut
883 1550 989 1590 3271)
974 1566 1148 1606 ηρωσαι
1172 1548 1289 1601 τάξιν
1308 1550 1436 1601 τινός.
1496 1552 1595 1591 Hie-

121 1610 250 1648 rocles
271 1608 372 1658 apud
384 1607 593 1646 Stobaeum
605 1607 731 1649 Serm.
745 1607 977 1646 LXXXUI.
997 1622 1032 1659 Ρ.
1047 1611 1153 1650 590.
1170 1607 1327 1664 γένοιτο
1345 1606 1425 1664 γὰρ
1448 1606 1498 1650 ἂν
1513 1625 1594 1650 πο·-

122 1680 168 1707 τε
188 1665 257 1705 καὶ
276 1665 437 1720 γυναικὶ
456 1688 503 1695 ——
523 1662 600 1718 τὴν
619 1667 695 1706 τοῦ
720 1661 1015 1706 οἰκοδεσπότου
1035 1663 1152 1714 τάξιν
1173 1665 1451 1720 ἐκπληρῶσαι.
1478 1666 1594 1705 Philo

124 1722 212 1764 Iud.
242 1724 285 1761 in
314 1722 443 1761 Flacc
477 1737 513 1774 p.
538 1724 648 1765 979.
688 1737 756 1762 και
778 1721 956 1774 πέμψω,
983 1719 1178 1790 καθάπερ
1203 1723 1410 1775 αἰτεῖσθε,
1440 1720 1466 1776 ἢ
1491 1738 1593 1777 πρε-

125 1783 200 1831 offla
204 1795 305 1820 υτον
333 1776 450 1828 τάξιν
472 1776 684 1832 ἕκπλησιι).
741 1778 868 1831 Reges
898 1780 975 1829 ipsi
999 1775 1306 1830 ἀωπευθύνοι,
1345 1789 1390 1818 ut
1419 1783 1489 1818 vix
1520 1781 1593 1819 ulli

123 1838 342 1888 legitimis
331 1850 373 1874 m
389 1839 525 1886 regnis
545 1837 648 1886 apud
658 1842 825 1884 veteres,
842 1837 963 1874 fuisse
984 1850 1064 1874 non
1084 1836 1281 1875 videntur.
1309 1837 1362 1876 Et
1378 1839 1412 1875 si
1429 1838 1591 1885 fuelint‚

123 1901 230 1933 recte
249 1901 378 1931 tamen
397 1868 581 1944 Prytanis
608 1895 683 1933 τοῦ
704 1890 910 1945 βασιλέως
943 1889 1059 1941 τάξιν
1090 1892 1270 1932 habuisse
1297 1895 1469 1943 dicetur,
1507 1895 1590 1932 eius
1648 1891 1653 1895 ”

123 1964 286 1989 munera
304 1952 396 1988 belli
413 1953 594 2001 pacisque
614 1958 788 2000 tempore
809 1950 964 1998 obiens,
993 1963 1152 2002 prorsus
1171 1956 1215 1988 ut
1236 1950 1381 1991 Romae
1400 1949 1591 1989 Consules

121 2009 197 2048 τοῦ
215 2005 421 2058 βασιλέως
440 2002 556 2055 τάξιν
577 2003 704 2058 εἶχον,
736 2009 810 2044 etsi
824 2008 982 2045 minime
1001 2007 1132 2045 forent
1148 2004 1444 2048 ἀνυπεύθυνοι.
1492 2007 1587 2048 Om-

120 2067 193 2103 nia
222 2067 315 2103 iura
344 2061 543 2117 (regum),
581 2066 712 2103 omnia
742 2066 918 2114 insignia
940 2066 1074 2116 primi
1099 2066 1280 2103 consules
1309 2073 1473 2103 tenuere
1493 2065 1589 2104 dicit

117 2121 258 2160 Livius
286 2121 389 2159 L.11.
418 2123 456 2163 l.
518 2120 599 2158 Sed
630 2121 778 2159 desino.
814 2121 912 2159 Vide
933 2128 1062 2160 tamen
1082 2128 1121 2159 et
1139 2121 1282 2160 Ezech.
1305 2121 1587 2174 Spanhemium

124 2178 171 2216 de
193 2179 311 2217 Vesta
328 2184 366 2215 el:
385 2178 587 2229 Prytanib.
608 2178 764 2228 ΡᾏῚΟΟ.
778 2177 838 2215 ed.
855 2177 998 2217 Graev.
1053 2178 1193 2217 WESS.

236 2236 340 2275 Ibid.
388 2233 649 2288 Κυψέλλου]
702 2230 904 2286 Κύψελος
933 2236 981 2273 ab
1023 2237 1202 2274 omnibus
1232 2236 1418 2275 scribitur
1455 2243 1494 2275 et
1525 2249 1588 2275 re-

120 2292 234 2330 ctius.
291 2291 389 2329 Vide
417 2292 584 2330 Pausa-n.
616 2294 660 2332 L.
682 2292 729 2330 V.
764 2294 835 2334 17.
868 2299 909 2330 et
929 2293 976 2330 de
997 2293 1218 2343 tyrannidis
1239 2296 1322 2332 eius
1340 2294 1490 2344 filiique
1512 2293 1587 2332 Pe-

120 2349 274 2387 riandri
301 2351 488 2387 universo
520 2356 692 2399 tempore
708 2349 987 2399 Philosophum
1008 2350 1164 2388 Politic.
1183 2349 1228 2390 L.
1243 2351 1290 2388 V.
1315 2352 1388 2392 12.
1444 2351 1584 2389 VVESS.

233 2407 342 2446 (536.
377 2406 450 2445 52.
498 2403 584 2445 Τὸν
621 2403 874 2458 Ὀρχομενὸν
913 2404 987 2447 τὸν
1028 2403 1256 2460 ΝΙινὺειον]
1303 2407 1373 2446 Sic
1399 2414 1584 2458 praestat.

120 2461 167 2500 In
192 2461 372 2500 I'arisina
390 2462 559 2500 editione
577 2460 652 2504 τὸν
668 2460 839 2504 ΖΗινυὸν
855 2464 1117 2513 scribebatur,
1145 2463 1313 2503 Wolfius
1342 2462 1416 2506 τὸν
1444 2466 1586 2507 Jthv-

119 2524 224 2559 αῖον.
285 2518 349 2557 Tu
377 2518 491 2566 vide,
528 2531 625 2568 quae
657 2520 852 2569 adscripta
872 2528 963 2558 sunt
988 2520 1110 2561 LIV.
1136 2523 1208 2562 18.
1231 2523 1392 2570 p.265.
1449 2522 1584 2559 VVESS.

235 2577 342 2618 636.
378 2576 452 2616 54.
487 2573 576 2614 Ἐπὶ
598 2571 830 2627 ΖΙῖῙουνύχου
850 2575 1081 2629 βασιλέως]
1121 2577 1267 2631 Regem
1287 2578 1586 2617 Atheniensium

125 2632 386 2684 Illum-voltum,
418 2632 642 2671 Pantcuclis
664 2634 886 2681 filiun1,cx
906 2633 1041 2672 eodem
1060 2633 1264 2674 Hellanico
1283 2645 1470 2674 memorat
1483 2634 1585 2672 Har-

125 2694 355 2740 pocration,
393 2702 553 2739 eumque
580 2696 736 2728 secutus
764 2689 928 2739 Suidas,
969 2692 1012 2728 in
1042 2691 1282 2744 ΖΙἸουνυχιἭα
1341 2692 1420 2730 ΑΙίὶ
1441 2692 1587 2730 Demo-

121 2745 306 2794 phontem
326 2749 384 2785 illi
405 2754 555 2797 patrem
575 2747 683 2796 dant,
708 2747 754 2785 de
775 2747 915 2798 quibus
932 2746 962 2785 1.
1004 2746 1201 2787 Meursius
1223 2749 1269 2787 de
1289 2748 1426 2802 Regu).
1445 2748 1587 2787 Athen.

115 2802 158 2841 L·
172 2803 236 2841 ΠΙ
246 2804 572 2902 (3836353683'1322
594 2863 669 2915 τῆς
688 2860 861 2902 Αἶνειόυ
880 2858 1096 2918 θιγατρός
1125 2861 1407 2917 γενιήθιίτα]
1446 2861 1594 2915 'Iangit
