1859 3326
291 174 383 217 512
755 167 1281 211 ANNOTAUONES

287 287 514 326 cruciatum
533 281 780 322 Mithridates
799 282 983 332 necavit,
1023 283 1085 321 uti
1106 279 1241 320 Cicero
1262 279 1365 319 dixit
1384 294 1454 332 pro
1483 280 1529 324 L.
1551 281 1686 321 Manil.
1717 297 1764 325 c..

291 346 334 385 ἴ).
394 343 560 380 Adstrue
580 340 663 389 his,
690 342 934 390 provectiore
956 345 1081 376 aetate
1103 339 1301 387 Aquilium
1322 339 1465 388 fuisse,
1503 342 1748 390 vinculisque

287 415 311 438 a
336 400 604 449 Mitylenaeis,
640 405 684 433 ut
712 397 936 445 planissime
963 393 1182 440 Diodorus,
1222 397 1488 445 constrictum,
1517 404 1563 433 ut
1590 399 1674 449 regi
1707 401 1747 436 in

288 470 426 496 manus
448 461 577 505 posset
597 453 717 491 tradi:
746 452 848 490 hunc
875 465 964 489 vero
988 452 1028 488 in
1051 453 1134 500 ipso
1153 453 1290 488 aetatis
1312 450 1407 489 flore
1430 453 1620 490 irruentes
1644 457 1684 492 in
1707 468 1747 492 se

288 522 327 551 et
355 514 563 562 repulisse,
595 517 631 547 et
656 509 772 546 finem
802 510 928 555 vitae,
968 520 1079 557 quem
1100 520 1161 544 res
1180 508 1303 544 solum
1325 507 1462 556 dabat,
1499 518 1749 548 consecutum

287 584 383 608 esse.
425 567 576 605 Desunt
597 579 688 618 ergo
707 567 819 618 plura
840 564 1078 616 excerptoris
1095 570 1161 602 aut
1183 567 1474 603 amanuensium
1494 568 1746 619 negligentia.

286 628 430 666 Wess.

403 681 509 723 613.
542 682 615 721 77.
654 675 925 729 Ναυμαχιάν]
952 676 1145 715 Praelium
1164 675 1262 716 illud
1284 678 1423 717 navale
1444 679 1643 731 intelligit,
1672 692 1749 730 quo

285 738 427 778 Rhodii
447 738 522 774 adv
526 749 633 773 ersus
656 734 920 773 Mithridatem
941 734 1214 785 decertarunt,
1253 734 1300 773 de
1324 748 1400 788 quo
1421 738 1579 774 consule
1599 737 1749 787 Appia-

284 808 377 836 num
400 793 594 847 (Mithrid.
619 806 654 843 p.
671 789 802 843 319)
858 791 1007 829 vAms.

400 851 505 892 613.
537 850 611 889 99.
655 846 754 914 Τὴν
776 846 1002 900 δεδομένην
1032 844 1232 898 ἐπαρχίαν
1259 842 1619 902 παραιτουμειος]
1673 847 1749 887 Le-

283 908 452 961 gendum
468 912 526 943 est
549 919 904 957 παραιρουμετος,
932 912 976 941 ut
1005 902 1047 941 L.
1064 903 1210 942 Xvul.
1233 905 1306 944 25.
1331 911 1370 943 et
1393 906 1494 956 apud
1517 905 1678 945 Suidam
1704 907 1747 945 in

283 968 358 1007 ,Ha
364 965 615 1018 ραιροῦνται.
652 962 863 1013 Vulgatum
883 961 987 999 aliud
1009 968 1079 1001 est.
1135 960 1275 998 WVESS.

400 1021 507 1061 (314.
542 1020 582 1059 7-
626 1017 700 1064 Εἷς
731 1033 808 1070 τνν
836 1016 1060 1069 Νομαδιάν
1090 1016 1266 1069 δοῦλος]
1303 1015 1475 1056 Nimium
1494 1017 1589 1066 hoc,
1620 1030 1745 1067 neque

282 1091 376 1117 vero
409 1079 503 1113 sztis
531 1088 758 1126 congruum.
817 1074 891 1112 Adi
918 1074 1019 1112 Plut.
1049 1077 1176 1124 potius
1199 1075 1241 1111 in
1263 1073 1387 1112 Mario
1406 1088 1442 1124 p.
1456 1076 1565 1115 429.
1585 1083 1623 1112 et
1643 1075 1744 1114 leli.

281 1135 436 1173 Patere.
460 1132 561 1176 11.st
590 1135 658 1172 19.
691 1131 785 1170 Mox
800 1132 878 1183 legi
898 1143 1049 1180 quoque
1067 1138 1191 1180 potest
1211 1129 1364 1184 ἔρημος
1384 1130 1575 1185 ἐφοδίων.
1610 1131 1746 1170 Wssss.

395 1189 498 1230 Ibid.
529 1186 713 1241 ’Έρημος
731 1189 880 1241 σφῶν]
917 1187 1035 1225 Forte
1056 1186 1203 1242 φίλων.
1263 1187 1414 1224 VALES.

397 1258 504 1299 614.
534 1257 605 1298 15.
648 1253 920 1310 Μετὲστησεν
940 1250 1089 1296 ἕαυτῖν
1107 1254 1150 1294 ἔκ
1171 1257 1245 1295 τοῦ
1268 1255 1339 1310 ζῇν
1359 1251 1575 1307 ἑκουσίως]
1607 1255 1744 1295 Morbo

282 1327 507 1366 oppressum
530 1327 550 1350 e
582 1314 664 1351 vita
695 1313 882 1363 migrasse
909 1311 1075 1351 Marium
1104 1312 1276 1350 Velleius
1296 1313 1446 1350 Patere.
1469 1313 1513 1353 L.
1532 1313 1576 1350 ll.
1596 1314 1673 1353 23.
1705 1320 1745 1350 et

281 1386 330 1410 ex
351 1371 560 1409 Posidonio
589 1370 710 1406 refert
739 1370 846 1408 Plut.
880 1372 922 1408 in
949 1369 1074 1408 Mario
1103 1383 1139 1419 p.
1163 1370 1295 1418 432,
1333 1383 1406 1406 nec
1425 1368 1584 1407 deerant
1601 1377 1744 1418 tamen,

281 1432 346 1478 qui
369 1429 589 1467 voluntaria
608 1433 731 1463 morte
744 1426 963 1465 decessisse
976 1427 1196 1478 proderent,
1221 1427 1337 1465 sicuti
1351 1425 1445 1464 hinc
1465 1432 1503 1464 et
1521 1438 1571 1464 ex
1584 1426 1743 1465 Victore

280 1487 327 1524 de
345 1486 449 1523 Viris
471 1485 595 1521 lllust.
620 1496 650 1520 c.
666 1485 741 1523 67.
768 1490 936 1523 constat.
996 1483 1135 1521 lVEss.

396 1541 502 1582 614.
529 1541 603 1580 20.
640 1535 707 1578 Ἐν
727 1541 778 1594 τῇ
800 1536 982 1593 διώρυγι]
1014 1539 1059 1577 ln
1079 1554 1123 1577 eo
1145 1538 1340 1586 cuniculo,
1362 1551 1430 1590 per
1448 1550 1560 1588 quem
1581 1552 1630 1578 ex
1647 1540 1744 1578 urbe

278 1597 533 1636 Praenestina
554 1595 717 1634 evadere
738 1597 939 1646 captabat:
984 1596 1123 1634 docent
1150 1596 1190 1634 id
1210 1596 1366 1634 uberius
1388 1595 1531 1635 Strabo
1561 1596 1604 1635 L.
1626 1596 1672 1634 V.
1703 1610 1741 1649 p.

282 1657 391 1697 365
423 1661 461 1691 et
484 1654 646 1703 Appian.
670 1651 784 1692 Civil.
806 1653 850 1691 L.
865 1652 936 1703 Lp
940 1655 1070 1695 .681.
1130 1652 1269 1693 VVESS.

397 1713 501 1752 614
532 1712 607 1749 22.
648 1709 721 1757 Εἷς
741 1707 815 1750 τὸν
839 1667 936 1749 πάὶρ
927 1726 967 1748 αι
986 1725 1204 1761 προκειμει
1208 1706 1281 1759 ον]
1313 1706 1468 1747 Sociale
1492 1709 1639 1746 scilicet
1658 1709 1741 1748 bel-

278 1770 383 1816 lum,
411 1766 513 1817 quod
535 1767 634 1804 bello
658 1768 766 1804 civili
789 1766 952 1804 Sullano
971 1769 1093 1806 veluti
1117 1773 1346 1805 renovatum
1366 1773 1435 1804 est.
1490 1765 1643 1805 VALES.

393 1837 500 1877 614.
531 1835 606 1875 24.
640 1830 852 1873 Σκευόλαι
864 1833 877 1883 ]
911 1829 1118 1874 Σκαιουόλ
1124 1850 1174 1874 αν
1193 1834 1386 1884 adpellare
1406 1840 1447 1872 et
1467 1835 1634 1872 scribere
1654 1847 1742 1874 eum

278 1900 461 1944 perpetuo
483 1893 602 1940 solet,
635 1891 749 1939 idque
769 1891 864 1929 adeo
885 1898 924 1928 et
945 1891 1006 1929 hio
1026 1893 1168 1929 malim.
1224 1891 1367 1931 WVESS.

392 1961 498 2001 614.
531 1961 606 2000 31.
644 1958 762 1999 Δίκα
787 1954 1030 2009 μυριάδων]
1078 1958 1182 1996 Idem
1213 1959 1348 1996 scribi:
1371 1957 1490 1996 Iulius
1513 1957 1740 2007 Obsequens

277 2016 345 2068 (de
359 2016 518 2068 Prodig.
542 2030 621 2066 cap.
639 2013 767 2067 118.)
798 2015 841 2054 L.
856 2015 1043 2066 Scipione
1068 2015 1108 2052 C.
1124 2016 1312 2053 Norbano
1330 2015 1437 2053 Coss.
1464 2022 1629 2052 centena
1648 2016 1739 2052 mil-

277 2076 335 2113 lia
354 2075 549 2111 hominum
569 2080 799 2124 consumpta
813 2072 962 2111 Italico
982 2073 1166 2123 civilique
1187 2072 1287 2109 bello
1308 2073 1444 2109 relata
1463 2078 1567 2108 sunt.
1594 2071 1739 2108 Eutro-

277 2135 363 2182 pius
384 2130 471 2182 (lib.
486 2130 531 2167 V.
555 2128 617 2180 6.)
649 2137 686 2165 et
707 2142 755 2165 ex
773 2142 817 2165 eo
837 2136 972 2165 auctor
992 2127 1176 2165 historiae
1198 2127 1414 2165 Miscellae:
1457 2127 1570 2174 Hoc,
1598 2130 1738 2176 inquit,

268 2189 358 2237 fine
387 2187 573 2224 conclusa
602 2190 697 2223 sunt
720 2187 796 2223 duo
822 2184 925 2222 bella
944 2184 1256 2231 funestissima,
1282 2184 1434 2222 sociale
1458 2184 1669 2230 Italicum,
1699 2189 1742 2219 et

276 2245 393 2282 civile
408 2243 628 2287 Sullanum,
657 2255 760 2292 quae
777 2254 856 2292 per
877 2254 1002 2278 annos
1023 2251 1067 2277 X.
1098 2247 1234 2278 {racem
1257 2246 1358 2277 sunt.
1402 2239 1743 2292 Consumpserzmt

275 2306 409 2338 (tutem
428 2300 538 2336 ultra
561 2303 714 2336 centum
736 2299 1028 2349 quinquaginta
1051 2298 1178 2335 millia
1200 2297 1419 2344 hominum,
1452 2298 1562 2334 viros
1589 2296 1739 2333 Consu-

277 2359 387 2395 alres
404 2366 582 2394 xxxnt.
615 2354 853 2392 Praetor-ios
872 2365 951 2391 Vll.
982 2353 1201 2391 Aedilicios
1224 2364 1292 2391 Lx.
1326 2353 1546 2392 Senatores
1567 2364 1632 2391 ee.
1665 2352 1738 2390 ab·

275 2428 371 2465 sque
392 2413 609 2450 innumeris
627 2412 779 2449 Italiae
804 2411 1112 2461 totiuspopulis.
1171 2411 1323 2448 VALES.
1508 2419 1513 2428 ’

391 2481 496 2521 (314-
527 2479 600 2518 35.
644 2475 704 2517 T&
727 2474 856 2529 δήπερ
881 2475 1010 2517 αὐτὸν
1028 2473 1285 2528 ὑπατεῦσαι]
1332 2477 1463 2515 Malim
1491 2472 1628 2528 μήπερ
1657 2471 1736 2514 αὗ-

275 2535 373 2585 τόν,
403 2545 446 2574 ut
468 2537 516 2574 ad
536 2534 723 2572 Merulam
742 2536 946 2572 referatur.
1004 2534 1100 2571 Vide
1130 2535 1345 2585 Appianum
1380 2536 1445 2571 lib.
1470 2534 1497 2570 l.
1539 2532 1735 2578 Civilium,

276 2603 315 2633 et
333 2595 580 2632 Paterculum
600 2591 720 2630 lil›.ll.
754 2589 855 2644 (cap.
873 2589 967 2644 21.)
1024 2592 1173 2629 VAers.
1588 2603 1591 2608 ’

392 2662 498 2702 614.
517 2661 592 2700 45.
619 2655 814 2710 Ἐπέβαλε
835 2656 1062 2712 τάςχὲΐρας
1079 2658 1211 2708 τρισὶν
1230 2656 1369 2709 ἱεροῖς]
1397 2656 1542 2694 Eadem
1553 2654 1629 2692 Dio
1640 2653 1733 2691 Cas-

275 2721 355 2756 sius
376 2717 470 2755 Exn.
491 2718 655 2754 Peiresc.
677 2730 714 2766 p.
733 2717 860 2763 647..
892 2716 958 2753 sed
981 2719 1047 2765 qui
1068 2716 1168 2752 Plut.
1190 2715 1356 2752 izv-Sulla
1374 2727 1408 2763 p.
1423 2714 1554 2759 459„
1582 2718 1626 2749 ut
1647 2713 1731 2759 pui-

275 2789 338 2813 rre
358 2775 406 2812 ll.
428 2775 603 2811 Valesius
623 2774 830 2823 perspexit,
858 2774 976 2810 verbo
997 2781 1107 2810 tenus
1130 2773 1357 2821 exscripsit,
1381 2777 1419 2808 et
1439 2770 1634 2821 Appiauus
1655 2767 1731 2805 Mi-

273 2832 429 2870 thridat.
453 2844 486 2881 p.
501 2832 608 2872 3116.
643 2830 689 2867 de
711 2829 874 2867 Sullano
895 2829 966 2868 hoc
986 2830 1202 2881 sacrilegio.
1259 2828 1395 2867 lvssss.
