1859 3326
334 199 435 244 224
458 193 983 241 ANNOTATloNEs
1009 196 1073 238 m
1097 195 1383 242 maxvu.
1410 186 1538 241 car.
1563 197 1669 245 117.
1685 203 1789 245 113„

444 312 553 354 253.
582 311 656 352 39.
678 308 771 352 ’Ότι
793 309 923 366 μέγαν
946 308 1087 365 ἀγῶνα
1113 307 1228 353 αῧτιῗὶ
1263 310 1478 369 ἐπιτάφιον
1512 309 1790 368 συστήσονται

332 377 404 409 etc.
417 367 436 423 ]
470 370 722 408 Verissimum
750 367 823 406 hoc
850 371 1054 407 morientis
1083 370 1298 412 Alexandri
1328 372 1482 410 effatum
1514 372 1670 425 egregie
1699 373 1790 409 illu-—

332 428 472 465 stravit
499 427 541 464 Ρ.
562 425 783 476 Leopardus
813 425 975 463 Emend.
1005 425 1047 463 L.
1067 426 1193 465 XVII.
1218 428 1289 468 13.
1339 428 1445 466 Idem
1474 431 1515 467 in
1545 431 1674 467 animo
1705 433 1791 474 erat

328 482 519 550 Eunapii,
544 495 629 519 cum
652 482 696 519 de
716 482 864 520 Iuliano
886 482 1056 552 sophista
1075 497 1110 533 p.
1134 485 1239 528 122.
1264 480 1394 538 μέγαν
1415 479 1628 539 ἐπιτάφιον
1648 482 1788 537 ἀγῶνα

327 545 415 587 τοῖς
436 537 585 579 ἑαυτοῦ
609 537 876 591 παραδέδωκε
880 555 901 578 ν
927 536 1117 592 ἑταίροις
1145 542 1311 579 innuens
1334 545 1622 590 contentiones,
1650 541 1788 592 quibus

327 601 432 636 inter
456 610 495 634 se
517 600 841 633 conmitterentur
870 598 952 633 eius
977 596 1155 645 discipuli
1186 604 1225 635 et
1243 605 1476 646 sectatores,
1504 606 1548 636 ut
1566 601 1708 636 mortui
1728 599 1788 635 lo-

329 668 415 691 cum
436 661 474 690 et
503 653 734 704 dignitatem
764 651 927 690 Athenis
947 653 1192 704 obtinerent,
1228 654 1274 692 de
1303 657 1441 704 quibus
1460 656 1564 694 idem
1589 655 1787 705 Eunapius

328 712 371 749 in
391 711 619 747 Proaeresio
647 723 681 759 p.
705 710 808 750 132.
852 709 968 747 Aliud
993 711 1188 760 spectabat
1208 710 1383 750 Herodes
1402 719 1574 750 extrema
1606 713 1786 750 oratione

327 767 377 805 ad
399 766 580 804 Salomon
603 779 776 804 sororem
795 767 951 815 eiusque
969 768 1151 805 maritum
1169 768 1332 807 Alexam
1361 769 1461 819 apud
1481 768 1684 819 Iosephum
1706 768 1786 806 An·

326 825 397 873 tiq.
422 823 504 860 Iud.
527 823 570 861 L.
597 822 787 864 XV11.6.
812 823 853 863 5.
878 820 933 863 τὰ
964 820 1070 863 αὐτὰ
1091 822 1171 879 γὰρ
1195 822 1246 878 δη
1280 829 1488 893 φρονῆσαι
1509 822 1612 892 δόξῃ
1636 839 1687 879 τη
1711 821 1786 863 αὖ·

323 883 400 921 ’τοῦ
421 896 488 946 μη
525 875 812 931 ἀπειπαμένων
846 877 977 933 μέγαν
1010 876 1139 921 αυτοῦ
1170 879 1243 921 τὸν
1274 877 1490 937 ἐπιτάφιον
1519 878 1799 935 γενησεσθαι,ἶ

325 936 395 976 καὶ
416 932 556 982 ὁποῖος
584 933 671 975 οὐδ
696 933 836 983 άλλοις
862 935 1078 987 βασιλέων.
1106 939 1300 990 cogitabat
1328 942 1431 978 enim
1455 951 1527 976 rex
1555 939 1784 977 crudelitate

322 995 482 1032 infamis
499 994 626 1030 nullas
645 993 815 1031 filiorum
835 993 881 1031 de
900 997 1011 1045 regni
1030 998 1272 1035 successione
1287 999 1408 1044 rian,
1431 996 1498 1034 sed
1518 997 1786 1042 calamitatem,

325 1058 364 1088 et
385 1053 557 1098 luctum,
587 1061 698 1099 quem
719 1050 833 1087 caede
863 1052 1187 1090 nobilissimorum
1208 1055 1316 1105 genti
1344 1053 1521 1092 Iudaicae
1546 1053 1615 1092 sub
1646 1053 1784 1089 mortis

326 1120 417 1146 suae
438 1114 584 1156 tempus
606 1107 778 1144 indicere
797 1116 1059 1159 proposuerat.
1089 1109 1226 1147 VVESS.

439 1165 548 1204 253.
581 1164 656 1204 42.
695 1164 779 1203 Καὶ
800 1167 937 1216 μῆνας
966 1160 1094 1214 ἔπτὰ]
1138 1166 1296 1207 Arrian.
1323 1164 1366 1204 L.
1386 1164 1470 1203 VII.
1488 1167 1564 1207 28.
1593 1162 1661 1205 καὶ
1683 1160 1783 1211 τοὺς

323 1216 434 1261 ὀκτὼ
462 1221 608 1273 μῆνας.
660 1220 799 1258 Melius
829 1221 993 1269 Noster,
1023 1229 1067 1259 ut
1101 1221 1143 1260 S.
1168 1223 1317 1261 Petitus
1354 1222 1489 1274 Eclog.
1519 1221 1704 1262 Chronol.
1739 1221 1782 1259 L.

325 1278 394 1317 lv.
431 1278 501 1318 14.
534 1285 571 1314 et
600 1276 648 1314 ad
669 1277 761 1329 Leg.
794 1278 914 1317 Attio.
936 1279 977 1317 L.
999 1278 1067 1318 111.
1103 1279 1183 1318 Tit.
1205 1282 1248 1321 2.
1279 1293 1316 1333 p.
1339 1281 1444 1322 331.
1472 1280 1565 1321 edit.
1600 1279 1780 1331 Lugdun.

323 1334 600 1372 condocefecit.
634 1334 771 1372 Wssss.
1831 1335 1838 1337 “

436 1392 545 1431 253.
581 1393 654 1432 60.
693 1388 780 1431 Διὰ
808 1393 884 1432 τοῦ
913 1390 1018 1433 ἲδιόυ
1047 1389 1165 1443 υἱοῦ,
1198 1389 1448 1448 τεταγμένου
1474 1389 1571 1446 εἴα]
1625 1391 1780 1432 Veneno

321 1454 507 1486 necatum
541 1461 624 1485 esse
657 1450 864 1487 credidere
887 1451 1099 1503 plerique:
1121 1452 1256 1500 filium
1285 1452 1498 1503 Antipatri
1524 1452 1631 1488 inter
1661 1451 1782 1487 mini-

322 1512 450 1552 stros,
486 1505 630 1543 Iollam
654 1508 830 1555 nomine,
851 1509 987 1559 patris
1021 1511 1128 1546 iussu
1157 1510 1333 1555 dedisse,
1361 1507 1454 1544 haec
1476 1505 1633 1544 Curtius
1654 1507 1698 1546 L.
1720 1505 1775 1546 X.

323 1564 398 1602 10.
431 1562 522 1609 14,
552 1565 614 1599 cui
643 1563 808 1614 adiunge
832 1563 875 1601 L.
904 1564 1018 1602 XIX.
1054 1567 1126 1606 ll.
1157 1566 1284 1603 nostri
1314 1565 1503 1611 auctoris,
1532 1566 1597 1614 qui
1627 1562 1780 1612 quidem

318 1616 384 1657 ἐπὶ
406 1616 479 1658 τὸν
501 1614 664 1658 κύαθον
689 1619 936 1672 τεταγμένόν
956 1623 1123 1659 scribere
1145 1624 1355 1670 potuisset,
1385 1634 1464 1658 non
1484 1620 1779 1670 inprobantibus

319 1675 480 1713 Latinis.
511 1675 722 1713 Petronius
744 1676 826 1714 Sat.
856 1691 886 1715 c.
908 1679 981 1718 30.
1007 1680 1269 1717 Exclamavit
1288 1691 1388 1716 unus
1409 1679 1596 1730 epueris,
1623 1678 1692 1728 qui
1711 1689 1778 1713 su-

308 1745 392 1784 per
411 1732 485 1769 Ιιοο
507 1731 678 1781 officium
703 1737 862 1785 positus
881 1741 984 1774 erat.
1014 1737 1084 1773 ubi
1113 1735 1295 1773 Burman.
1326 1735 1416 1773 vide
1443 1741 1482 1771 et
1500 1733 1778 1773 N.·Heinsium

318 1789 368 1826 ad
380 1787 486 1826 Curt·
504 1789 546 1826 L·
560 1789 621 1826 VI·
643 1792 710 1831 ll.
726 1792 780 1839 3.‚
803 1791 869 1829 sed
889 1793 1051 1831 alterum
1073 1792 1113 1830 id
1130 1806 1258 1830 amare
1280 1794 1387 1829 solet.
1403 1791 1536 1828 Wess.
1565 1789 1624 1828 De
1637 1791 1776 1840 poculo

316 1853 512 1884 venenato
535 1845 701 1884 Dionem
727 1846 864 1898 Chrys,
893 1862 929 1898 p.
953 1849 1059 1890 597.
1082 1850 1156 1889 35.
1178 1852 1273 1887 citat
1293 1847 1487 1886 Reiskius.

428 1904 535 1944 253.
552 1904 624 1944 63.
650 1901 933 1958 Κασσάνδρου
947 1908 1020 1945 τοῦ
1031 1903 1224 1956 υἶοῧεῒο]
1245 1907 1401 1951 Quaein
1415 1898 1692 1955 Κασσάνδρου
1704 1915 1777 1940 no-

313 1960 416 1996 mine
437 1966 591 1997 enotata
611 1960 961 2011 discrepantiaest,
989 1963 1129 2012 passim
1149 1965 1329 2000 recurrit.
1353 1963 1471 2000 Numi
1491 1970 1777 1997 CASSANDREN-

315 2026 414 2053 SlUM
434 2018 475 2054 in
495 2015 630 2055 Colon.
655 2017 709 2056 Io,
734 2017 933 2057 Vaillantii
954 2019 1003 2059 T.
1026 2020 1057 2059 Ι.
1088 2033 1126 2069 Ρ.
1155 2021 1273 2067 104.,
1299 2025 1338 2056 et
1358 2016 1778 2059 ΚΑΣΣΑΝΔΡΟΥ

312 2072 635 2112 ΒΑΣΙΛΕΩΣ
652 2072 768 2111 Thes.
780 2074 926 2112 Britan.
940 2076 1024 2113 Vol.
1037 2075 1081 2113 ΙΙ.
1103 2090 1142 2126 p.
1159 2078 1229 2117 12.
1243 2077 1616 2126 stantprovulgato.
1636 2074 1773 2112 Wssss.

426 2129 533 2169 253.
565 2132 638 2171 68
683 2127 773 2183 Την
804 2146 846 2171 τε
876 2129 953 2185 ψὰρ
982 2129 1245 2183 Ὀλυμπιάδα
1269 2153 1317 2160 -·-
1340 2130 1504 2185 ἄταφον
1524 2128 1672 2184 ριψαι]
1714 2129 1773 2166 De

312 2184 426 2222 caede
446 2187 731 2224 illustrissimae
757 2189 926 2226 feminae
956 2187 1000 2226 L.
1019 2189 1136 2226 XIX.
1161 2190 1247 2238 51„
1274 2195 1313 2227 et
1335 2188 1479 2226 Thebis
1508 2201 1532 2225 a
1553 2185 1772 2225 Cassandro

310 2242 538 2279 instauratis
561 2244 652 2280 ibid.
676 2256 758 2292 cap.
786 2246 859 2284 53.
885 2244 1022 2283 WVESS.

423 2300 531 2339 253
565 2301 637 2339 73.
678 2297 775 2340 Ἐπὶ
799 2304 874 2354 τῆς
895 2297 1069 2353 ἐσχάτης
1090 2304 1165 2342 τοῦ
1186 2301 1281 2354 βίου
1306 2303 1502 2359 γραμμῆς
1525 2293 1772 2366 ἐγκαρτερή-

310 2353 452 2407 σασα]
494 2355 561 2393 Sic
585 2357 723 2395 iterum
750 2357 933 2409 Excerpt.
968 2359 1093 2397 vales.
1122 2373 1158 2409 p.
1182 2361 1291 2399 327.
1320 2361 1396 2411 τῆς
1426 2357 1469 2398 δὲ
1495 2351 1771 2410 σωφροσύνης

308 2408 519 2464 (σημεῖον)
540 2409 586 2452 τὸ
609 2410 684 2459 τὰς
704 2410 883 2467 αἰσθήσε
868 2430 922 2461 ις
938 2414 1057 2467 μέχρι
1077 2431 1152 2468 της
1170 2412 1346 2467 ἐσχάτης
1368 2417 1443 2455 τοῦ
1461 2413 1555 2466 βίου
1566 2414 1770 2499 φραζιιμῆς

308 2466 462 2514 ἀσινεῖς
490 2466 605 2519 ἔχειν.
649 2469 827 2508 Sumtum
854 2485 978 2523 genus
1006 2472 1079 2509 hoc
1110 2485 1160 2509 ex
1189 2473 1335 2520 stadio,
1373 2474 1415 2510 in
1449 2484 1522 2520 qua
1549 2471 1661 2514 linea
1682 2481 1767 2507 swe

307 2522 477 2576 γραμμὴ
500 2538 610 2575 saepe
631 2539 766 2564 cursus
794 2535 876 2565 erat
894 2536 1004 2566 meta.
1045 2529 1283 2567 Scholiastes
1304 2532 1346 2567 in
1378 2529 1535 2567 Pindari
1554 2533 1768 2563 extremam

308 2580 382 2620 Od.
405 2580 477 2618 IX.
499 2581 680 2632 Pythion.
710 2581 856 2636 ἔστησε
876 2583 953 2637 γὰρ
974 2582 1104 2638 αὐτὴν
1125 2583 1230 2652 πρὸς
1246 2601 1297 2639 τη
1318 2581 1471 2654 ἐσχάτῃ
1498 2597 1668 2637 γραμμῑῖ
1689 2582 1766 2620 τοῦ

307 2633 481 2705 δρόμου,
505 2640 628 2678 τοῦτο
652 2637 778 2691 άκρον
801 2656 868 2679 και
888 2641 1004 2688 τέλος
1026 2610 1294 2689 διατάξας-
1316 2638 1548 2708 ἐχάρασσον
1571 2639 1616 2678 δὲ
1634 2653 1767 2692 γραμ-

305 2710 389 2746 μην
413 2709 525 2740 τινα,
553 2711 604 2747 ην
625 2693 756 2748 ἇρχην
778 2696 846 2735 καὶ
867 2696 933 2737 τέ)
937 2712 982 2745 ος
1012 2714 1120 2749 ειχον
1141 2714 1179 2738 οι
1210 2693 1508 2751 ἀγωνιζόμενοι.
1561 2695 1620 2734 De
1640 2701 1764 2734 morte

307 2750 572 2803 Sisygambris
589 2754 722 2792 confer
751 2751 856 2792 Cure.
883 2753 936 2793 X.
963 2757 1099 2797 5.19
1128 2751 1265 2794 WEss.
