1891 3310
427 178 492 218 {N
525 176 638 219 Lm.
670 176 769 216 xv.
808 176 939 219 cAP.
980 179 1019 221 1.
1044 199 1092 209 -
1117 179 1159 221 3.
1497 189 1526 230 3

64 301 124 332 est
147 294 400 340 manifestus,
427 304 500 330 nec
518 298 697 342 apparet,
725 292 795 341 qui
816 292 985 342 suppleri
1005 292 1145 342 possit·
1178 293 1294 346 longe
1314 297 1416 336 enim
1433 300 1519 339 lon-

64 364 187 403 geque
207 349 402 387 Diodorus
430 362 453 386 a
475 352 614 386 ceteris
633 348 837 386 Fastorum
857 349 1122 386 conditoribus
1151 363 1190 387 se
1210 361 1410 404 segregat,
1448 360 1519 395 tri..

63 408 187 445 bunos
216 408 383 443 militum
415 407 611 443 consulari
642 413 830 455 potestate
860 419 1100 452 memorans,
1144 419 1333 456 nusquam
1365 412 1514 451 obvios.

61 463 175 502 Unde
197 476 290 501 vero
310 476 389 510 eos,
419 469 457 500 et
479 464 545 511 qui
567 464 716 512 aliquot
737 464 851 499 annis
870 469 1096 512 sequuntur,
1126 462 1384 514 descripserit„
1403 469 1515 507 finire

60 533 140 558 non
170 532 345 569 possum:
387 531 509 568 neque
540 522 644 556 enim
673 519 830 556 divinus
861 532 958 557 sum.
990 518 1032 555 ld
1056 519 1209 567 quidem
1231 529 1332 559 certe
1351 533 1514 575 constat,

57 575 209 624 Fastos,
241 577 381 624 quibus
401 589 493 613 usus
515 583 587 623 est,
605 589 628 612 a
648 576 823 613 Livianis
841 577 1048 625 plurimum
1069 576 1316 625 discrepasse.
1350 580 1397 617 W
1401 592 1481 620 ESS.

172 634 210 673 5
242 634 317 673 67.
356 628 557 684 Ὀρόντην
587 629 820 700 κηιξεστην]
866 631 952 669 Hoc
983 633 1096 670 malo.
1136 632 1283 671 Auctor
1311 632 1512 690 Ὀρόντην

56 689 252 740 adpellare
275 691 386 737 solet,
417 688 640 739 Xenophon
656 684 874 743 Ὀρόνται,
904 700 1015 737 qucm
1041 691 1144 741 regis
1168 689 1371 730 Persarum
1392 708 1511 745 gene-

52 760 139 784 rum
158 747 301 793 fuisse,
329 747 426 783 alias
448 746 697 783 ostendimus.
735 745 822 782 Vid.
842 745 883 782 L
903 745 1009 782 XIV.
1031 748 1107 786 26.
1135 752 1175 783 et
1195 746 1274 786 Cel.
1293 748 1511 801 Barbeyra-

55 806 158 841 cium
189 802 336 840 Histor.
359 801 475 839 Foed.
497 802 541 840 P.
561 801 591 841 Ι.
615 816 650 852 Ρ.
670 804 779 842 267.
822 803 931 846 Quod
954 803 1133 850 additur,
1161 802 1352 842 Teribazo
1374 809 1510 846 elassis

51 862 184 909 reique
206 861 356 897 navalis
376 859 561 896 traditum
581 859 701 896 fuisse
718 861 931 908 imperium:
952 859 991 896 id
1013 860 1161 897 vetabit
1181 859 1299 908 Gaos,
1318 863 1400 900 sive
1413 864 1509 902 Glos

51 920 196 967 potiuS,
225 911 246 955 ὁ
269 918 344 968 τῆς
364 918 560 967 ναυτικῆς
580 911 797 966 δυνάμεως
814 910 1055 967 ἡγούμενος,
1084 918 1200 954 sicuti
1218 929 1250 954 c.
1273 919 1314 958 3.
1332 928 1508 970 vocatur,

51 975 133 1011 nisi
152 974 339 1011 vicariam
360 971 450 1010 huic
471 978 705 1021 potestatem
725 975 974 1010 concesseris.
1003 972 1140 1012 Wssss-

167 1031 207 1070 5.
235 1032 310 1070 68.
354 1028 617 1084 Τηρίβαζον]
659 1027 885 1083 Τιρίβαζον
905 1027 1021 1067 Coisl.
1042 1028 1144 1067 haud
1162 1031 1284 1069 male:
1323 1033 1381 1071 sic
1402 1036 1506 1073 enim

52 1087 188 1124 etalii.
215 1086 356 1124 Wssss.

166 1144 206 1184 5-
238 1144 313 1184 73.
355 1139 478 1196 Πρὸς
505 1141 582 1194 μὲν
613 1139 689 1182 τὸν
710 1138 878 1196 ’Ἀκοριν
907 1138 982 1182 τὸν
1009 1141 1108 1196 Αἶγ.
1134 1141 1337 1197 βασιλέα]
1376 1145 1508 1186 Theo-

47 1212 207 1251 pompus
225 1200 325 1250 apud
343 1199 526 1237 Photium
546 1195 1074 1252 L.X11.habetIIdnwyw.
1100 1200 1231 1238 PALM.
1270 1201 1372 1240 Male
1404 1206 1506 1253 apud

46 1257 229 1296 Photium
250 1255 344 1294 Cod.
358 1255 573 1294 CLXXVI.
593 1252 806 1308 Πάκιορις.
838 1269 927 1294 nam
947 1264 1080 1306 postea
1098 1257 1239 1295 ibidem
1260 1267 1364 1296 recte
1374 1256 1505 1301 ’Ἀκω-

47 1328 112 1365 ρις
130 1314 296 1362 dicitur3
326 1313 495 1351 Eusebio
514 1320 552 1350 et
574 1313 815 1363 Hieronymo
834 1320 894 1350 est
915 1313 1100 1360 Achoris,
1116 1311 1293 1366 Ἄχωρις
1319 1317 1504 1356 Africano

47 1378 87 1408 et
107 1370 308 1421 Synce110.
338 1370 426 1408 Vid.
446 1370 505 1407 111.
518 1369 706 1421 Scaliger.
726 1369 775 1407 ad
795 1368 937 1407 Chron.
955 1370 1096 1408 Euseb.
1118 1369 1306 1409 MDCXV
1310 1373 1337 1411 l.
1360 1374 1500 1412 WEss.

162 1427 203 1467 5.
235 1429 308 1468 76.
343 1424 457 1479 Παρ’
479 1422 746 1478 ζΙὶκατόμνου
777 1425 822 1466 δὲ
845 1429 921 1466 τοῦ
940 1426 1106 1479 Καρίας
1134 1423 1372 1481 δυνάστου]
1403 1430 1503 1470 Belli

43 1485 236 1534 principio
256 1483 496 1521 Hecatomno
515 1484 750 1521 Artaxerxes
770 1484 906 1520 classis
920 1485 1148 1535 imperium,
1188 1486 1327 1534 reliqui
1347 1491 1502 1526 exerci-

43 1548 108 1578 tus
139 1540 471 1591 Autophradatae,
519 1540 667 1607 L‘ydiae
697 1538 906 1590 Satrapae,
944 1541 1209 1579 mandaverat.
1258 1542 1502 1611 Στρατηγὸν

41 1593 268 1664 ἐπιστήσας
287 1591 631 1665 Αυτοφραὸάτην
659 1593 734 1636 τὸν
760 1596 933 1644 Λυδίας
953 1593 1212 1651 Ἐξατράπην
1240 1596 1503 1654 (σατράπην)

42 1648 252 1707 ναύαρχον
277 1653 322 1693 δὲ
346 1649 605 1705 Ἑκατόμνον
625 1653 787 1691 Photius
807 1656 861 1691 ait
879 1667 928 1691 ex
951 1653 1200 1704 Theopompo
1221 1669 1302 1693 suo.
1346 1655 1432 1694 Rex
1451 1660 1499 1696 ab

43 1724 90 1748 eo
119 1712 306 1757 consilio,
343 1712 465 1748 sicuti
498 1712 697 1760 superiora
725 1713 894 1748 auctoris
921 1713 1048 1749 nostri
1076 1711 1276 1761 indicant,
1318 1712 1498 1764 deinceps

44 1768 234 1806 discessit.
261 1768 350 1807 Vid.
375 1767 417 1804 L.
440 1767 551 1807 XIV.
577 1768 650 1808 98.
682 1767 824 1805 WEss.

156 1826 196 1864 5.
226 1826 300 1865 78.
333 1819 516 1874 “()μοίως
542 1823 587 1862 δὲ
617 1822 687 1862 καὶ
710 1820 815 1875 πρὸς
841 1819 941 1869 τοὺς
971 1820 1123 1872 ἄλλους
1149 1819 1243 1875 etc.]
1280 1823 1500 1865 Difficulter

41 1881 278 1932 praepositio
300 1877 405 1933 πρὸς
424 1882 565 1927 locum,
595 1891 708 1928 quem
726 1880 883 1927 insedit,
909 1881 1093 1931 tuebitur,
1117 1883 1194 1919 nisi
1214 1882 1264 1919 ad
1284 1886 1501 1922 orationem

41 1938 270 1988 explendam
300 1950 348 1974 ex
378 1936 697 1988 praecedentibus
731 1937 973 1974 intellexeris
1002 1937 1245 1990 συμμαχίαν
1274 1936 1502 1992 ποιησάμε-

39 2009 123 2042 νος.
150 1994 291 2033 Wnss.

157 2051 198 2091 5.
233 2052 305 2092 83.
341 2047 466 2090 Κατὰ
488 2048 533 2089 δὲ
559 2047 637 2102 τὴν
660 2047 882 2102 Φοινίκην,
919 2045 1061 2103 Τύρου
1090 2049 1166 2090 καί
1180 2066 1303 2091 τινων
1321 2047 1500 2107 ἑτέρων]

39 2107 243 2146 Praeclare
262 2107 452 2144 Isocrates
474 2107 666 2158 Panegyr.
690 2119 725 2156 Ρ.
751 2109 854 2148 108-
878 2106 1061 2175 Φοινίκη
1093 2107 1139 2147 δὲ
1168 2108 1236 2147 καὶ
1265 2108 1398 2163 Συρία
1430 2108 1500 2149 διὰ

40 2162 116 2205 τὸν
137 2160 320 2216 πόλεμον
337 2179 564 2203 αναστατοι
583 2159 785 2216 γεγόνασι
823 2159 985 2233 Τύρος-η
988 2162 1055 2211 ὁὲ,
1085 2161 1148 2218 ἐφ’
1181 2181 1207 2218 ⁷7
1237 2164 1344 2218 μέγα
1370 2162 1498 2220 ἐφρό-

39 2235 166 2274 νησεν
189 2219 279 2274 (rex
298 2221 504 2258 Persarum
525 2215 835 2272 Artaxerxes)‘
814 2217 895 2260 υπὸ
927 2222 1011 2260 τῶν
1030 2220 1205 2290 ἐχθρῶν
1233 2224 1318 2261 τῶν
1345 2221 1498 2263 ἐκείνου

40 2277 325 2330 κατείληπται.
367 2277 453 2314 Et
443 2291 484 2315 in
504 2277 671 2329 Evagon
698 2289 737 2325 p.
756 2278 864 2317 293.
907 2274 1044 2330 ἐπειδη
1075 2278 1119 2317 de*
1146 2274 1395 2331 ηναγκάσθη
1427 2295 1500 2319 πο-

40 2336 178 2386 λεμεῖν
209 2331 452 2400 (Evagoras)
486 2337 676 2380 τοιοῦτος
704 2334 756 2386 ἡν
783 2356 831 2362 —-
855 2353 904 2363 -—-
937 2332 1043 2374 ὥστε
1071 2350 1222 2386 μικρου
1251 2351 1301 2387 με
1286 2334 1328 2374 ἐν
1345 2334 1498 2402 ἐδέησε

40 2387 218 2443 Κύπρον
249 2387 419 2430 ἅπασαν
453 2395 696 2442 κατασχεῖν,
728 2389 926 2460 Φοινίκην
956 2390 1000 2430 ὸὲ
1020 2388 1257 2444 ἐπόρθησε,
1295 2387 1433 2444 Ίύρον
1458 2391 1502 2431 δὲ

43 2445 152 2488 κατὰ
173 2443 325 2499 κράτος
343 2443 446 2494 εἷλε,
474 2447 666 2487 Ιίιὶικίαν
685 2445 730 2486 δὲ
748 2445 953 2497 βασιλέως
974 2445 1191 2500 ἀπέστησε.
1225 2449 1331 2492 Quae
1349 2449 1503 2497 quidem

46 2507 178 2543 omnia
198 2503 361 2542 Diodori
386 2506 608 2571 opinionem
630 2507 782 2555 egregie
801 2503 1007 2541 adfirmant
1025 2511 1063 2540 et
1085 2507 1296 2542 illustrant.
1324 2505 1465 2543 WVESS.

160 2562 200 2601 5·
228 2561 305 2601 90.
348 2561 434 2600 Καὶ
467 2556 487 2600 ὃ
521 2563 606 2600 τῶν
634 2557 866 2613 βαρβάρων
894 2563 1020 2611 βασι)
1025 2558 1120 2613 εὺς]
1163 2560 1426 2611 Depravatum
1455 2574 1504 2599 ex

38 2612 242 2670 Ἀραβίων.
281 2616 419 2657 RHOD.
450 2624 489 2654 et
521 2618 652 2655 PA.1.M
700 2617 912 2654 Adsentior
949 2619 1047 2656 viris
1076 2619 1315 2656 clarissimis.
1358 2618 1505 2656 Vitium

45 2677 260 2725 scripturae
292 2674 480 2725 quaedam
508 2674 725 2713 similitudo
753 2677 924 2725 peperit,
953 2680 999 2712 ut
1018 2688 1141 2725 saepe.
1180 2673 1291 2713 Conf.
1315 2674 1358 2713 L.
1379 2673 1408 2711 1.
1432 2676 1505 2716 53.

43 2730 180 2769 Wssss.

160 2787 200 2828 5.
227 2789 269 2829 6.
301 2783 634 2839 Ὀνομαζόμενος
659 2785 704 2827 δὲ
728 2783 854 2840 Γαώ]
892 2787 950 2825 Ita
969 2794 1152 2838 perpetuo
1174 2786 1281 2825 ducis
1305 2787 1347 2825 id
1366 2800 1507 2825 nomen

43 2842 210 2883 Diodori
233 2843 353 2882 Codd.
375 2847 607 2895 exprimunt.
635 2845 722 2883 Vid.
747 2857 852 2894 supr.
874 2843 920 2885 L.
942 2844 1050 2882 XIV.
1071 2845 1146 2886 36.
1169 2843 1447 2894 Xenophontis
1467 2846 1509 2882 in

1215 2903 1231 2941 1
1263 2903 1282 2923 ὕ
