1859 3326
313 231 576 266 CLXXXVIII
630 230 918 263 OECONOMIA
942 229 1211 260 HISTORIAE
1234 230 1464 264 Drononr.

314 331 429 366 etiam
450 326 658 373 Dionysius
671 326 852 368 classem,
874 325 968 360 duce
993 325 1154 371 Nypsio,
1177 327 1320 361 auxilio
1337 328 1463 361 mittit.
1509 327 1630 369 Dion,
1659 320 1776 362 offen-

313 399 378 423 sus
399 398 423 421 a.
440 386 703 431 Syracusanis,
729 395 811 417 cum
832 384 1001 417 exercitu
1021 394 1089 418 suo
1110 383 1312 416 Leontium
1336 385 1578 419 discesserat.
1624 385 1701 418 Iani
1721 395 1777 419 re-

311 450 471 480 vocatus
490 443 700 487 Syracusas
718 441 817 474 ultro
838 440 885 472 ab
902 441 1059 474 interitu
1077 441 1257 482 vindicat,
1281 442 1493 486 civiumque
1511 443 1675 476 omnium
1694 452 1778 486 gra-

312 503 407 538 tiam
427 505 467 535 et
487 507 672 534 summum
690 498 889 540 imperium
908 497 1162 541 consequitur.
1189 508 1219 533 c.
1240 501 1399 535 16-20,

384 559 452 592 ,1η
471 558 634 591 Graecia
651 555 901 590 Athenienses
918 555 957 589 in
973 553 1074 587 bello
1094 555 1224 588 sociali
1244 557 1426 598 occupati.
1447 555 1514 600 (Cf,
1533 556 1667 599 cap.7.)
1685 554 1779 588 Cha-

314 627 398 658 res,
422 616 482 649 cui
502 615 701 659 imperium
721 611 937 644 mandatum
956 615 1059 653 erat,
1083 612 1292 654 Artabazo,
1302 614 1381 656 ·‘-qui
1401 618 1517 646 tuma
1534 623 1625 657 rege
1645 612 1778 647 Persa.-

312 683 399 708 num
424 672 642 710 defecerat,
673 668 885 702 inconsulte
911 669 1052 701 auxilio
1071 674 1241 702 venerat.
1290 666 1542 709 Quamobrem
1563 670 1666 714 regis
1682 671 1776 702 iram

312 731 452 770 veriti,
472 739 564 773 pace
580 730 593 748 ²
612 726 735 768 sacta,
759 725 860 759 bello
878 725 1009 757 sociali
1029 724 1141 758 finem
1161 728 1368 770 imponunt.
1397 729 1493 763 c.21.
1515 731 1570 763 22.

405 787 453 820 ln·
469 785 701 828 Philippum,
734 793 865 826 reg-cm
880 783 1150 825 Macedoniae,
1183 782 1252 816 hoc
1270 787 1441 828 tempore
1460 789 1539 818 tres
1556 783 1705 816 finitimi
1720 794 1778 817 re-

313 856 402 890 ges,
426 842 615 877 Thracum
629 865 639 882 ‚
662 840 877 882 Paeonum,
898 840 1136 884 Illyriorum,
1162 841 1273 874 simul
1290 841 1431 875 bellum
1451 843 1780 883 consociaverant3

314 902 385 937 sed
402 900 615 943 Philippus,
639 899 742 932 bello
760 901 847 931 ante
865 901 1068 941 occupato,
1099 908 1230 932 omnes
1254 899 1415 942 subegit.
1443 903 1540 935 &22
1770 884 1773 888 Α

406 957 504 992 Αηη.
525 960 558 992 2.
606 955 701 990 Inde
724 965 816 988 vero
841 964 905 988 res
931 954 1102 988 Graecae
1129 957 1336 999 principem
1358 957 1480 990 locum
1502 959 1704 999 occupant,
1739 957 1779 988 et

311 1014 582 1053 Macedonicas
597 1013 703 1047 velut
717 1016 986 1056 praecurrunt.-
1010 1011 1201 1046 Conssatur
1217 1014 1255 1046 in
1277 1013 1438 1047 Graecia
1454 1014 1595 1048 ›bellum
1616 1023 1778 1052 sacrum,

313 1073 415 1119 quod
442 1071 573 1105 decem
592 1071 609 1096 Β
638 1080 758 1103 annos
783 1069 946 1102 duravit.
991 1069 1090 1103 Beili
1125 1081 1261 1104 causae
1288 1074 1327 1105 et
1350 1081 1470 1104 annus
1492 1072 1644 1115 primus.
1684 1067 1780 1101 Pho-

314 1131 484 1166 censium
506 1129 714 1171 imperator
736 1125 970 1159 Philomelus
994 1127 1031 1158 vi
1062 1129 1164 1171 cogit
1189 1126 1387 1171 Pythiam,
1418 1132 1460 1160 ut
1480 1128 1526 1160 de
1546 1127 1647 1160 bello
1664 1126 1780 1159 susci-

311 1187 453 1235 piendo
482 1185 675 1219 oraculum
707 1183 807 1216 edat.
855 1176 950 1215 Inde
975 1192 1156 1216 excursus
1186 1185 1232 1217 (le
1259 1184 1402 1217 oraculi
1417 1183 1595 1227 Delphici
1619 1183 1778 1226 origine.

317 1248 365 1292 (c.
386 1246 457 1287 26.)
483 1241 757 1281 Athenienses,
792 1239 1128 1281 Lacedaemoniis
1139 1240 1332 1282 'lhebani‚
1375 1241 1421 1274 ad
1450 1243 1672 1275 societatem
1699 1241 1780 1272 iun,

313 1302 479 1351 gendum
498 1301 719 1333 invitantul.
765 1298 903 1331 Boeoti
922 1302 961 1331 et
979 1297 1191 1330 Locrenses
1209 1302 1341 1330 contra
1358 1302 1537 1342 pugnant.
1567 1309 1596 1334 c.
1618 1301 1712 1336 23·—
1722 1300 1780 1333 27·

406 1357 501 1392 Arm.
525 1358 558 1392 3.
607 1356 706 1389 Belli
729 1356 826 1388 sacri
843 1365 962 1388 annus
980 1358 1015 1390 2.
1051 1354 1106 1387 Ad
1127 1353 1382 1388 Phaedriades
1401 1351 1528 1400 petras
1546 1354 1777 1388 Philomelus

311 1417 461 1463 proelio
479 1414 611 1447 victor.
651 1414 855 1457 Utri-usque
872 1414 992 1457 partis
1006 1413 1098 1445 socii
1117 1416 1376 1445 recensentur.
1410 1412 1623 1446 Phocenses
1642 1411 1779 1445 deinde

312 1477 353 1510 in
373 1473 570 1518 angustias
587 1469 712 1503 ada'cti
733 1479 887 1513 gravem
907 1470 1095 1513 accipiunt
1112 1469 1276 1510 cladem3
1318 1468 1548 1503 Philomelus
1567 1480 1678 1510 vero,
1705 1479 1777 1512 quo

313 1532 559 1575 confugeret,
590 1538 664 1560 non
687 1526 852 1568 habens,
884 1526 931 1559 (le
961 1537 1053 1560 saxo
1077 1537 1118 1559 se
1138 1527 1384 1572 praecipitem
1405 1526 1520 1560 dedit.
1563 1527 1607 1560 ln
1627 1527 1708 1560 eius
1724 1525 1779 1559 lo-

313 1601 397 1625 cum
416 1586 600 1621 successit
619 1583 890 1617 Onomarchus.
927 1594 957 1620 e.
974 1587 1138 1621 28—31.

403 1644 599 1687 Philippus
617 1642 751 1676 eodem
769 1645 941 1685 tempore
961 1641 1180 1676 Methonem
1200 1645 1238 1674 et
1252 1641 1375 1685 Pagas
1397 1643 1599 1685 expugnat.
1626 1645 1662 1676 'c,
1684 1640 1740 1676 31.

404 1710 424 1730 *
452 1704 641 1737 Annotata
658 1699 976 1745 synchronistica:
1009 1699 1184 1740 Leucon,
1210 1699 1369 1742 Bospori
1386 1709 1474 1740 rex,
1499 1698 1673 1731 moritur:
1698 1706 1779 1729 suc-

313 1763 416 1800 cedit
435 1760 660 1804 Spartacus,
691 1758 805 1791 filius.
850 1756 1010 1790 Romani
1029 1758 1067 1789 in
1082 1757 1252 1789 Faliscos
1273 1756 1413 1788 bellum
1432 1758 1580 1799 gerunt.
1628 1753 1672 1786 In
1689 1752 1780 1786 Sici-

312 1823 388 1863 lia,
414 1818 540 1851 Dione
559 1827 582 1850 a
600 1815 847 1848 mercenariis
866 1815 1012 1856 occiso,
1037 1814 1230 1857 Callippus
1254 1814 1454 1856 imperium
1477 1812 1645 1855 suscipit.
1676 1821 1710 1845 c
1723 1812 1780 1848 31.

404 1885 500 1922 Αηη,
523 1885 559 1923 4.
604 1882 705 1916 Belli
724 1883 823 1916 sacri
841 1892 961 1914 annus
979 1884 1012 1917 3.
1060 1882 1166 1915 Onor
1160 1892 1226 1914 iai
1230 1880 1319 1914 chus
1337 1891 1377 1914 re
1383 1882 1497 1915 novat
1514 1880 1676 1920 bellum,
1710 1878 1780 1912 ho-

312 1947 429 1983 stium
451 1953 565 1988 agros
586 1940 808 1985 populatur,
836 1940 985 1973 multas
980 1949 1049 1984 lue
1067 1940 1181 1972 urbes
1203 1940 1313 1983 capit
1350 1936 1380 1973 c.'
1398 1942 1453 1976 3).
1477 1941 1535 1977 33.
1595 1940 1598 1942 ’
1769 1934 1774 1940 ’

406 2003 450 2037 1η
480 2001 569 2035 Asia
600 1999 811 2033 Artabazus
842 2007 981 2041 persev
985 2002 1069 2031 erat
1104 1997 1142 2029 in
1167 1997 1269 2030 bello
1296 1996 1428 2030 contra
1451 2005 1583 2039 regem
1608 1993 1779 2033 Persiae,

315 2059 558 2103 acceptisque
569 2055 838 2094 Thebanorum
854 2055 1019 2096 auxiliis,
1043 2054 1188 2087 duobus
1206 2054 1362 2098 proeliis
1378 2055 1505 2099 regio-s
1524 2052 1651 2098 vincit.
1679 2061 1709 2082 c.
1723 2051 1780 2086 34.

320 2147 323 2149 ,
406 2116 452 2150 ln
477 2114 639 2147 Graecia.
657 2114 882 2157 Argivorum
900 2113 938 2144 in
954 2111 1279 2145 Lacedaemonios
1297 2111 1459 2152 bellum,
1501 2119 1615 2143 causa
1635 2118 1709 2141 non
1725 2107 1779 2139 in·

315 2174 454 2209 dicata.
488 2171 591 2207 c.34.
1121 2182 1137 2211 ιγ

407 2227 680 2268 Athenienses,
705 2225 867 2259 Charete
886 2225 979 2259 duce
992 2251 1000 2267 ,
1027 2225 1074 2270 agl
1092 2225 1382 2268 Hellespontum
1402 2223 1533 2260 urbem
1552 2221 1700 2255 Sestum
1721 2230 1778 2254 ca-

314 2288 444 2332 piunt:
474 2284 608 2317 iisdem
630 2283 896 2326 Cersobleptes
919 2283 1031 2315 urbes
1050 2282 1275 2316 Chersonesi
1297 2281 1488 2321 concedit3
1526 2289 1599 2324 qua
1628 2289 1669 2311 re
1696 2289 1779 2322 per-

315 2349 442 2379 motus
468 2340 661 2383 Philippus
686 2339 905 2371 Mothonem
931 2341 967 2371 vi
997 2344 1206 2383 expugnat,
1245 2339 1284 2371 in
1317 2339 1422 2370 cuius
1457 2337 1561 2370 urbis
1588 2345 1778 2379 expugna-

315 2403 445 2441 tione,
468 2399 535 2432 teli
551 2399 672 2438 iactu,
694 2396 828 2430 valtero
846 2397 954 2430 oculo
972 2398 1152 2440 privatur.
1185 2407 1215 2429 c.
1233 2395 1288 2433 34.
1338 2394 1430 2436 Post
1455 2394 1550 2427 haec
1571 2393 1778 2437 Philippus,

314 2461 474 2493 vocatus
491 2466 515 2489 a
533 2453 743 2494 Thessalis,
760 2453 901 2486 bellum
923 2464 1118 2487 commune
1138 2455 1176 2486 in
1194 2451 1497 2497 Lycophronem,
1520 2450 1779 2485 Pheraeorum

316 2519 521 2562 tyrannum
533 2536 545 2556 ‚
568 2515 608 2547 et
624 2510 840 2546 Phocenses
857 2510 1065 2557 horumque
1084 2510 1217 2544 ducem
1236 2508 1514 2545 Onomarchum
1529 2509 1643 2554 gerit.
1679 2508 1777 2542 Ono-

410 2688 430 2722 1
460 2685 515 2716 De
538 2683 631 2727 pacis
649 2682 932 2723 conditionibus,
952 2689 991 2714 ut
1006 2682 1110 2723 alibi,
1135 2682 1215 2715 silet
1228 2681 1420 2714 Diodorus.

409 2734 432 2766 2
460 2730 563 2763 Conf.
589 2740 665 2772 cap.
684 2729 748 2770 59,
771 2729 837 2771 60,
865 2736 900 2762 et
929 2728 975 2762 ad.
1001 2740 1083 2762 eum
1109 2729 1231 2762 locum
1254 2726 1484 2770 Wcsselingii
1513 2723 1776 2756 annotationem

319 2789 418 2811 num.
432 2777 476 2812 93
494 2783 661 2812 notatam.
