1859 3326
296 188 389 228 4243
770 151 1293 216 ANNo'r2iT10NEs‘

297 295 579 352 perhibebatur.
634 289 736 329 Mihi
763 288 934 338 suspicio
963 296 1044 336 est,
1092 302 1215 339 neque
1244 291 1346 327 enim
1377 291 1590 328 asseverari
1611 296 1749 339 potest„

299 354 548 394 Menodotum
581 348 626 386 ab
660 360 704 384 eo
733 359 812 383 non
836 359 924 382 esse
959 346 1180 392 diversum,
1225 358 1336 394 quem
1357 345 1554 398 Diogenes
1575 346 1749 384 Laertius

298 412 403 451 L,11.
432 410 534 450 104.
556 412 594 443 et
614 402 762 442 lib.lX.
788 403 891 442 115.
912 408 1048 438 testem
1069 403 1290 452 adpellavit.
1348 402 1485 440 XVEss.

418 487 520 526 513.
552 483 627 522 90.
670 477 794 519 Κατὰ
816 473 1104 528 δὲῬαῃιαιόυς
1125 475 1150 531 ἡ
1172 475 1320 532 λεγεών
1340 480 1435 529 etc.]
1489 478 1587 516 Vide
1617 477 1752 515 distin-

300 547 401 582 ctius
423 548 462 580 in
488 538 749 577 describendis
770 535 987 586 legionibus
1009 538 1270 585 militumque,
1312 537 1380 584 qui
1398 539 1440 573 in
1459 536 1645 586 singulis,
1683 548 1754 571 nu-

299 615 404 640 mero
423 604 615 637 versatum
637 593 773 644 Polyb.
797 592 839 629 L.
852 591 899 628 11.
921 592 998 631 24.
1018 599 1057 629 et
1075 592 1142 629 lll.
1170 595 1272 634 107.
1298 600 1335 630 et
1354 592 1570 643 Appianum
1583 578 1754 628 Hannib.

301 673 338 710 p.
360 658 463 697 550.
522 653 657 690 Wess.

419 723 524 763 513.
556 720 629 759 93.
674 718 738 771 Τῇ
767 716 851 756 τῶν
880 711 1143 769 φθασάντων
1173 740 1221 746 —-
1247 715 1618 769 συνεπιτίθεσθαι]
1659 716 1756 754 Τῶν

302 776 567 822 πταισάντων
594 795 643 802 --·
670 771 1013 812 συνεπιτίθενται.
1049 770 1126 826 τὴν
1141 771 1220 827 γὰρ
1241 771 1384 826 ψυχὴν
1404 780 1480 811 etc.
1535 774 1664 811 Etiam
1693 771 1757 808 hio

303 844 416 876 cento
443 833 709 884 imperfectum
726 829 841 867 habet
862 843 1029 868 sensum.
1088 830 1224 870 RHOI).

420 904 525 943 513.
565 902 639 940 98.
675 895 906 950 Ἀργυριόυ
933 893 978 944 ἓξ
1009 895 1218 949 τάλαντα]
1279 898 1500 950 Legebatur
1539 894 1759 950 ἀργυριόυς

302 958 488 1002 τάλαντα
503 989 512 1005 ,
552 956 652 1007 quod
682 958 760 993 viri
786 955 890 991 docti
909 953 1114 993 Hoeschel.
1134 963 1172 993 et
1198 955 1384 993 Rhodum.
1408 956 1614 1005 prudenter
1629 959 1759 989 muta-

302 1024 446 1057 verunt
468 1020 507 1053 in
529 1010 725 1065 ἀργυρίου
750 1006 781 1057 ς’
805 1007 1002 1049 τάλαντα.
1060 1012 1132 1050 Est
1162 1020 1311 1060 tamen,
1356 1016 1421 1061 qui
1447 1012 1597 1048 numeri
1629 1017 1760 1046 notam

305 1080 524 1122 suspectam
548 1072 657 1115 facit,
686 1068 873 1117 Polybius
898 1067 940 1104 L.
965 1067 1027 1106 lV.
1056 1073 1150 1117 88.‚
1179 1071 1289 1119 plura
1309 1071 1455 1106 talenta
1471 1069 1517 1104 ab
1529 1066 1699 1103 Hierone
1721 1069 1761 1102 in

303 1130 476 1169 Rhodios
500 1127 773 1177 benignissime
794 1126 931 1161 collata
953 1127 1135 1163 referens.
1195 1125 1377 1162 Ceterum
1407 1127 1440 1161 si
1461 1123 1656 1161 Diodorus
1682 1129 1762 1160 ter—

303 1201 370 1226 rae
393 1196 609 1230 tremorem,
639 1194 712 1230 quo
735 1182 907 1217 colossus
929 1180 1103 1219 Rhodius
1123 1190 1160 1220 et
1179 1181 1338 1218 Rhodus
1358 1184 1441 1231 ipsa
1462 1181 1620 1227 corruit,
1650 1177 1762 1214 Han-

305 1246 433 1282 nibale
455 1246 495 1280 in
519 1241 630 1277 ltalia
653 1240 795 1276 bellum
812 1244 971 1287 gerente
993 1239 1180 1276 accidisse
1202 1241 1379 1286 censuit,
1422 1244 1465 1274 ut
1484 1249 1614 1273 rerum
1643 1238 1761 1271 series

305 1302 462 1340 videtur
486 1301 669 1342 innuere,
709 1297 750 1332 in
772 1306 900 1330 errore
922 1294 1009 1331 fuit.
1070 1294 1194 1332 Citius
1217 1298 1318 1332 enim
1339 1302 1441 1332 terra
1458 1295 1581 1330 movit
1603 1291 1763 1328 subver-

307 1370 446 1407 susque
475 1356 647 1391 colossus
680 1357 760 1396 est,
798 1353 855 1386 uti
878 1350 977 1388 (lona
998 1350 1152 1388 Seleuci
1174 1351 1352 1389 Callinici
1371 1359 1408 1388 et
1428 1349 1615 1400 Antigoni
1636 1347 1762 1384 Doso-

306 1417 390 1460 nis,
429 1413 474 1448 de
502 1410 638 1460 quibus
669 1407 877 1456 Polybius,
919 1411 1179 1457 expostulant.
1240 1408 1342 1458 Lege
1364 1408 1532 1445 Simson.
1553 1405 1695 1442 Chron.
1716 1404 1762 1440 ad

307 1484 398 1507 ann.
424 1470 528 1508 377.
587 1465 703 1501 Forte
726 1462 943 1511 Diodorus,
986 1464 1169 1502 Hieronis
1188 1472 1370 1512 mortem,
1412 1477 1524 1513 quam
1545 1462 1616 1499 hoc
1637 1462 1764 1498 conti-

306 1529 411 1578 gisse
432 1534 599 1574 tempore
619 1521 802 1567 Excerpt.
824 1519 989 1558 Peiresc.
1017 1535 1054 1571 p.
1078 1524 1184 1562 281.
1213 1522 1410 1569 indicant,
1447 1521 1643 1566 reserenS,
1683 1520 1766 1555 eius

306 1587 346 1622 in
371 1584 497 1633 elogio
513 1608 523 1628 ,
555 1580 665 1616 istius
688 1580 729 1614 in
747 1575 920 1615 Rhodios
944 1579 1185 1616 liberalitatis
1205 1580 1444 1616 meminerat.
1498 1576 1636 1614 VVESS.

425 1659 528 1698 513.
558 1659 602 1697 2.
635 1651 695 1695 ‘H
720 1657 795 1694 νῦν
825 1652 1059 1707 καλουμένη
1088 1651 1389 1701 Φιλιππόπολις
1409 1656 1508 1701 etc.]
1562 1651 1690 1689 Habet
1719 1662 1767 1687 cx

307 1716 471 1765 Polybio
501 1714 543 1751 L.
564 1714 608 1751 V.
642 1714 745 1753 100.
786 1709 1044 1758 ΖΙΙακεὸόνας
1077 1709 1118 1750 δ”
1151 1711 1373 1758 εἶσοικίσας
1408 1707 1649 1764 (Philippus)
1687 1709 1768 1745 (Di-

306 1773 459 1812 λίππου
482 1768 556 1822 τὴν
579 1766 698 1808 πόλιν
719 1767 809 1808 ἀντὶ
834 1767 990 1818 Θηβῶν
1022 1763 1330 1819 κατωνόμασεν.
1368 1780 1443 1816 quo
1465 1770 1549 1804 loco
1573 1779 1659 1802 cum
1679 1764 1769 1800 Pal-

307 1832 448 1866 merius
481 1826 714 1872 Φιλίππους
740 1822 816 1877 τὴν
845 1822 963 1863 πόλιν
984 1827 1165 1875 corrigit,
1193 1826 1271 1862 viri
1292 1826 1503 1861 sollertiam
1523 1822 1660 1868 laud03
1698 1833 1769 1856 nec

308 1898 447 1934 sequor
470 1892 608 1921 tamen.
664 1882 771 1920 Haec
795 1881 988 1930 Excerpta
1013 1881 1251 1932 Polybianae
1287 1884 1500 1930 scripturae
1523 1880 1771 1928 patrocinan-

307 1949 395 1988 tur,
441 1952 563 1989 neque
598 1946 711 1977 nocet
739 1938 946 1975 admodum
973 1937 1205 1986 Stephanus.
1263 1937 1360 1974 Nam
1381 1938 1499 1975 ceteri
1520 1938 1586 1974 isti
1606 1936 1773 1984 scripto-

306 2012 392 2044 res,
422 2010 517 2046 quos
539 1996 799 2033 testimonium
825 1995 949 2032 dicere
975 1996 1102 2041 iussit,
1130 1994 1330 2042 Philippos
1354 1993 1543 2033 Thraciae
1561 1992 1769 2029 manifesto

308 2068 435 2092 errore
462 2055 502 2090 in
527 2052 770 2089 Thessaliam
791 2058 1116 2101 transportarunt.
1173 2051 1311 2091 VVESS.

425 2131 529 2170 514.
561 2130 605 2168 4.
651 2127 738 2168 Καὶ
775 2123 922 2181 μύρων
960 2125 1168 2166 παντοίων
1197 2126 1264 2166 καὶ
1299 2125 1501 2172 παντοίας
1521 2125 1623 2176 πα]
1669 2124 1769 2161 Ante

308 2186 402 2224 haec
424 2188 550 2223 insere
573 2187 743 2237 χρῆσις,
774 2192 854 2221 tum
876 2183 943 2222 καὶ
967 2179 1111 2235 μύρων
1131 2182 1339 2222 παντοίων
1360 2181 1611 2222 πολυτέλεια.
1670 2180 1770 2217 Tres

308 2251 435 2281 autem
456 2256 570 2280 voces
600 2241 667 2280 καὶ
689 2240 890 2286 παντοίας
911 2241 1074 2292 τρυφῆς
1092 2242 1357 2288 supposititiae
1378 2240 1570 2277 videntur.
1628 2236 1769 2274 RHoD.

308 2300 393 2339 Καὶ
414 2299 607 2350 Διιαλακῆς
628 2295 748 2349 εὐνῆς
768 2296 834 2335 καὶ
853 2292 999 2347 μύρων
1023 2294 1128 2347 etc.]
1166 2295 1275 2333 Nihil
1304 2297 1395 2333 addi
1424 2296 1535 2332 debet
1557 2307 1681 2344 neque
1702 2308 1770 2331 au-

307 2358 424 2403 feri-13
468 2362 615 2392 tantum
641 2352 844 2398 παντοίας
866 2354 1027 2404 τροφῆς
1049 2352 1195 2400 scribe,
1237 2360 1274 2389 et
1295 2366 1388 2390 sana
1410 2354 1539 2397 omnia
1560 2352 1770 2401 praestabit

309 2421 442 2450 auctor
473 2414 553 2461 ipsc
587 2413 628 2447 in
658 2410 843 2458 Excerpt.
887 2409 1178 2456 Vales.p.278.
1239 2408 1507 2459 Descripserat
1528 2408 1587 2445 his
1608 2408 1770 2457 Campa-

308 2483 379 2505 nas
414 2469 596 2512 delicias,
637 2467 776 2515 quibus
805 2478 893 2502 acer
926 2467 992 2501 ille
1012 2473 1048 2501 et
1070 2478 1189 2512 paene
1215 2466 1384 2503 invictus
1407 2465 1639 2502 Hannibalis
1659 2478 1769 2501 exer-

309 2529 409 2562 citus
438 2527 547 2574 plane
581 2524 770 2559 infractus
801 2531 870 2558 est.
932 2521 1065 2571 ltaque
1096 2519 1172 2573 τὴν
1194 2521 1269 2572 μὲν
1291 2520 1484 2572 μαλακὴν
1505 2521 1571 2560 καὶ
1595 2544 1642 2548 -
1665 2515 1768 2559 ὑπο-

307 2579 440 2633 μονῆν
474 2580 572 2616 nihil
604 2579 676 2615 hoc
707 2580 858 2628 quidem
894 2579 980 2614 loco
1021 2584 1088 2614 est.
1157 2576 1416 2615 Succurrebat
1452 2577 1768 2623 Rhodomannm,

309 2637 385 2689 τῂν
410 2634 465 2688 μὴ
489 2633 682 2687 μαλακὴν
705 2635 986 2672 substitucndo.
1048 2635 1200 2677 Quanto
1224 2637 1370 2672 rectius
1392 2637 1551 2685 ipsemet
1570 2641 1705 2672 auctor
1729 2635 1768 2670 in

308 2694 513 2744 Excerptis
541 2693 619 2730 illis
648 2688 724 2743 τὴν
755 2690 830 2742 μὲν
853 2688 983 2742 ἀλκὴν
1005 2691 1072 2729 καὶ
1095 2698 1167 2728 etc.
1226 2691 1364 2730 VVESS.

427 2771 531 2810 514.
561 2770 633 2809 ll.
661 2766 747 2808 Καὶ
766 2764 841 2813 τὰς
860 2763 998 2813 πόλεις
1018 2762 1270 2819 τῆςεΡώμης
1290 2765 1544 2821 Βρεττανίας
1565 2764 1659 2819 ete.]
1692 2767 1767 2803 Pro

311 2826 566 2879 Βρεττανίας
592 2825 874 2862 restituendum
903 2823 1118 2877 Bpenlag.
1177 2823 1315 2861 RHOI).
1390 2822 1474 2862 Καὶ
1506 2823 1581 2871 τὰς
1609 2846 1666 2853 ψ*
1695 2826 1768 2874 τῆς
