1859 3326
292 229 356 271 58
755 225 1287 267 ANNOTATIONES

286 342 362 380 rid.
381 355 420 392 p.
446 341 519 384 81.
551 338 686 378 Cicero
715 340 869 390 quidem
899 339 1010 390 Disp.
1033 340 1193 380 Tuscul.
1223 341 1268 381 L.
1289 341 1318 378 Ι.
1346 342 1418 382 16.
1446 341 1567 378 multa
1587 341 1742 378 saecula

289 402 346 437 sic
366 400 537 449 viguisse
558 396 888 448 Pythagoreorum
909 411 1048 436 nomen
1068 399 1256 445 adfirmat,
1285 405 1330 435 ut
1351 399 1449 435 nulli
1469 399 1536 434 alii
1556 396 1660 434 docti
1680 400 1741 434 vi-

289 456 487 501 derentur,
517 453 583 491 sed
604 455 751 491 laxiore
773 454 942 492 dictione
962 468 1066 504 usuS,
1097 467 1235 504 eosque
1256 453 1587 506 Pythagoreorum
1605 466 1741 490 nume-

288 525 334 551 ro
355 511 580 556 includens,
617 512 684 560 qui
708 523 757 548 ex
779 518 884 548 secta
904 511 1039 549 Italica
1059 525 1167 550 suam
1195 515 1236 550 in
1259 511 1428 549 scholam
1455 511 1637 560 pleraque
1659 516 1741 548 tra-

291 570 495 607 duxerant.
523 566 660 604 WEss.

406 627 480 666 62.
508 625 579 664 19.
618 619 843 673 ΖΙἸέμνη-ται
875 618 953 676 γὰρ
983 625 1057 674 τῆς
1077 619 1387 674 Ἐπαμινώνδου
1409 623 1625 674 τελευτῆς]
1658 621 1742 659 Me-

288 683 405 720 minit
435 688 630 731 praeterea
659 680 767 716 necis
787 679 997 717 Alexandri
1017 679 1227 718 Pherarum
1257 681 1415 730 tyranni
1435 678 1587 716 Hellen.
1611 678 1654 716 L.
1672 678 1740 715 VI.

291 751 326 788 p.
349 739 456 779 480.
477 736 594 774 Cuius
615 735 751 773 caedes
771 749 856 773 cum
877 738 1084 786 contigerit
1103 751 1205 775 anno
1228 736 1382 786 Olymp.
1403 746 1468 772 cv.
1491 743 1640 784 quarto,
1672 748 1742 773 ve-

288 808 373 833 rum
393 807 477 830 esse
498 806 574 829 non
598 798 737 840 potest,
747 792 848 841 quod
869 805 916 829 ex
929 791 1133 830 Stesiclide
1155 793 1384 830 Atheniensi
1403 792 1576 841 prodidit
1596 790 1742 842 Dioge-

289 865 358 889 nes
371 850 546 887 Laertius
565 848 606 886 L.
622 848 670 887 ll.
697 849 780 896 56,
791 848 1091 898 Xenophontem
1110 863 1212 887 anno
1234 850 1389 900 Olymp.
1411 859 1475 885 cv.
1496 849 1620 896 primo
1639 860 1743 884 mor-

288 916 365 945 tem
388 921 473 943 cum
503 908 587 944 vita
618 914 871 942 conmutasse.
901 905 953 942 Et
976 908 1094 957 vulgo
1116 914 1241 943 tamen
1264 908 1436 955 plerique
1461 918 1595 941 omnes
1619 903 1743 940 Stesi-

289 964 380 1001 elidi
393 970 430 1000 et
442 961 912 1012 Diogeniadstipulantur.
943 960 1120 1000 Ceterum
1143 965 1286 1011 praelio
1298 963 1345 1002 ad
1364 961 1601 999 Mantineam
1618 961 1742 998 filium

291 1021 471 1070 Gryllum
490 1019 629 1064 amisit,
660 1021 769 1055 cuius
789 1026 949 1056 mortem
969 1027 1171 1068 provectae
1193 1021 1330 1056 aetatis
1353 1031 1471 1055 senex
1494 1025 1636 1066 quanta
1656 1019 1742 1054 ani-

288 1080 343 1114 mi
367 1076 584 1113 constantia
608 1076 868 1121 intellexerit,
909 1075 1020 1113 docet
1047 1075 1198 1114 Aelian.
1232 1075 1321 1112 Var.
1346 1074 1447 1111 Hist.
1470 1074 1514 1111 L.
1537 1074 1605 1111 Ill.
1631 1074 1672 1113 3.
1704 1079 1743 1110 et

287 1134 342 1172 Io.
367 1132 557 1170 Stobaeus
578 1130 655 1169 Tit.
677 1130 760 1168 Vll.
783 1143 818 1178 p.
843 1132 928 1178 89„
956 1132 1023 1169 ubi
1044 1145 1162 1181 prave
1183 1131 1224 1170 ἐν
1247 1131 1492 1170 Σκιαλοῦντι
1517 1143 1621 1168 nunc
1643 1131 1741 1180 legi-

287 1198 363 1228 tur.
405 1188 572 1226 Dederat
599 1189 679 1237 ipse
709 1185 749 1225 ἐν
772 1186 1034 1236 Σκιλλοῦντι,
1065 1191 1179 1226 sicuti
1197 1187 1442 1240 ‹ax-Diogene
1462 1187 1510 1225 11.
1535 1189 1606 1228 52.
1627 1199 1741 1224 nemo

287 1248 468 1299 ignorare
493 1251 630 1294 potest.
674 1243 808 1281 W'ESS.

403 1304 476 1343 62.
512 1301 587 1340 24.
627 1296 807 1345 Κόϊντος
833 1295 1057 1353 Σερούϊος]
1096 1299 1273 1338 Restitue
1303 1299 1565 1352 Σερούῗλιος,
1601 1306 1640 1336 et
1670 1312 1740 1348 pro

292 1354 461 1407 Φάνιος,
497 1353 669 1408 Φάβιος.
698 1355 902 1394 Omittitur
921 1365 1045 1393 autem
1071 1354 1248 1409 ΠΙάρκος
1269 1352 1502 1407 Κορνήλιος
1521 1370 1543 1393 a
1566 1355 1678 1393 Livio
1701 1362 1741 1391 et

286 1416 417 1454 Fastis
437 1415 552 1451 simul
574 1413 704 1450 editis.
733 1412 868 1450 RHOD.
908 1412 1143 1464 Σερουΐλιος
1166 1416 1248 1450 sine
1273 1413 1390 1449 dubio
1412 1426 1547 1450 verum
1568 1419 1637 1449 est.
1666 1411 1741 1448 Er·

286 1485 353 1510 ror
375 1472 535 1508 debetur
554 1471 743 1518 librariis,
778 1465 974 1521 Σερούϊον
1002 1477 1041 1507 et
1066 1470 1304 1519 Σεροι,·”ί·7.ιον
1319 1477 1484 1517 utroque
1504 1472 1544 1506 in
1565 1481 1741 1505 sermone

287 1528 524 1566 confundere
551 1527 733 1563 adsuetis.
772 1525 817 1563 In
841 1529 1003 1573 ceteris,
1028 1527 1141 1564 modo
1169 1522 1323 1571 (βάνιος
1352 1528 1394 1564 in
1424 1521 1585 1574 Φάβιος
1616 1525 1741 1573 abeat,

287 1585 400 1623 Livio
429 1585 536 1620 nulla
565 1596 650 1620 cum
670 1582 816 1620 Nostro
837 1583 1028 1620 discordia
1048 1591 1123 1620 est:
1165 1596 1256 1619 nam
1281 1582 1332 1619 M.
1354 1581 1598 1628 Cornelium,
1628 1594 1742 1630 quem

289 1643 415 1681 omitti
447 1647 557 1677 notat
586 1638 910 1686 Rhodomannus‚
944 1640 1102 1689 reliquis
1124 1646 1372 1684 annumerat,
1403 1646 1673 1687 praetereaque
1694 1639 1740 1681 Q.

290 1698 526 1743 Quinctium.
567 1695 652 1733 Hoc
685 1702 811 1734 tamen
840 1699 941 1732 inter
971 1704 1175 1746 utrumque
1198 1699 1383 1743 interest,
1412 1695 1514 1743 quod
1535 1695 1742 1732 Livianum

287 1755 613 1805 quinquennium,
656 1764 729 1800 quo
762 1754 861 1789 nulli
895 1754 1143 1803 magistratus
1174 1754 1333 1790 fuerunt
1361 1753 1537 1799 curules,
1577 1751 1741 1788 necdum

287 1815 447 1850 exierat.
479 1809 564 1846 Vid.
584 1810 723 1846 librum
745 1812 826 1846 eius
847 1814 996 1847 sextum
1023 1822 1055 1846 c.
1077 1810 1150 1849 36.
1180 1809 1319 1846 Wass.

402 1868 474 1908 62.
501 1867 575 1905 33.
606 1864 806 1915 Λασίων]
838 1864 935 1902 Urbi
953 1868 1095 1902 iustum
1114 1878 1254 1902 nomen
1274 1864 1444 1903 reddidit
1462 1861 1558 1914 Reg.
1572 1862 1741 1911 2.‚quod

287 1925 429 1970 ceteri,
459 1923 503 1959 de
526 1923 662 1972 quibus
683 1921 725 1959 L.
747 1922 854 1959 XIV.
883 1924 965 1969 17,
985 1930 1110 1960 ratum
1130 1922 1286 1959 habent.
1328 1920 1475 1972 Regio,
1505 1921 1612 1956 cuius
1631 1920 1741 1968 oppi-

288 1983 378 2019 dum
400 1980 561 2026 Lasion,
593 1979 800 2031 Τριφυλία
823 1978 1018 2026 Diodoro,
1050 1978 1233 2015 Straboni
1255 1977 1298 2017 L.
1322 1977 1424 2015 vlu.
1445 1990 1481 2025 p.
1509 1978 1612 2016 519.
1638 1975 1678 2012 C.
1703 1982 1742 2013 et

288 2037 484 2087 Stephano
504 2036 644 2073 dicitur
668 2032 747 2073 ἀπὸ
770 2038 844 2075 τοῦ
870 2035 964 2086 τρία
985 2050 1008 2088 q
1019 2035 1097 2073 ma
1120 2032 1458 2085 συνεληλυθέιάι,
1487 2033 1587 2082 apud
1602 2033 1739 2082 Polyb.

287 2096 330 2133 L.
354 2094 416 2131 lv.
432 2095 503 2132 77.
530 2091 766 2145 Τρυᾳαλία,
787 2088 866 2130 ἀπὸ
894 2086 1121 2144 Τρυᾳιάλου
1141 2093 1215 2130 τοῦ
1231 2086 1431 2143 Ἀρκάδος
1453 2085 1613 2135 παιδός,
1631 2088 1743 2125 Ruh-

287 2153 397 2191 nium
420 2150 553 2187 confer
572 2148 619 2185 ad
643 2148 854 2186 Pausaniae
873 2147 915 2184 L.
936 2148 980 2185 V.
1006 2149 1044 2187 5.
1071 2147 1208 2185 Wssss.

403 2208 477 2246 62.
520 2206 592 2245 38.
637 2202 895 2258 Ἀφῃροῦντο
925 2200 1080 2254 ταύτην
1118 2207 1202 2243 τῶν
1235 2198 1466 2253 Ἀρκάὸων
1499 2198 1537 2240 οἳ
1563 2197 1741 2253 Haeret]

288 2262 510 2311 Xenophon
531 2269 590 2298 est
609 2261 799 2299 videndus
820 2260 861 2298 L.
883 2260 965 2298 VH.
988 2259 1141 2300 Hellen.
1168 2273 1204 2310 p.
1229 2260 1337 2301 497.
1359 2265 1398 2295 et
1416 2258 1552 2309 Polyb.
1574 2257 1638 2297 [V.
1666 2260 1739 2298 74.

287 2320 424 2359 wass.

404 2375 477 2416 63.
511 2374 582 2413 52.
613 2369 827 2426 ΠΙάργανα
850 2371 916 2412 καὶ
936 2368 1116 2426 Κρόνιον
1138 2371 1238 2424 ctc.]
1285 2372 1409 2420 Saepe
1429 2379 1578 2409 veteres
1602 2372 1743 2410 Cranii

290 2433 374 2470 sive
396 2433 506 2469 collis
527 2429 699 2467 Saturno
724 2432 836 2476 sacri,
868 2443 983 2480 prope
1004 2429 1191 2480 Alpheum
1213 2432 1252 2467 in
1273 2429 1445 2466 Pisatide
1465 2431 1737 2467 meminerunt.

287 2489 480 2530 Pindarus
510 2482 689 2538 Κρόνιον
719 2483 874 2537 ὄχθον,
908 2481 1074 2538 Κρόνου
1116 2482 1247 2538 πάγον
1289 2493 1327 2523 et
1359 2483 1575 2537 εὔδενδρον
1605 2482 1738 2535 ὄχθον

289 2541 458 2597 Κρόνου
486 2544 608 2581 variis
636 2544 732 2580 locis
763 2542 943 2590 adpellat.
989 2543 1076 2580 vid.
1097 2541 1295 2579 Maussae.·
1314 2542 1362 2578 ad
1382 2541 1483 2581 Plut.
1509 2542 1554 2578 de
1572 2541 1739 2578 Flumin.

291 2604 335 2640 in
357 2600 521 2653 Alpheo,
536 2599 668 2651 Neque
690 2600 850 2637 obscura
871 2601 1026 2635 nomina
1046 2605 1136 2635 sunt
1154 2599 1392 2650 Coryplmsii
1410 2606 1446 2635 et
1468 2598 1739 2649 Cyparissiae,

290 2671 386 2708 quae
407 2656 602 2705 Stephano
615 2683 626 2702 ,
653 2663 695 2694 ut
714 2656 809 2693 bene
828 2655 1101 2693 animadvertit
1118 2654 1344 2702 Berkelius,
1372 2668 1569 2704 perperam
1592 2654 1739 2692 Κυπα-

290 2712 472 2768 ρισσαιά.
510 2711 648 2749 Strabo
669 2719 872 2760 utrumque
899 2711 1080 2760 oppidum
1099 2715 1300 2763 coniungit
1321 2711 1366 2751 L.
1388 2711 1487 2749 Vlll.
1507 2723 1542 2759 p.
1567 2709 1739 2756 550.B.‚

290 2780 519 2820 quamquam
543 2776 581 2804 et
608 2767 898 2818 Kvnapmot'va
920 2781 1036 2816 prave
1065 2769 1198 2805 eodem
1229 2770 1295 2805 lib.
1330 2781 1366 2818 p.
1399 2769 1503 2807 535.
1525 2765 1565 2804 C.
1599 2766 1737 2803 scribi-

290 2834 367 2865 tur.
407 2827 453 2863 ln
481 2826 696 2875 „Marganis
730 2825 885 2862 dubium
919 2832 999 2870 est,
1032 2832 1186 2861 rectene
1206 2833 1362 2862 exarata
1382 2826 1473 2861 sint.
1501 2822 1606 2859 Idem
1633 2823 1739 2858 enim

289 2886 355 2922 ille
380 2882 522 2920 Strabo
543 2881 584 2919 L.
607 2881 710 2919 Vlll.
735 2895 770 2931 p.
797 2882 901 2921 537.
926 2884 965 2921 8.
997 2876 1039 2918 αἱ
1064 2883 1136 2919 νῦν
1165 2877 1394 2933 ,Πῖἶαργάλαι
1423 2882 1496 2931 τῆς
1520 2873 1740 2930 Ἀμφιπό-
