1891 3310
442 179 506 218 ΙΝ
534 179 648 220 LlB.
679 178 814 217 XIX.
842 177 970 216 CAP.
994 179 1136 221 48.-
1159 182 1231 219 51.
1476 185 1571 224 295

107 304 192 332 eam
223 292 522 340 conscenderet,
549 293 692 344 refert,
725 290 791 328 sed
819 304 900 329 rem
929 304 953 327 a
982 289 1200 335 Cassandro
1232 291 1352 329 fuisse
1375 296 1570 345 cognitam

109 349 152 387 1..
175 349 239 388 1V.
264 351 306 388 2.
327 350 368 388 3.
395 347 535 385 wass.

221 406 325 445 356-
356 406 428 444 63
465 401 666 454 Οἲοιιένου
687 401 732 443 δέ
749 403 832 442 δεῖ]
853 405 927 442 τοῦ
940 397 1223 468 Κασσάνδρου
1242 399 1293 442 τὰ
1313 401 1410 442 καθ’
1435 401 1565 457 αὑτὴν

104 458 206 513 etc.]
248 460 437 510 Suspecta
468 473 547 496 non
572 461 713 507 fuisse,
755 473 851 510 quae
886 459 1118 507 edebantur,
1146 460 1269 496 miror
1299 459 1563 499 vehementer:

95 520 314 554 ‚consistere
335 524 436 554 certe
467 518 635 553 invicem
655 517 731 553 sibi
760 517 997 566 pugnantia,
1026 529 1103 554 non
1126 523 1282 565 queunt.
1335 514 1379 553 Si
1401 519 1502 554 enim
1523 532 1563 555 se

103 586 246 622 suaque
279 575 407 611 onmia
432 573 574 610 victori
599 571 801 621 Olympias
820 575 1016 621 permisit,
1047 585 1125 609 non
1150 575 1280 619 utique
1310 575 1484 621 corporis
1503 577 1564 611 sui

102 631 264 667 salutem
284 636 394 678 pacta
416 636 492 665 est:
519 635 627 664 tanto
657 630 805 675 minus,
834 643 917 666 cum
940 632 1021 678 ipsa
1043 631 1179 674 aliter,
1210 634 1255 665 ut
1277 631 1438 679 vulgata
1461 631 1562 666 fere-

101 686 215 731 bant,
252 692 437 722 censeret.
489 683 704 733 Sequamur
738 686 868 732 potius
906 687 1070 733 scriptos
1101 685 1221 722 libros
1273 691 1311 721 et
1351 694 1562 733 vertamus,

100 755 263 792 cumque
288 741 515 779 Cassander
535 741 836 787 arbitraretur,
862 742 1002 778 debere
1024 755 1110 779 eam
1133 743 1263 778 omnia
1282 754 1355 778 sua
1376 743 1452 778 sibi
1464 755 1562 793 per-

98 800 271 845 mittere,
305 796 524 846 dzfficulter
538 799 766 849 persuasit,
791 805 835 834 ut
851 805 924 834 etc.
955 796 1204 849 Ἐπιτρέπειν
1234 795 1283 836 τὰ
1308 798 1398 849 περὶ
1421 795 1560 838 αὑτῶν

96 857 182 892 sive
211 851 264 893 τὰ
290 852 388 893 καθ’
426 850 555 893 αὑτὸν
590 855 773 902 frequens
804 855 987 903 scriptori
1007 861 1144 891 nostro
1173 860 1254 900 est,
1286 867 1408 903 neque
1445 855 1561 892 ‹lissi-

96 912 187 948 mile
206 910 411 947 admodum
439 911 657 961 Polybiano
676 909 820 950 δοῦναι
849 907 1072 963 ἐπιτροπὴν
1100 909 1193 963 περὶ
1217 905 1376 960 αὑτῶν,
1409 911 1455 948 de
1483 923 1559 960 quo

93 968 204 1004 alias.
232 966 372 1004 Wnss.

85 1064 87 1066 .
209 1023 314 1063 356.
347 1025 420 1063 77.
463 1017 657 1075 Φυγόντα
688 1045 737 1052 —-
766 1021 822 1069 εἷς
840 1020 974 1061 Βέὃυν
991 1021 1306 1073 &mammonam
1327 1018 1559 1074 ἐξεπολιόρ-

95 1081 220 1130 κησε]
261 1078 404 1117 Urbem
431 1078 571 1129 Bedyn
601 1081 729 1131 legere
762 1092 841 1116 non
868 1081 1038 1118 memini.
1079 1077 1212 1125 Βέδος
1231 1100 1279 1107 —-
1301 1075 1419 1124 πόλις
1439 1082 1560 1117 estin

94 1134 308 1186 Hesychio,
333 1150 371 1173 sr
376 1136 400 1173 d
422 1137 623 1173 literarum
643 1138 762 1173 series
783 1142 823 1172 et
841 1135 918 1185 Ety
922 1136 1097 1186 mologus
1116 1135 1288 1182 Βεῦὸος,
1311 1135 1412 1185 quod
1432 1135 1558 1186 Phry-

94 1194 182 1246 giae
202 1193 404 1242 oppidum,
430 1196 646 1242 requirunt.
678 1191 818 1229 Parum
836 1195 951 1229 etiam
971 1193 1098 1240 placet
1129 1187 1560 1244 ὸιαστοατοπεὸευσᾳς

93 1252 177 1286 sive
197 1244 734 1301 ὁιαηεριστρατοπεὸεύσας.
775 1247 847 1285 Cui
875 1251 975 1286 enim
999 1249 1098 1285 bono
1121 1249 1188 1284 illa
1215 1247 1458 1297 conpositio?
1498 1249 1557 1285 Ab

82 1307 172 1348 ‚illis
211 1306 418 1353 disseptum
450 1307 775 1354 praepositionem
808 1302 876 1343 διὰ
915 1307 948 1342 si
987 1305 1232 1353 praecedenti
1263 1305 1473 1350 vocabulo,
1516 1312 1558 1342 ut

92 1369 269 1411 oportere
296 1362 487 1408 arbitror,
525 1362 785 1411 adstruxeris,
822 1368 1004 1399 nascetur
1033 1356 1262 1407 Βεδύνδια,
1295 1367 1409 1410 prout
1438 1360 1557 1398 Basil.

93 1419 233 1456 voluit.
263 1417 315 1455 At
334 1432 451 1469 aeque
476 1418 514 1455 id
534 1419 749 1455 obscurum.
781 1419 875 1462 Quis
896 1420 998 1455 enim
1017 1417 1137 1457 ΒΕΔ
1147 1417 1335 1456 ΥΝΔῙΑ
1355 1420 1437 1454 sive
1459 1418 1553 1456 BE-

90 1474 357 1522 AYNAIA
389 1474 489 1511 unde
524 1476 688 1511 aiterum
715 1475 755 1511 id
777 1476 957 1524 progigni
989 1476 1134 1524 potuit,
1164 1473 1417 1514 memoravit?
1458 1473 1556 1511 Erat

91 1544 177 1567 cum
199 1531 244 1567 de
262 1531 473 1579 Bendiclio,
506 1543 581 1579 quo
605 1531 651 1567 de
671 1531 712 1567 Ι
704 1533 804 1568 1vius
826 1531 984 1572 XXXV
992 1530 1055 1567 111
1076 1532 1165 1577 41„
1187 1531 1419 1581 cogitarem,
1451 1531 1553 1579 quod

91 1588 166 1624 etsi
187 1601 209 1624 a
229 1586 387 1624 Bisaltis
408 1589 563 1637 longius
581 1588 698 1624 fuerit
718 1588 970 1634 disiunctum,
998 1594 1150 1624 constat
1170 1585 1408 1632 Thracibus,
1435 1601 1455 1623 e
1477 1601 1551 1636 quo

87 1656 231 1694 genere
252 1651 290 1680 et
307 1643 491 1690 Bisaltae,
519 1642 684 1680 Dianam
709 1642 854 1683 Βένὸιν
873 1645 993 1680 fuisse
1010 1643 1164 1691 dictam,
1191 1657 1333 1693 suaque
1356 1644 1429 1680 sibi
1446 1643 1555 1680 Ben—

88 1701 183 1738 dida
203 1711 270 1748 per
288 1708 440 1738 vastum
470 1702 643 1750 regionis
663 1702 745 1737 eius
770 1708 937 1737 tractum
959 1699 1151 1738 habuisse.
1199 1700 1341 1737 Verum
1367 1699 1468 1737 nihil
1487 1700 1555 1738 de-

89 1769 249 1793 cernere
268 1758 387 1793 tutius
407 1764 476 1793 est.
502 1757 638 1793 Wnss.

203 1814 311 1853 356.
347 1815 420 1854 80.
458 1810 544 1852 Τὸν
566 1809 728 1863 ΕὐμεΉιη
753 1811 887 1861 ζῶντα
907 1807 1162 1865 ἡγούμενος]
1194 1810 1369 1854 Retineri
1381 1811 1461 1850 hoc
1482 1824 1551 1861 po-

88 1874 179 1906 test.
208 1868 372 1906 Dubites
401 1876 531 1906 tamen
560 1867 653 1906 haec
685 1870 815 1919 glossa
838 1871 909 1914 sit,
940 1882 989 1906 an
1011 1882 1143 1905 eorum
1164 1869 1373 1916 librorum,
1404 1869 1445 1905 in
1464 1871 1552 1919 qui-

86 1925 158 1962 bus
176 1924 249 1964 τὸν
267 1922 477 1975 Εὐμένους
493 1920 684 1964 &arator
703 1940 750 1964 ου
776 1921 1017 1975 πυθόμενος
1050 1927 1133 1962 sive
1155 1921 1335 1976 ἀγνοῶν,
1380 1925 1420 1961 id
1442 1938 1552 1962 nam-

87 1993 161 2031 que
183 1981 280 2033 Reg.
304 1995 378 2018 sec.
403 1984 573 2019 voluisse
599 1981 765 2019 videtur.
795 1980 936 2018 Verum
956 1995 1017 2018 res
1036 1981 1170 2018 eodem
1189 1981 1303 2018 redit.
1327 1981 1469 2019 WVESS.

200 2039 307 2077 357.
342 2039 414 2078 89.
444 2035 530 2077 Διά
548 2034 624 2089 τὴν
642 2035 736 2089 παρ’
754 2035 824 2076 Ἀ)
828 2033 1025 2090 εξάνδοου
1047 2035 1321 2092 προαγωγὴν]
1351 2038 1449 2075 Vide
1467 2044 1550 2077 not.

86 2094 132 2132 in
148 2107 230 2142 cap.
251 2095 325 2134 35.
357 2093 470 2131 huius
489 2094 592 2134 libri,
624 2094 760 2131 Wess.

201 2152 309 2191 357.
344 2151 416 2190 13.
456 2141 517 2189 Of·
520 2165 582 2190 τοι
598 2149 675 2200 μὲν
697 2165 771 2189 ουν
794 2145 1141 2203 παρεισπεσόντες
1153 2150 1246 2200 ete.]
1277 2150 1390 2188 Libet
1406 2151 1549 2188 addere

82 2206 225 2245 Iustini
245 2207 364 2244 verba
384 2205 426 2244 L.
444 2205 552 2246 xlv.
570 2209 624 2255 6.
643 2206 736 2243 haec
756 2209 851 2243 mire
869 2206 1132 2246 adfirmantia:
1167 2208 1239 2245 sed
1261 2207 1466 2258 Olympias
1484 2208 1552 2245 ubi

88 2263 308 2301 obstinatos
326 2265 463 2301 venire
481 2265 537 2301 ad
552 2276 594 2300 se
618 2269 799 2300 armatos
830 2264 952 2310 vidit,
981 2271 1089 2301 veste
1113 2265 1266 2314 regali,
1295 2265 1457 2303 (lembus.
1473 2278 1546 2301 an-

87 2321 192 2358 cillis
217 2322 357 2357 innixa
385 2320 666 2357 ultro-obviam
679 2320 878 2371 procedit.
924 2320 1014 2366 Qua
1033 2323 1138 2368 visa,
1155 2333 1418 2371 percussores
1438 2328 1549 2358 atto—-

86 2376 354 2423 nitifortuna
376 2379 602 2414 maiestatis
612 2379 792 2429 prioris,
818 2383 856 2413 et
876 2384 935 2413 tot
956 2379 994 2414 in
1018 2391 1066 2414 ea
1094 2379 1307 2415 memoriae
1331 2391 1546 2415 occurren-

89 2433 191 2470 tibus
216 2445 352 2482 regum
370 2446 529 2471 suorum
547 2434 784 2480 nominibus,
811 2433 1095 2482 substiteruntg.
1122 2435 1244 2471 donec
1268 2449 1293 2471 a
1318 2435 1545 2472 Cassandro

90 2491 203 2526 missa·
231 2496 342 2537 sunt,
371 2491 441 2540 qui
461 2503 547 2526 eam
570 2490 854 2537 confoderent,
879 2502 956 2527 non
984 2489 1252 2539 refugientem
1271 2492 1448 2540 gladium
1473 2504 1547 2528 nec

88 2547 280 2592 vulnera,
317 2553 393 2583 aut
417 2546 663 2583 muliebriter
692 2545 995 2592 vociferantem.
1043 2545 1111 2583 Sic
1139 2548 1216 2584 ille.
1258 2546 1471 2584 Pausaniae
1503 2545 1546 2584 L.

90 2601 162 2640 IX.
186 2604 226 2643 7.
258 2602 475 2639 dissensum
502 2604 579 2640 viri
600 2602 704 2640 docti
733 2601 874 2638 dudum
897 2603 1264 2641 notarunt.·VVESS.

204 2660 309 2698 357.
340 2659 414 2698 23.
439 2655 634 2710 Ἀδελτρὴ
655 2657 698 2698 δὲ
710 2653 980 2711 Ἀλεξάνδρου
999 2661 1073 2697 τοῦ
1093 2654 1424 2710 στρατεύσαντος
1440 2656 1544 2710 etc.]

93 2714 139 2752 Si
160 2727 228 2763 per
246 2716 488 2752 membranas
508 2717 700 2761 stetisset,
726 2716 875 2751 servari
899 2722 1103 2764 potuerant
1119 2717 1397 2751 exterminatae
1421 2728 1547 2752 voces.

91 2769 268 2821 Regnum
286 2774 388 2809 enim
407 2772 516 2821 Epiri
534 2785 556 2808 a
576 2771 753 2820 Philippo
773 2771 927 2808 adiutus
946 2773 1154 2821 capessivit
1165 2771 1362 2820 Epirensis
1379 2770 1547 2807 Alexan-

95 2827 185 2874 der,
213 2830 326 2866 sicuti
344 2831 529 2878 scriptum
549 2834 607 2865 est
628 2827 670 2865 L.
689 2826 796 2865 XVI·
819 2827 892 2868 73.
932 2827 992 2865 De
1020 2828 1269 2877 expeditione
1296 2829 1377 2864 eius
1401 2828 1441 2863 in
1471 2826 1547 2862 lta-
