1859 3326
351 161 446 205 144
810 161 1337 206 ANNOTATIONES

348 275 567 326 significat.
619 271 678 314 Ne
702 274 863 328 longum
880 275 1046 326 faciam,
1076 272 1327 333 ἀδελφιδοῦν
1350 278 1524 328 retineo,
1546 286 1591 319 ut
1608 280 1685 319 sibi
1704 294 1799 319 eon-

348 339 427 370 stet
456 338 612 369 auctor:
657 337 740 370 tum
768 345 921 383 quoque
951 334 1000 372 ob
1032 333 1249 383 lustinum,
1286 337 1350 374 cui
1368 336 1524 374 Attalus
1558 337 1798 390 Cleopatrae

339 388 491 436 frater
510 400 559 425 ex
579 386 729 425 Graeco
753 391 962 440 scriptore,
992 391 1035 428 in
1055 403 1131 441 quo
1149 387 1409 444 ἁδελφόςμι
1385 399 1427 430 ut
1446 391 1530 440 hic,
1563 393 1650 430 loco
1679 391 1798 433 ἀδελ-

347 444 510 498 φιδοῐὲς.
537 442 639 481 Nam
658 457 681 481 a
702 445 927 493 Plutarcho,
955 445 1153 485 Athenaeo
1176 453 1215 484 et
1233 447 1425 485 Pausania
1446 447 1574 497 potuit
1591 448 1799 499 Diodorus,

348 507 396 538 ut
413 513 538 550 saepe,
569 500 786 538 dissentire.
811 500 990 540 Viderint
1009 509 1137 540 tamen
1156 501 1356 541 doctiores.
1387 503 1521 543 WEss.

467 558 572 597 161.
598 556 670 598 58.
693 556 781 596 Καὶ
795 554 873 611 γὰρ
893 554 1084 611 ἐτυγχανε
1104 557 1307 599 παιδιον
1289 574 1331 598 εκ
1348 555 1699 612 τῆςΚλεοπάτρας
1709 562 1797 612 ete.]

351 612 613 651 Miserabilem
641 614 753 661 pueri
778 616 988 662 matrisque
1015 627 1147 653 necem
1172 617 1299 667 tangit
1318 615 1482 654 Pausan.
1503 615 1546 654 L.
1563 617 1665 655 VIII.
1688 620 1728 658 7.
1760 625 1801 656 et

352 668 493 707 lustin.
512 669 554 706 L.
576 667 649 705 lX.
673 670 727 717 7.,
755 671 797 706 in
819 682 893 718 quo
906 672 1042 720 filium
1060 678 1164 710 recte
1193 673 1406 723 corrigunt.
1433 672 1573 713 WESS.

467 726 570 766 161.
605 726 678 765 77.
710 724 1019 777 Δημοσθένους
1048 726 1394 781 δημαγωγοῦντος
1421 726 1526 768 κατὰ
1546 730 1630 768 τῶν
1651 729 1800 776 Mam]

348 781 438 819 Vid.
467 781 698 818 Aeschinem
724 781 793 821 Or.
822 784 866 820 in
891 781 1128 834 ctesiphont.
1160 797 1196 835 p.
1222 786 1295 825 76.
1315 792 1353 822 et
1371 784 1472 823 Plut.
1490 784 1740 824 Demosthen.
1762 799 1800 835 p.

352 838 458 879 857.
479 837 526 877 Ε.
560 837 696 875 WEss.

468 895 571 934 162
605 895 680 934 91.
714 889 926 945 Ἀρκάδες
956 895 1002 938 δὲ
1031 893 1126 938 ου’τε
1161 894 1353 953 Φιλίππῳ
1375 896 1474 951 ete.]
1503 895 1562 935 De
1585 898 1800 936 Arcadibus

351 949 582 999 adstipulari
602 950 756 988 videtur
775 950 988 991 Pausanias
1012 954 1056 994 L.
1075 953 1180 992 VIII.
1205 956 1246 995 6.
1278 940 1340 991 At
1348 954 1449 1005 quod
1469 957 1663 1004 sequitur,
1695 957 1800 992 solos

350 1019 416 1043 eos
450 1006 684 1044 Graecorum
713 1020 786 1045 nec
822 1007 1022 1060 Philippo
1030 1023 1103 1048 nec
1130 1010 1352 1048 Alexandro
1383 1010 1568 1048 Graeciae
1606 1013 1801 1061 principa-

350 1069 433 1100 tum
454 1065 695 1112 permisisse,
732 1062 773 1100 id
798 1068 951 1115 aegrius
971 1067 1098 1103 ferent
1116 1066 1433 1113 Lacedaemonii,
1462 1069 1528 1116 qui
1550 1067 1703 1115 quidem
1725 1069 1802 1105 soli

352 1126 391 1156 et
409 1132 540 1170 regem
560 1117 779 1169 Philippum
797 1128 836 1157 et
854 1122 976 1173 legem
996 1126 1123 1172 pacis,
1160 1137 1271 1174 quam
1290 1125 1494 1160 universae
1513 1123 1696 1160 Graeciae
1719 1130 1817 1160 sta·

349 1182 489 1222 tuerat,
519 1181 841 1225 contempserant,
872 1180 1098 1217 servitutem
1121 1192 1201 1216 non
1221 1192 1353 1229 pacem
1371 1179 1461 1226 rati,
1493 1178 1639 1217 Iustino
1658 1178 1702 1217 L
1722 1178 1796 1218 ΙΧ.
1830 1221 1835 1223 ,

354 1231 396 1272 5.
419 1239 457 1269 et
475 1231 565 1269 XII.
593 1233 631 1272 1.
651 1238 760 1270 teste.
786 1233 907 1285 Iunge
924 1233 1078 1274 Arrian.
1099 1232 1260 1302 Ἀναβ.
1282 1234 1325 1273 L
1346 1233 1376 1271 I.
1399 1235 1442 1274 2.
1469 1234 1606 1272 WESS.

466 1290 570 1329 162.
603 1289 676 1329 98.
711 1285 834 1328 ”AM
870 1288 985 1342 ὅμως
1017 1287 1272 1343 τηλικούτων
1298 1286 1552 1343 πραγμάτων
1579 1290 1679 1341 ete.]
1707 1290 1795 1330 Etsi

348 1343 515 1382 fortasse
540 1347 802 1393 reperientur,
840 1348 977 1396 quibus
999 1350 1191 1396 scriptura
1212 1346 1308 1399 Reg.
1331 1350 1370 1389 1.
1395 1347 1636 1395 blandietur,
1661 1361 1733 1399 ego
1753 1349 1799 1386 in

349 1402 511 1452 vulgato
532 1401 747 1450 acquiesco.
771 1401 868 1440 Post
884 1415 1006 1452 pauca
1023 1416 1140 1442 voces
1159 1403 1227 1443 και
1246 1399 1412 1453 αὐτους,
1431 1404 1621 1453 ascriptis
1634 1410 1796 1456 spretas,

348 1457 483 1495 itidem
502 1469 655 1506 sperno,
682 1461 821 1508 quippe
840 1472 1158 1509 supervacaneas.
1188 1460 1326 1501 WESS.

468 1515 618 1554 162.1
632 1516 669 1554 l·
703 1512 815 1562 Τοὺς
836 1515 1128 1569 συνορίζοντας
1147 1518 1231 1556 τῶν
1254 1512 1419 1566 ἐθνῶν]
1448 1515 1556 1553 Alibi
1574 1531 1628 1555 τα
1647 1517 1798 1570 συνεχῆ

349 1571 434 1609 τῶν
456 1567 592 1609 ἐθνῶν
612 1570 725 1608 huius
739 1572 826 1609 libr.
845 1585 877 1609 c.
888 1575 964 1613 27.
956 1599 980 1620 .,
1002 1570 1054 1612 τὰ
1075 1572 1343 1624 συνορίζοντα
1360 1574 1445 1611 τῶν
1466 1569 1603 1611 ἐθνῶν
1624 1586 1707 1622 cap.
1722 1575 1796 1614 76

351 1632 392 1663 et
411 1627 485 1666 96.
507 1632 590 1663 tum
610 1626 653 1664 L.
672 1626 817 1665 XVIII.
837 1629 881 1669 3.
909 1628 995 1666 Hoc
1016 1642 1084 1679 per
1103 1631 1306 1680 enallagen
1329 1627 1518 1679 quandam
1536 1631 1702 1678 positum
1725 1637 1813 1677 est,¹

346 1688 392 1719 ut
423 1679 476 1722 τὰ
506 1677 737 1735 στενόπορα
766 1685 851 1724 τῶν
882 1679 994 1725 ὁδῶν
1026 1685 1070 1722 Ι..
1092 1684 1205 1723 XIII.
1231 1688 1328 1733 18.,
1358 1691 1534 1734 angusta
1571 1690 1614 1722 et
1638 1686 1796 1725 lubrica

347 1740 506 1777 viarum
525 1738 625 1788 apud
646 1738 825 1778 Tacitum
845 1740 1084 1778 Histor.111.
1108 1743 1195 1790 82
1225 1743 1388 1790 aliaque.
1415 1741 1551 1778 WEss.
1607 1768 1610 1771 -

461 1795 673 1836 162.15
713 1793 1155 1864 Διαπρεσβευόμενος]
1194 1797 1335 1835 Melius
1366 1792 1797 1873 διαπρεσβευσάμενος

345 1852 556 1890 conveniet
574 1864 659 1889 cum
679 1846 894 1904 ὁμιλήσας.
924 1853 1081 1892 Sum.
1140 1881 1143 1884 .
1813 1864 1818 1874 ³

462 1910 565 1948 162.
589 1908 664 1947 35.
686 1905 790 1947 Ἀλλ’
813 1907 856 1948 ἐκ
878 1912 953 1949 τοῦ
975 1911 1244 1963 Κιθαιρωνος
1264 1904 1519 1961 ἄνέκαμψεν]
1546 1907 1614 1946 Sic
1630 1906 1796 1947 Aeschi-

345 1976 416 2001 nes
447 1963 492 2001 de
520 1964 680 2002 inimico
708 1978 777 2002 suo
798 1965 868 2005 Or.
891 1969 933 2004 in
952 1964 1192 2015 Ctesiphont.
1216 1979 1252 2016 p.
1274 1968 1359 2014 76.,
1390 1978 1460 2002 nec
1478 1967 1677 2016 praeteriit
1692 1966 1795 2004 Plut.

347 2018 599 2057 Demosthen.
619 2032 654 2069 Ρ.
679 2021 783 2062 856.
803 2021 867 2070 D.,
895 2023 936 2060 in
964 2035 1009 2059 eo
1035 2036 1057 2059 a
1076 2021 1251 2060 Diodoro
1272 2022 1528 2068 dissentiens,
1550 2022 1653 2072 quod
1672 2024 1794 2060 altera

347 2077 390 2113 in
411 2075 617 2114 Thebanos
637 2078 883 2128 expeditione
907 2078 1122 2117 Alexandri
1148 2080 1382 2130 legationem
1406 2077 1564 2115 Oratori
1585 2080 1792 2129 inpositam

343 2133 476 2172 refert.
506 2133 645 2170 Wnss.

463 2189 567 2229 163.
595 2190 671 2230 42.
713 2186 804 2243 Tm!
833 2185 1022 2244 δαπάνην
1051 2187 1304 2231 ἓπικὲκλυκεν
1333 2187 1434 2240 ete.]
1474 2188 1519 2227 In
1548 2201 1628 2227 uno
1659 2191 1795 2229 codice

345 2244 564 2281 mendose
549 2243 804 2298 ἐπικέκληκεν
817 2248 959 2298 legitur
969 2260 1038 2297 pro
1055 2246 1321 2294 ἒπικέκλυκεν,
1347 2245 1448 2295 quod
1467 2245 1647 2284 mendum
1663 2255 1794 2286 tamen

349 2307 390 2337 et
409 2303 451 2337 in
468 2303 627 2352 vulgata
647 2303 820 2340 editione
831 2303 994 2342 Diodori
1012 2306 1210 2352 remansit,
1234 2309 1274 2340 et
1292 2304 1468 2354 vulgatas
1481 2315 1631 2353 quoque
1651 2304 1793 2341 editio·-

346 2369 416 2394 nes
445 2360 632 2394 orationis
660 2357 862 2397 Aeschinis
892 2363 1115 2409 occupavit,
1145 2366 1259 2410 atque
1286 2359 1381 2396 adeo
1410 2361 1514 2407 ipsos
1540 2370 1690 2410 quoque
1709 2362 1792 2398 eius

347 2415 578 2461 interpretes
597 2416 638 2450 in
658 2428 827 2453 errorem
846 2416 1013 2454 induxit.
1042 2416 1098 2454 Ut
1118 2424 1245 2454 autem
1264 2422 1434 2452 caeteros
1453 2417 1644 2464 omittam,
1675 2417 1709 2454 is
1722 2418 1790 2467 qui

346 2470 504 2506 ultimus
526 2477 565 2506 et
583 2477 670 2518 post
686 2472 784 2508 alios
810 2485 942 2509 omnes
960 2475 1170 2511 orationem
1196 2474 1302 2509 illam
1322 2472 1459 2510 Latine
1478 2474 1610 2519 vertit,
1638 2471 1791 2510 Ioachi-

346 2538 431 2562 mus
472 2524 674 2563 Perionius
710 2526 984 2566 Benedictinus
1022 2528 1360 2567 Cormoeriacenus
1399 2527 1609 2565 monachus
1654 2525 1787 2580 (quod

346 2588 580 2632 postremum
600 2580 760 2620 honoris
789 2596 903 2621 causa
934 2597 1013 2622 non
1035 2581 1167 2637 addo)
1196 2582 1425 2636 ἕπικέκληκε
1456 2586 1573 2634 legit,
1604 2589 1642 2620 et
1663 2586 1786 2621 inter-

345 2644 519 2687 pretatur
538 2639 769 2676 nominavit.
793 2639 899 2676 Adeo
920 2648 964 2677 ut
983 2653 1069 2678 cum
1087 2643 1183 2678 alios
1196 2642 1337 2677 multos
1357 2643 1397 2677 in
1413 2645 1495 2676 tota
1512 2641 1579 2677 illa
1599 2640 1786 2688 oratione,

345 2695 447 2731 sicut
465 2701 505 2730 et
527 2695 569 2731 in
588 2693 897 2742 Demosthenica,
923 2699 1210 2746 perversissime
1233 2699 1505 2746 interpretatus
1525 2697 1576 2732 sit
1593 2696 1712 2743 locos,
1740 2703 1785 2734 ut

344 2750 544 2787 ostendam
569 2751 798 2799 aliquando,
827 2750 910 2788 Deo
938 2752 1120 2800 favente,
1149 2760 1230 2790 tum
1259 2765 1353 2790 vero
1383 2751 1484 2788 hunc
1514 2752 1578 2787 vel
1605 2755 1783 2790 maxime.

345 2805 403 2844 lta
429 2808 532 2846 enim
551 2807 670 2846 verba
687 2807 857 2848 reddidit
882 2818 977 2857 quae
996 2821 1020 2847 a
1039 2808 1213 2849 Diodoro
1242 2820 1291 2845 ex
1312 2808 1484 2846 oratione
1509 2807 1578 2846 illa
1598 2810 1790 2857 citantur,-
