1859 3326
320 204 380 244 68
776 199 1306 243 ANNOTATloNEs

320 313 450 352 Habet
466 310 560 349 haec.
579 311 741 350 Vossius
771 311 817 351 de
843 312 992 352 Histor.
1022 314 1092 353 Gr.
1128 314 1171 354 L.
1195 313 1223 353 1.
1249 316 1330 364 10„
1359 322 1397 353 et
1427 316 1537 364 plura
1566 314 1612 352 de
1633 314 1780 353 Anaxi-

321 384 444 410 mene.
471 369 571 406 Eum
591 369 655 407 adi
675 377 712 406 et
730 371 826 422 Aeg.
850 371 1071 423 Menagium
1091 373 1139 410 ad
1161 372 1303 410 Laertii
1326 372 1368 410 L.
1390 372 1436 410 ll.
1459 373 1499 411 3.
1529 372 1667 410 less.

437 427 510 466 73.
541 427 616 466 42.
666 425 864 474 Φίλιστος
893 427 936 467 δὲ
967 427 1018 468 τὰ
1047 428 1138 479 περὶ
1171 424 1392 468 Διονύσιον
1417 431 1516 475 etc.]
1558 428 1644 466 vid.
1669 427 1718 465 ad
1737 427 1780 465 L.

322 483 434 523 ΧΙΙΙ.
459 484 532 522 91.
553 489 590 519 et
614 484 716 523 103.
754 484 995 522 Postremum
1015 493 1143 522 autem
1165 486 1236 522 hoc
1264 485 1418 523 Philisti
1438 485 1664 522 historicum
1688 496 1783 532 opus

322 539 537 592 negligitur
568 552 590 576 a
620 541 833 589 plerisque,
872 544 939 591 qui
970 541 1135 580 hominis
1174 545 1295 580 vitam
1330 549 1367 579 et
1408 545 1550 593 scripta
1576 554 1785 579 recensue-

324 603 430 636 runt.
431 570 510 633 W
515 606 594 631 Ess.

440 654 513 693 73
542 653 613 692 51
647 647 836 704 Ταχως
818 669 838 693 ο
859 649 1055 705 βασιλεὺς
1075 653 1429 707 τῶνΑἷγυπ-ῐῖων]
1465 654 1602 692 Theo
1592 667 1632 692 in
1644 652 1787 691 Chron.

324 709 498 756 Eusebii,
530 704 642 755 Ίάος
664 709 864 748 Aristoteli
883 710 1091 748 Oeconom.
1113 711 1155 748 L.
1171 711 1216 748 ΙΙ.
1232 725 1267 761 Ι).
1285 714 1388 751 507.
1413 708 1570 761 Θάμως
1589 711 1786 761 Polyaeno

326 766 614 805 L.111.11.5.
649 765 727 803 Sed
747 767 836 804 vide
857 767 915 804 lll.
940 766 1084 819 Scalig.
1104 768 1152 805 ad
1172 769 1315 807 Euseb.
1343 766 1651 814 MDCXLVHL,
1677 768 1787 804 viros

327 823 493 861 doctos
482 835 522 859 ιη
546 821 697 860 Aelian.
720 823 763 860 L.
786 823 832 862 V.
856 826 894 865 1.
929 832 968 862 et
990 824 1249 862 Hutchinson.
1277 825 1323 863 ad
1345 825 1490 877 Agesil.
1515 823 1789 873 Xenophontis

324 894 362 932 p.
383 881 459 920 47.
497 878 632 915 WEss.

444 937 516 976 73.
561 936 633 975 56
674 932 761 975 Διά
791 932 838 976 τὸ
872 951 972 984 τους
1002 936 1273 989 ΖΙΊεσσηνιόυς
1295 939 1392 985 etc]
1441 935 1615 975 Eandem
1643 936 1722 974 odii
1746 937 1790 974 in

327 993 487 1032 Persam
511 1005 684 1029 caussam
707 992 800 1030 dant
819 991 1038 1044 Xenophon
1062 1002 1100 1031 et
1121 995 1222 1032 Plut.
1242 994 1387 1046 Agesil.
1408 1009 1443 1045 p.
1461 996 1569 1035 616.
1597 994 1646 1031 W
1651 1004 1732 1030 mss.

444 1050 517 1090 73.
551 1051 623 1089 66.
659 1044 997 1103 Ἀοιοβαρζάιης
1021 1074 1068 1078 -
1094 1049 1140 1097 ὃς
1168 1067 1235 1089 και
1262 1048 1538 1103 ,Μιθοιὸάτου
1558 1058 1631 1087 etc,
1642 1050 1660 1101 ]
1698 1049 1789 1087 Non

329 1105 535 1144 mediocris
553 1118 600 1142 ex
623 1105 695 1143 hoe
713 1107 799 1143 loco
822 1111 983 1159 emergit
1005 1108 1229 1156 difficultas,
1261 1115 1304 1145 ut
1324 1108 1533 1158 quadreto
1512 1111 1630 1144 uestis
1651 1121 1674 1144 a
1693 1105 1790 1142 Dio-

330 1163 425 1200 doro
446 1166 611 1200 narratis
629 1170 841 1211 temporum
861 1168 971 1202 ratio.
1000 1164 1067 1201 Ait
1090 1164 1296 1211 Diodorus,
1324 1164 1479 1201 Molone
1501 1163 1725 1200 Archonte
1715 1176 1792 1200 iam

331 1219 596 1257 Mithridatem
617 1226 807 1257 mortuum
828 1234 931 1268 esse,
964 1228 1001 1258 et
1022 1221 1324 1258 Ariobarzanem
1344 1224 1426 1258 eius
1447 1222 1569 1258 filium
1593 1220 1790 1257 dominum

330 1278 475 1314 factum
507 1278 587 1312 eius
620 1276 842 1325 dynastiae:
883 1281 1023 1329 pagina
1056 1291 1147 1315 vero
1184 1280 1358 1326 sequenti
1385 1282 1495 1326 ponit
1522 1277 1653 1314 eodem
1687 1289 1789 1313 anno

331 1332 506 1370 Datamis
525 1333 773 1369 rebellionem
795 1341 832 1370 et
852 1347 1019 1385 pugnam
1042 1349 1126 1371 cum
1145 1333 1349 1379 Artabazo,
1373 1341 1412 1371 et
1433 1338 1487 1371 ait
1507 1341 1593 1382 post
1613 1347 1694 1370 eam
1710 1333 1791 1370 Da-

331 1392 447 1427 tamis
479 1391 681 1427 victoriam
707 1390 962 1428 Artaxerxem
992 1394 1191 1428 timentem
1219 1392 1302 1428 eius
1329 1394 1513 1429 virtutem
1543 1403 1720 1437 curasse„
1749 1396 1793 1426 ut

332 1460 400 1497 per
421 1446 550 1483 dolum
579 1447 871 1484 interficeretur.
909 1449 961 1485 At
980 1448 1169 1485 Aemilius
1188 1448 1337 1485 Probus
1366 1456 1403 1485 et
1431 1462 1516 1485 cum
1550 1460 1594 1484 eo
1623 1447 1793 1497 Polyae-

332 1517 420 1551 nus,
447 1505 511 1539 ille
531 1506 571 1539 in
583 1501 755 1540 Datamis
778 1506 861 1541 vita
881 1517 914 1544 c.
932 1507 1002 1545 10.
1028 1504 1092 1542 hic
1112 1504 1151 1541 L.
1166 1504 1247 1542 Vll.
1273 1506 1314 1541 in
1325 1504 1548 1542 Mithridate
1571 1502 1672 1556 (cap.
1695 1500 1792 1554 29.)

333 1561 446 1598 aiunt
464 1558 665 1597 Datamem
692 1561 937 1599 interfectum
955 1563 1077 1599 fuisse
1107 1574 1173 1611 per
1193 1561 1355 1598 insidias
1379 1569 1417 1598 et
1437 1562 1567 1598 dolum
1588 1560 1795 1597 Mithrida-

332 1618 405 1654 tis:
438 1624 478 1654 at
497 1629 574 1653 non
606 1619 731 1664 potuit
751 1631 832 1654 esse
861 1620 960 1656 alius
981 1618 1247 1666 Mithridates,
1274 1630 1386 1667 quam
1419 1619 1484 1655 ille
1518 1617 1794 1654 Ariobarzanis

331 1681 461 1724 pater,
495 1672 694 1723 Satrapiae
720 1672 894 1711 Datamis
917 1676 1092 1723 vicinus,
1124 1683 1163 1712 et
1191 1678 1362 1724 quicum
1394 1688 1438 1711 eo
1460 1675 1645 1712 rebellare
1675 1676 1795 1711 simu-

330 1733 492 1769 laverat.
528 1729 606 1766 Aut
628 1732 746 1780 igitur
776 1729 971 1768 Diodorus
991 1740 1124 1769 narrat
1151 1729 1324 1784 ὕστερον
1348 1728 1572 1784 πρότερον,
1599 1743 1694 1780 quae
1715 1731 1796 1779 pri-

333 1788 419 1825 dem
453 1786 690 1833 acciderant,
735 1793 803 1824 aut
831 1789 919 1825 falsi
951 1795 1043 1826 sunt
1072 1789 1258 1826 Aemilius
1291 1788 1439 1825 Probus
1473 1795 1510 1825 et
1549 1788 1792 1837 Polyaenus:

331 1844 486 1882 aliunde
509 1844 746 1891 expectanda
774 1846 854 1881 lux,
883 1845 1013 1882 PALM.
1060 1845 1178 1882 Nulla
1200 1845 1263 1882 hic
1282 1845 1499 1882 difficultas.
1533 1843 1795 1889 Mithridates,

333 1903 444 1938 cuius
463 1913 624 1950 regnum
646 1903 793 1949 accepit
813 1901 1107 1948 Ariobarzanes,
1134 1904 1232 1940 alius
1254 1909 1313 1939 est
1332 1908 1446 1951 atque
1464 1903 1511 1948 is,
1532 1904 1641 1938 cuius
1660 1899 1795 1937 fraude

330 1957 514 1995 Datames
535 1957 726 1994 occubuit.
758 1958 858 1995 Audi
879 1957 1031 1995 Cornel.
1055 1959 1192 2008 Nepot.
1213 1961 1254 1995 in
1268 1957 1430 1995 Datame
1450 1970 1481 1995 c.
1506 1959 1576 1998 10.
1610 1957 1692 1994 Hie
1714 1963 1794 1992 tam

332 2015 502 2052 callidus
525 2015 591 2049 vir
611 2020 788 2051 extremo
813 2021 986 2065 tempore
1007 2023 1150 2066 eaptus
1174 2022 1235 2051 est
1251 2015 1517 2060 Mithridatis,
1546 2013 1795 2050 Ariobarza-

332 2071 513 2118 m'sfilii‚
540 2070 641 2107 dolo.
683 2071 835 2107 Patrem
856 2074 982 2119 itaque
1003 2071 1305 2109 Ariobarzanem
1327 2070 1480 2117 habuit,
1509 2070 1610 2106 hunc
1628 2070 1794 2106 fortasse

331 2130 471 2178 ipsum,
500 2129 566 2174 qui
594 2139 716 2177 regno
737 2126 974 2164 Mithridatis
1003 2128 1144 2165 dicitur
1167 2130 1335 2177 potitus,
1360 2139 1545 2176 quemque
1577 2126 1679 2163 idem
1699 2124 1795 2162 Cor-

331 2186 457 2222 nelius
477 2183 710 2231 praefectum
731 2182 876 2233 Lydiae
898 2191 935 2220 et
954 2183 1084 2221 Ioniae
1105 2187 1298 2232 totiusque
1325 2183 1518 2234 Phrygiae
1545 2196 1576 2220 c.
1591 2185 1632 2223 6.
1665 2186 1792 2220 vocat.

330 2241 465 2288 Neque
488 2240 620 2276 obesse
640 2241 803 2276 multum
823 2243 987 2288 poterit,
1016 2241 1117 2289 quod
1139 2247 1246 2291 pater
1263 2243 1347 2291 regi
1368 2241 1502 2287 hostis,
1524 2239 1628 2276 filius
1648 2241 1794 2276 amicus

331 2297 462 2335 fuerit.
507 2294 723 2332 Potuerunt
758 2299 860 2333 enim
899 2300 1114 2334 contrarias
1147 2304 1305 2346 uterque
1333 2303 1462 2346 partes
1499 2297 1687 2345 amplecti.
1735 2293 1794 2330 De

330 2353 591 2392 Ariobarzane
611 2352 801 2390 videndus
821 2353 938 2391 etiam
958 2350 1239 2391 Demosthenes
1260 2360 1318 2391 est
1335 2353 1403 2390 Or.
1427 2353 1473 2390 de
1496 2351 1622 2391 Rhod.
1645 2351 1792 2390 Libert.

332 2423 370 2461 p
400 2411 502 2452 112.
528 2408 665 2448 ἮῙΕεε

448 2466 521 2506 73
552 2467 624 2505 72
649 2461 866 2515 >Έχουσοιν
895 2460 1119 2518 ἀκοόπολιν
1149 2461 1397 2518 ἀξιόλογον]
1439 2464 1582 2503 Confer
1602 2464 1644 2502 L.
1665 2461 1789 2500 XVII

332 2524 407 2564 23.
439 2529 477 2560 et
500 2521 546 2560 de
574 2520 741 2559 Mausoli
770 2523 946 2570 potentia
965 2529 1003 2560 et
1031 2523 1167 2573 opibus
1187 2523 1348 2561 lucian.
1370 2522 1473 2561 Dial.
1498 2521 1613 2560 Mort.
1640 2515 1789 2558 XXW.

331 2580 470 2619 WEss.

450 2635 522 2676 74.
536 2634 608 2674 74
625 2634 722 2673 Τῶι
735 2630 769 2673 δ’
787 2629 935 2673 Ἰώνων
947 2629 1158 2674 Λύκιοῖτε
1172 2634 1443 2685 καῖΠισίδσι]
1474 2635 1516 2672 Id
1532 2641 1621 2671 vero
1633 2641 1790 2665 novum·

333 2691 412 2730 Ubi
433 2692 624 2741 proditum
646 2703 784 2740 quaeso
807 2703 965 2741 usquam
991 2699 1068 2738 est,
1101 2691 1257 2742 Lycios,
1287 2692 1459 2733 Pisidas
1486 2684 1732 2734 Pffluphylws
1752 2691 1792 2721 et

334 2749 475 2787 Cilices
495 2748 540 2785 de
565 2746 697 2784 [onum
707 2748 827 2785 fuisse
839 2745 976 2797 gente?
1004 2748 1149 2799 Χωηὶς
1169 2746 1221 2787 τὰ
1242 2750 1349 2798 (Dgwy
1351 2750 1418 2785 ῶν
1437 2760 1503 2783 και
1518 2743 1684 2781 ,Μυσων
1705 2736 1790 2792 001¹-

334 2821 498 2856 σμαϊα,
527 2811 570 2841 ut
590 2805 711 2840 nostri
738 2804 795 2840 illi
813 2804 1019 2853 proverbio
1042 2804 1185 2841 dicunt.
1227 2803 1346 2840 Deest
1364 2798 1464 2838 haud
1485 2799 1598 2836 dubie
1619 2798 1789 2835 vocabu-

334 2865 434 2911 lum,
463 2863 546 2900 sive
568 2860 608 2899 id
633 2861 751 2897 fuerit
765 2856 871 2911 μετὰ
902 2857 947 2900 δὲ
970 2874 1077 2908 των,
1101 2863 1184 2899 sive
1205 2862 1289 2901 τῶν
1317 2855 1360 2899 δ
1384 2853 1532 2898 Ἰώνων
1561 2849 1786 2905 σύμμαχοι,
