1891 3310
619 172 994 206 PRAEFATIO.
1399 175 1543 208 XXVII

83 269 266 312 secanda,
308 268 375 304 sed
410 269 554 303 auctori
588 270 773 314 quaedam
807 270 1056 305 condonanda
1089 280 1195 311 esse,
1228 271 1329 304 nitro
1366 271 1545 308 fatemur.

82 327 196 372 quue
226 339 297 360 non
324 328 524 360 immerito.
570 326 608 360 Si
639 329 736 360 enim
766 329 801 361 in
830 328 1104 362 formosissimo
1130 328 1279 371 puellae
1300 339 1467 372 corpore,
1496 331 1542 363 ob

81 390 254 418 caeteras
283 385 442 417 eximiae
471 383 614 417 formae
648 385 778 425 dotes,
822 387 929 418 naevi
966 385 1109 431 aliquid
1146 385 1257 419 facile
1287 387 1542 421 condonetur:

81 443 164 486 quis
190 442 368 486 pauculos
394 441 574 486 quosdam
603 452 776 483 errores,
809 443 845 475 in
871 449 946 475 tam
973 445 1156 476 concinno
1182 444 1348 487 alioquin
1378 445 1538 488 utilique

81 510 208 542 opere,
235 511 306 533 non
335 503 505 543 prompte
530 500 679 532 Auctori
708 499 901 542 ignoscat!
937 500 1044 539 Quod
1072 501 1189 544 igitur
1214 501 1260 533 ad
1287 500 1539 534 confusaneas

82 559 272 590 annalium
300 559 491 595 rationes,
530 562 568 589 et
594 556 844 600 Magistratus
870 556 1058 589 Romanos
1091 568 1287 602 perperam
1317 559 1541 596 nominatos,

80 619 145 646 aut
180 620 424 658 praepostere
457 614 681 654 collocatos,
728 614 787 646 vel
816 614 928 646 etiam
959 616 1207 656 praeteritos,
1241 616 1397 654 attinet,
1437 615 1539 648 idem

82 676 120 704 et
144 672 228 710 alii,
267 673 427 705 maxime
452 677 578 704 autem
607 671 830 704 excellentis
860 671 1054 703 doctrinae
1082 678 1120 705 et
1144 673 1366 717 diligentiae
1389 683 1541 706 accura-

81 730 249 762 tissimae
292 731 348 762 vir
381 732 606 764 clitones
643 728 881 761 sinemus
917 739 989 760 non
1023 730 1143 763 semel
1181 732 1436 775 conqueritur.
1491 732 1539 764 At

80 788 162 819 fieri
191 788 331 830 potuit,
356 792 398 820 ut
425 787 460 818 in
488 786 582 818 alios
610 785 786 818 inciderit
813 784 932 817 fastos
958 785 1172 827 Diodorus,
1199 789 1299 822 unde
1324 788 1542 832 applicatio-

81 846 137 877 nis
165 845 229 876 illa
257 845 460 877 diversitas
496 844 650 876 existat.
708 843 804 876 Nam
847 842 1028 886 pleraque
1065 843 1359 888 Magistratuum
1390 847 1543 882 nomina

77 902 318 934 librariorum
348 903 492 934 incuria
518 901 578 933 vel
604 901 826 934 curiositate
854 901 1055 932 mutilatim
1082 907 1148 934 aut
1175 904 1355 938 mendose
1383 910 1543 939 exarata

79 970 186 1000 esse,
223 963 265 992 ut
288 960 536 998 arbitremur,
580 957 745 1003 τεκμήρια
783 969 856 990 non
891 963 978 990 sunt
1002 959 1173 994 obscura,
1225 961 1332 1000 Quod
1369 964 1540 997 eruditus

78 1017 334 1061 candidiusque
362 1017 483 1050 lector
510 1016 677 1060 pluribus
705 1018 741 1053 in
770 1016 862 1049 locis
890 1017 1118 1050 observabit.
1163 1018 1379 1054 italicarum
1409 1027 1537 1055 autem

77 1076 335 1108 narrationum
381 1074 607 1108 brevitatem
653 1074 828 1117 prudenti
875 1074 1040 1108 auctoris
1086 1074 1225 1109 iudicio
1278 1078 1540 1112 adscribimus,

78 1132 366 1176 Compendiaria
390 1133 487 1164 enini
515 1133 703 1175 tantisper
727 1132 941 1176 βραχυλογίᾳ
975 1132 1030 1164 uti
1062 1132 1204 1174 voluit,
1240 1134 1278 1166 in
1308 1137 1542 1180 antiquitati-

76 1191 147 1224 bus
170 1191 316 1223 seilicet
338 1189 412 1222 illis
438 1189 579 1222 Romae
603 1188 725 1222 adhuc
754 1190 973 1230 crescentis,
1007 1200 1103 1232 quae
1130 1191 1275 1234 copiam
1302 1196 1341 1225 et
1365 1193 1541 1236 splendo-

77 1259 157 1284 rem
193 1259 264 1281 non
298 1249 350 1279 ita
381 1247 650 1287 admitterent,
693 1247 812 1280 donec
846 1248 994 1290 imperii
1022 1249 1095 1279 iani
1123 1250 1358 1291 confirmati,
1395 1261 1539 1296 perque

76 1312 196 1341 totum
231 1315 327 1348 pene
363 1305 491 1338 orbem
532 1304 730 1349 prolatati‚
773 1315 834 1337 res
869 1305 1072 1349 aliquando
1097 1308 1202 1338 tanto
1232 1308 1375 1341 maiore
1401 1311 1541 1343 oratio-

78 1365 134 1397 nis
163 1367 345 1407 apparatu
371 1367 408 1394 et
436 1363 557 1395 nitore
584 1372 774 1406 exponere
808 1366 921 1407 atque
956 1362 1148 1397 illustrare
1183 1370 1324 1408 posset.
1370 1367 1411 1399 ld
1438 1369 1538 1412 quod

75 1421 225 1454 abunde
254 1420 347 1453 satis
372 1420 417 1452 ab
448 1431 492 1453 eo
521 1421 742 1463 praestitum
772 1430 878 1461 esse,
922 1419 1138 1463 fragmenta
1165 1422 1210 1455 de
1237 1423 1348 1455 bellis
1375 1422 1540 1468 Punicis,

76 1480 123 1513 de
149 1478 371 1512 tumultibus
395 1478 610 1519 servilibus,
639 1477 686 1510 de
714 1476 813 1515 bello
840 1477 1019 1510 ltalorum
1045 1479 1190 1519 sociali,
1225 1481 1433 1524 quamlibet
1451 1492 1539 1527 pau-

77 1549 138 1579 ca,
179 1536 286 1569 nobis
321 1534 594 1570 demonstrant.
651 1533 1000 1578 Reprehensionem
1036 1535 1081 1568 ob
1109 1537 1273 1570 insertas
1300 1538 1346 1571 ab
1374 1542 1539 1576 Auctore

76 1596 275 1628 conciones
311 1598 525 1636 praetereo,
563 1603 645 1626 cum
680 1592 811 1636 putida.
838 1593 908 1633 sit,
944 1596 982 1624 et
1005 1591 1239 1627 BOD1NUM
1268 1597 1389 1639 ipsum
1413 1599 1540 1632 redar-

75 1658 185 1697 guat,
221 1650 320 1698 quod
357 1650 513 1685 Diodori
548 1661 702 1694 scopum
736 1661 808 1683 non
837 1649 1072 1692 observarit,
1109 1651 1170 1684 vel
1194 1653 1436 1687 observatum
1463 1657 1540 1690 alio

76 1716 325 1752 transponere
351 1708 525 1744 voluerit.
578 1708 664 1742 Non
692 1708 790 1741 enim
824 1717 956 1741 omnes
989 1708 1141 1742 omnino
1178 1711 1378 1745 conciones
1401 1713 1447 1746 ab
1473 1715 1540 1747 Hi-

75 1768 194 1801 storia
221 1765 472 1801 removendas
499 1770 646 1798 censet:
686 1775 818 1798 verum
848 1764 894 1797 ab
921 1765 1173 1801 immoderata
1204 1767 1354 1802 illarum
1387 1772 1540 1806 immix-

75 1826 178 1858 tione
215 1827 257 1856 ut
290 1823 549 1865 abstineatur,
593 1827 742 1865 monet,
790 1833 930 1868 easque
971 1824 1010 1856 in
1048 1823 1131 1857 loco
1175 1829 1413 1862 necessarias
1454 1839 1540 1864 esse

77 1882 224 1926 probat.
1385 1879 1387 1881 ’

169 1938 288 1978 Quam
315 1936 474 1971 candide
498 1948 590 1971 vero
616 1942 706 1982 agat
729 1948 812 1970 cum
832 1938 1027 1971 Historico
1047 1942 1190 1980 nostro,
1219 1939 1304 1973 dum
1331 1951 1398 1985 per
1420 1952 1541 1977 annos

75 1997 347 2041 Aegyptiorum
378 2006 528 2031 menses
555 2006 640 2028 eum
670 1996 910 2040 intelligere,
939 1995 1133 2039 perhibet,
1169 1997 1338 2034 iudicent
1364 2000 1441 2041 illi,
1476 2002 1541 2045 qui

76 2066 150 2088 non
182 2064 228 2087 ex
265 2063 333 2086 sua
365 2052 574 2087 Diodorum
608 2055 800 2087 sententia
825 2054 919 2087 inud
944 2064 1142 2095 asserere,
1186 2057 1538 2094 animadverterint.

77 2113 196 2153 Quam
225 2112 391 2154 iniquum
418 2120 507 2143 vero
535 2114 613 2151 est,
642 2114 797 2153 propter
821 2122 956 2144 vanam
981 2113 1141 2145 aliorum
1166 2115 1452 2156 persuasionem
1479 2115 1543 2149 de-

75 2169 272 2205 ridendum
302 2168 501 2212 propinare
534 2167 741 2201 lectoribus
776 2179 882 2208 euni,
934 2171 996 2214 qui
1033 2171 1133 2203 inter
1166 2171 1262 2204 alias
1300 2174 1541 2206 narrationes

77 2229 191 2262 etiam
220 2226 329 2259 huius
358 2227 586 2259 mentionem
617 2225 731 2258 facit}
781 2227 973 2263 Censurae
1000 2228 1153 2263 tandem
1180 2228 1227 2261 de
1252 2230 1375 2273 stylo,
1417 2231 1542 2264 Pno-

78 2295 148 2318 'rrt
185 2284 231 2317 de
264 2283 333 2317 hoc
366 2285 446 2327 ipso
481 2283 657 2318 iudicium
694 2293 740 2318 ex
772 2283 1012 2317 Bibliotheca
1050 2286 1132 2318 eius
1167 2287 1430 2329 subiunxisse‚
1471 2287 1542 2322 hoc

77 2344 161 2377 loco
187 2343 354 2375 contenti
382 2343 533 2375 erimus.
583 2341 690 2381 Quod
723 2341 812 2375 κατὰ
845 2344 930 2378 λέξιν
961 2341 1217 2376 Distinctione
1245 2343 1325 2377 hx.
1361 2355 1443 2388 pag.
1474 2346 1543 2379 51.

78 2403 321 2444 Augustanae
357 2398 534 2431 editionis
571 2400 625 2431 sic
660 2398 793 2432 habet:
838 2402 1015 2444 Κέχρηται
1044 2401 1084 2448 νδὲ
1124 2400 1250 2445 φράσει
1286 2407 1388 2447 auspi,
1416 2416 1453 2436 τε
1486 2405 1544 2436 καὶ

78 2458 252 2502 «ἱκόμψῳ,
278 2457 335 2488 καὶ
359 2457 494 2500 ἱστορίᾳ
517 2455 667 2499 μάλιστα
693 2455 869 2503 πρεπούσῃ
885 2467 892 2474 ·
927 2458 985 2490 καὶ
1008 2457 1095 2501 μήτε
1119 2457 1201 2499 τὰς,
1235 2456 1277 2496 ὡς
1301 2460 1340 2491 ἀν
1366 2461 1453 2493 εἴποι
1477 2463 1541 2501 τὶς,

79 2517 154 2549 λίαν
182 2513 515 2558 ὑπερηττικιυμιἕνας,
539 2515 559 2555 ἡ
585 2513 862 2559 ἀρχαιοῑρόῑῑους
889 2514 1020 2548 διώκων
1047 2515 1232 2556 ουντάξεις,
1258 2515 1345 2561 μήτε
1371 2517 1455 2562 πρὸς
1480 2518 1542 2561 τὴν

79 2574 396 2616 κίιθω,ι(,αλισ,ιιείἠν
428 2569 529 2603 ’νεύων
559 2572 751 2611 πανιε).ὦς,
796 2572 888 2605 ἀλλὰ
918 2574 965 2615 τῷ
999 2575 1091 2616 μέσῳ
1123 2576 1192 2606 τῶν
1218 2574 1325 2617 λόγων
1348 2576 1543 2620 χαρακτῆρι

74 2632 224 2675 χαίρων,
263 2628 396 2673 ῳξύγων
420 2640 455 2659 τε
482 2626 629 2671 τροπὰς,
666 2630 723 2660 καὶ
746 2628 875 2670 τᾶλλα,
901 2629 987 2671 πλὴν
1011 2631 1078 2662 τῶν
1100 2631 1179 2676 παρ’
1199 2631 1346 2675 Ἴέλλησι
1375 2635 1545 2678 μυθολο-

79 2689 252 2731 γουμένων
287 2687 380 2718 θεῶν
408 2699 443 2717 τε
479 2686 534 2717 καὶ
567 2684 702 2730 ἡρώων,
743 2684 807 2718 ὅσα
838 2685 879 2719 τὸ
912 2687 1094 2729 ποιητικὸν
1124 2691 1227 2725 ἔθνος
1260 2693 1410 2733 νέμω-ιω.
1461 2692 1543 2724 Hoc

83 2748 162 2783 est,
204 2742 418 2783 „Dii-tionis
454 2742 575 2776 forma
610 2745 825 2786 perspicua,
861 2755 931 2776 nec
957 2746 1144 2788 exquisite
1175 2754 1327 2786 ornata,
1370 2759 1544 2791 quaeque

83 2801 303 2841 „historiam
340 2802 502 2833 maxime
539 2801 670 2842 (lecet,
706 2803 836 2834 utitur.
881 2802 930 2835 Et
955 2813 1076 2847 neque
1104 2805 1405 2840 constructiones
1433 2807 1543 2843 nimis
