1859 3326
311 191 405 233 362
782 182 1301 226 ANNOTA'I'IONES

309 303 380 343 Ph.
401 301 605 342 Cluverius
625 299 705 340 Sic.
728 298 861 349 Antiq.
886 297 928 337 L.
948 298 996 339 ll.
1018 300 1060 340 6.
1083 310 1119 347 Ρ.
1141 298 1250 339 309.
1279 303 1318 336 et
1338 296 1410 336 los.
1430 296 1567 346 ivasse
1587 297 1636 337 ad
1655 297 1773 338 Thu-v

308 360 438 413 eydid.
459 359 501 399 L.
523 358 606 396 Vll.
627 359 701 399 32.
726 357 896 406 amplexi
924 357 1066 406 optime
1086 355 1257 394 fuerunt.
1290 355 1428 394 Wuss.

424 417 534 457 448.
570 416 644 455 79.
697 413 887 464 §megene
923 409 1080 451 ἀκονιτὶ
1111 409 1475 466 περιπεποιημένος
1511 408 1588 465 τὴν
1619 409 1768 466 νίκην]

308 475 370 514 Ad
400 473 501 512 hanc
531 473 737 510 victoriam
770 472 961 521 pertinere
990 481 1149 506 numum
1181 469 1412 519 opinantur,
1449 467 1649 510 ΔΕΙΝΟ.
1681 482 1770 508 cum

308 532 496 571 victoriae
515 530 628 580 signo
651 528 901 575 inscriptum,
923 523 1096 576 Begerus
1117 523 1234 562 Thes.
1249 523 1391 564 Brand.
1412 523 1459 564 T.
1479 525 1510 566 Ι.
1532 539 1568 577 Ρ.
1591 527 1700 572 297.
1728 531 1770 564 et

311 588 396 641 Sig,
416 586 706 635 Havereampus
725 584 774 621 ad
794 582 903 620 Sieil.
923 582 1087 619 Parutae
1108 593 1146 631 Ρ.
1172 582 1310 623 1050.
1343 580 1479 619 Wssss.

420 644 529 684 449.
564 643 636 684 87.
691 632 828 684 Οὗτος
854 635 932 691 γὰρ
964 632 1115 685 Τώκας
1139 657 1188 666 -·
1208 634 1538 692 χειρωσάμενος]
1597 637 1771 678 Tuccam

310 714 394 742 esse
413 701 600 745 arbitror,
626 702 665 734 et
685 695 889 735 Numidiae
913 694 1089 743 quidem:
1117 707 1206 732 nam
1224 696 1353 744 plures
1375 707 1418 732 eo
1450 696 1606 734 nomine
1634 696 1770 734 Africa

309 758 485 803 habebat,
505 756 550 792 «le
572 754 710 805 quibus
728 753 776 791 ad
788 751 931 790 Anton.
944 751 1076 790 itiner.
1095 763 1132 800 Ρ.
1153 751 1228 792 48.
1250 750 1455 789 Numidiae
1474 752 1615 800 videri,
1627 752 1769 801 oppido

311 816 433 854 vicini
454 811 642 850 Numidae
663 809 908 859 persuadent.
951 808 1052 859 Lege
1074 808 1119 846 de
1138 821 1182 845 ea
1204 806 1321 846 Dion.
1338 805 1512 847 Cassium
1534 807 1768 847 L.XLV111.

311 884 348 921 p.
369 871 477 911 421.
511 875 548 907 et
568 868 833 905 Ptolemaeum
853 864 896 903 L.
922 863 984 904 lv.
1008 865 1050 906 3.
1098 864 1212 902 Haud
1233 877 1326 905 vero
1345 864 1451 913 scio,
1488 878 1538 903 an
1558 865 1770 917 adiungere

311 928 488 973 debeam,
523 924 696 963 nominis
716 924 830 961 istius
849 924 1038 972 originem
1064 928 1211 960 erutam
1236 934 1319 959 esse
1340 933 1362 958 a
1381 921 1564 973 diligenti
1583 924 1669 962 viro
1691 921 1768 960 lac.

310 984 462 1022 Hasaeo
492 994 540 1020 ex
569 990 724 1026 cumn,
761 979 936 1019 Tace-iim
950 1007 961 1027 ,
983 991 1077 1029 quas
1097 979 1234 1017 simias
1253 983 1386 1027 putat,
1412 984 1527 1030 atque
1547 990 1596 1017 ex
1615 978 1770 1017 Africae

310 1054 377 1078 ora
406 1043 447 1078 in
471 1037 728 1076 Palaestinam
759 1036 980 1074 Salomonis
1007 1042 1132 1072 aetate
1170 1037 1308 1072 allatas
1346 1034 1394 1072 ob
1431 1037 1469 1075 l.
1499 1033 1596 1087 Reg.
1616 1034 1671 1078 X,
1693 1037 1771 1077 22.

309 1105 347 1134 et
367 1100 408 1138 2.
438 1094 580 1133 Chron.
602 1093 671 1134 lX.
692 1095 765 1134 21.
812 1091 890 1131 Res
918 1094 1020 1129 enim
1045 1091 1249 1130 admodum
1281 1096 1341 1129 est
1365 1092 1537 1139 incerta,
1568 1098 1606 1130 et
1634 1093 1771 1129 multis

307 1154 610 1204 originationum
637 1150 863 1202 ambagibus
894 1150 1094 1199 inplicata.
1136 1147 1235 1196 Adi,
1271 1149 1308 1185 si
1336 1145 1410 1184 hoc
1439 1160 1583 1198 genere
1609 1149 1771 1200 caperis,

306 1210 408 1248 Bibl.
430 1208 649 1246 Bremensis
674 1206 796 1246 Class.
820 1206 863 1244 ll.
884 1204 994 1247 Fasc.
1017 1204 1081 1243 111.
1101 1218 1136 1257 p.
1160 1205 1269 1245 471.
1290 1210 1364 1242 etc.
1393 1203 1533 1244 WESS.

418 1266 526 1306 449.
556 1266 631 1306 90.
673 1260 763 1316 Τὴν
792 1259 1100 1313 ὀνομαζομένην
1136 1258 1367 1313 Φελλίνην]
1416 1260 1536 1299 Putes
1563 1273 1587 1300 a
1616 1259 1771 1299 suberis

309 1324 421 1372 copia
450 1321 549 1359 hanc
577 1320 732 1367 urbem,
773 1325 811 1357 et
835 1318 1129 1370 Aspleodelodes
1161 1331 1183 1357 a
1214 1318 1313 1356 laeto
1347 1317 1554 1369 asphodeli
1576 1324 1771 1367 proventu

310 1380 480 1417 Graecos
499 1378 731 1427 adpellasse:
761 1375 878 1423 mihi,
908 1374 1009 1424 quod
1031 1374 1188 1425 quidem
1209 1375 1471 1423 meminerim,
1497 1387 1570 1412 nec
1589 1374 1770 1413 Plzelline

308 1438 425 1483 urbs,
453 1447 574 1482 neque
604 1432 899 1484 Aspleodelodes
931 1444 1092 1481 usquam
1122 1444 1206 1468 sese
1236 1430 1480 1469 obtulerunt:
1522 1426 1611 1469 nani
1639 1431 1772 1469 Belli-

307 1494 456 1531 niensis
472 1492 625 1528 Africae
647 1490 884 1539 Episcopus,
913 1490 977 1537 qui
1000 1489 1164 1526 concilio
1188 1485 1507 1528 cabarsussitano
1528 1490 1772 1539 subscripsit,

309 1551 358 1587 ad
384 1549 600 1587 Plccllinem
626 1548 764 1585 referri
785 1559 861 1583 uon
884 1558 994 1595 posse
1016 1545 1186 1583 videtur.
1213 1543 1350 1581 lVEss.

420 1606 529 1645 449.
559 1604 633 1644 93.
670 1601 825 1655 Τρίτην
847 1599 887 1641 δ’
918 1596 996 1642 εἷλε
1018 1599 1268 1652 Ε’[εσχέλαν]
1299 1600 1539 1640 Meschelam
1566 1602 1650 1639 sive
1679 1600 1771 1639 Ma-

308 1662 486 1701 schalam
527 1660 701 1698 nondum
735 1661 883 1709 reperi,
914 1661 989 1697 nisi
1009 1658 1220 1697 Maxalam
1240 1659 1359 1706 velis,
1387 1657 1489 1707 quod
1511 1664 1641 1696 tamen
1661 1658 1770 1695 urbis

307 1724 389 1758 eius
411 1721 513 1755 situs*
531 1729 609 1754 non
642 1718 844 1765 permittit.
879 1713 991 1753 Couf.
1016 1722 1098 1753 not.
1126 1715 1174 1752 ad
1194 1713 1339 1752 Autou.
1372 1713 1503 1752 itiner.
1524 1727 1560 1764 Ρ.
1584 1715 1656 1756 58.
1699 1713 1772 1752 Est

307 1780 348 1815 in
371 1774 569 1824 Stephano
590 1772 775 1824 Mdycmcs.
797 1769 912 1819 πόλις
933 1767 1127 1823 Λιβύης,
1157 1784 1270 1822 quam
1295 1777 1467 1809 nostram
1484 1784 1589 1819 esse,
1609 1784 1688 1808 non
1711 1771 1771 1808 di-

308 1847 415 1871 xero.
463 1831 503 1868 111
532 1830 627 1868 mihi
650 1833 745 1867 satis
766 1831 903 1878 liquet,
938 1829 1084 1867 frustra
1115 1841 1197 1866 eum
1227 1827 1402 1879 Appiano
1434 1827 1570 1866 Punic.
1589 1840 1627 1876 p.
1652 1829 1772 1876 ll4.,
1800 1859 1803 1862 .

308 1891 373 1927 ubi
395 1890 440 1926 de
469 1888 609 1925 Pisone
633 1881 858 1937 ἐπολιόρκει
889 1882 942 1925 τὰ
963 1881 1187 1938 μεσόγαια,
1218 1886 1407 1924 inculcari
1428 1898 1450 1923 a
1477 1885 1565 1923 viro
1588 1884 1773 1922 eruditis-

308 1948 428 1985 simo:
456 1957 592 1982 revera
625 1946 728 1980 enim
764 1949 844 1980 tum
879 1944 1062 1992 temporis
1093 1940 1323 1990 Calpurnius
1357 1942 1447 1979 Piso
1478 1943 1520 1980 in
1547 1941 1773 1992 subigendis

307 2003 598 2041 mediterraneis
612 1998 988 2050 Carthaginiensium
1009 1999 1158 2048 oppidis
1179 2011 1333 2047 operam
1351 1998 1529 2048 ponebat,
1554 2005 1597 2036 ut
1617 2011 1666 2035 ex
1686 2009 1770 2046 seq,

308 2060 471 2110 Appian.
488 2071 574 2108 pag.
595 2069 818 2107 cognosces,
851 2056 900 2093 At
918 2055 955 2093 id
973 2068 1075 2092 nunc
1095 2068 1172 2092 non
1192 2056 1331 2108 agitur.
1365 2054 1448 2096 Hoc
1469 2067 1548 2092 non
1568 2055 1771 2106 negligen-

310 2118 414 2163 dum,
444 2114 659 2151 Diodorum
682 2113 724 2149 l..
750 2111 815 2149 ΙΙΙ.
838 2111 939 2149 nihii
960 2111 1005 2149 de
1027 2111 1095 2148 hac
1117 2112 1234 2159 urbe,
1263 2110 1363 2149 nihil
1383 2111 1428 2147 de
1451 2110 1622 2158 Graecis,
1648 2110 1770 2148 Troia

307 2173 500 2218 reversis,
532 2171 825 2220 perscripsisse,
857 2175 972 2217 atque
993 2168 1089 2205 adeo
1108 2166 1150 2207 ἐν
1176 2170 1227 2221 τῇ
1248 2165 1366 2220 τρίτῃ
1385 2166 1520 2221 ῥίζὸλῳ
1541 2169 1640 2205 vitio
1661 2168 1771 2205 labo-

308 2243 406 2268 rare.
428 2228 567 2265 W'Ess.
613 2225 743 2278 Τρίτῃ
765 2237 813 2262 ex
839 2223 980 2276 τρίτῃ-ν
1003 2227 1207 2273 repetitum
1231 2237 1298 2273 pro
1322 2219 1506 2277 ἕβὸόμῃ,
1538 2231 1581 2261 ut
1600 2223 1770 2262 videtur.

421 2285 530 2324 449.
562 2284 636 2323 97.
668 2279 789 2333 Ἑξῆς
819 2280 862 2320 δὲ
883 2278 958 2331 τὴν
988 2278 1106 2331 ὄνομ.
1128 2277 1283 2331 ’Άκραν
1297 2276 1444 2318 Ἵππου
1466 2282 1575 2327 αα]
1601 2278 1645 2317 Si
1665 2280 1773 2333 Hip-

301 2355 463 2396 puacra
477 2368 488 2386 ,
514 2352 625 2390 quam
649 2350 764 2386 snpra
784 2338 1120 2387 investigavimus,
1150 2339 1203 2374 sit
1223 2336 1359 2387 IIippo
1380 2336 1644 2387 Diarrhytus,
1673 2337 1772 2375 nihil

308 2398 533 2437 conmodius
547 2403 583 2433 et
593 2397 766 2432 locorum
777 2393 1027 2441 descriptioni
1038 2395 1334 2431 convenientius
1346 2395 1772 2443 censeripoterit,quam

308 2457 356 2494 ab
369 2455 554 2506 Hippone
575 2452 704 2500 Regio
726 2449 824 2487 nihil
844 2449 943 2487 hanc
961 2450 1191 2498 discrepare.
1209 2448 1250 2487 S.
1263 2449 1488 2497 Bochartus,
1503 2453 1565 2488 vir
1586 2463 1770 2498 summus,

314 2527 358 2550 ea
378 2513 453 2549 fuit
472 2511 664 2547 sententia
686 2507 731 2544 de
752 2505 885 2544 Colon.
905 2506 1088 2544 Phoenic.
1107 2506 1149 2544 L.
1172 2506 1199 2542 Ι.
1213 2507 1302 2553 24.,
1321 2520 1391 2544 nee
1412 2507 1518 2544 illam
1538 2513 1667 2544 tamen
1679 2507 1771 2544 Abr.

309 2567 490 2607 Berkelio
518 2563 747 2617 persuadere
764 2564 905 2613 potuit.
951 2563 1144 2601 Observat
1161 2564 1265 2601 enim
1285 2563 1333 2600 ad
1358 2561 1595 2611 Stephanum
1616 2565 1658 2600 in
1681 2559 1769 2602 ‘In-

311 2620 526 2676 πουάκρα,
566 2621 737 2658 Africam
765 2619 944 2656 habuisse
968 2619 1063 2656 duos
1089 2619 1292 2668 Hippones
1329 2619 1564 2667 totidemque
1583 2619 1769 2668 Ilippzm-

311 2695 428 2728 cras,
457 2687 632 2727 testeque
653 2680 775 2714 utitur
796 2675 1037 2723 Ptolemaeo,
1067 2690 1090 2714 a
1112 2688 1186 2725 quo
1207 2677 1248 2714 1..
1269 2675 1332 2713 lv.
1354 2677 1393 2715 3.
1424 2675 1666 2724 Hassppuacm
1690 2689 1769 2713 non

310 2740 426 2789 longe
445 2737 492 2773 ah
512 2735 688 2785 Hippone
712 2730 858 2783 Regio,
889 2740 928 2769 et
953 2733 1058 2771 aliud
1087 2731 1255 2770 eiusdem
1277 2732 1442 2769 nominis
1463 2733 1769 2781 promontorium

312 2809 427 2843 prope
449 2793 721 2830 Philaenorum
740 2802 846 2825 aram
865 2790 1089 2826 collocatur.
1118 2789 1246 2837 Atque
1265 2788 1335 2826 hoc
1355 2787 1509 2838 quidem
1530 2790 1625 2825 bene
1645 2788 1768 2826 habet.

311 2851 457 2885 Vvilem
482 2860 607 2887 tanim
639 2844 1000 2890 animadvertisset,
1028 2843 1270 2895 Hippuacrae
1299 2849 1380 2883 sive
1403 2843 1520 2895 Hippi
1547 2851 1766 2895 promonto-
