1859 3326
249 219 343 263 5:34
711 215 1237 260 ANNOTATIONES

249 334 363 373 huius
383 334 575 385 opInionis
601 341 778 373 auctores
796 332 930 385 Diony
934 334 1014 369 sius
1031 330 1392 374 Halicarnassensis
1410 332 1505 374 Ant.
1523 331 1637 375 Rom.
1663 333 1709 374 L.

249 392 280 432 Ι.
303 407 339 444 p.
355 392 426 432 59.
457 391 680 429 etFestus
670 406 710 429 in
734 390 870 429 Roma.
929 389 1065 427 Wcss.

365 450 471 490 636.
505 451 576 488 72
605 446 742 488 ’Έτεσι
772 446 897 486 πλείω
919 448 1005 486 τῶν
1031 441 1082 485 v'.
1108 443 1176 485 καὶ
1195 441 1229 484 λ’
1236 445 1264 496 .]
1309 445 1354 484 ld
1374 460 1508 486 verum
1526 461 1633 498 esse,
1661 460 1713 488 ex

250 507 331 543 illis
362 519 571 557 cognosces
585 534 596 552 ,
637 517 733 554 quae
756 510 889 541 auctor
910 516 959 540 ex
978 502 1213 551 Apollodoro
1235 503 1281 540 de
1302 507 1483 554 temporis
1500 507 1712 544 intervallo

251 562 575 599 intel-Troianum
589 564 730 598 bellum
752 569 789 597 et
809 563 967 608 primam
979 559 1248 609 Olympiadem
1267 560 1400 598 docuit
1419 561 1461 598 L.
1475 561 1502 600 Ι.
1527 563 1567 602 5.
1597 562 1712 607 Quod

251 632 346 657 vero
366 621 480 657 initia
500 621 604 656 urbis
618 618 761 655 Romae
782 617 829 654 ad
849 630 993 654 annum
1009 616 1056 657 ll.
1079 617 1326 667 Olympiadis
1344 628 1417 655 vu.
1441 620 1574 668 refert,
1608 618 1715 657 istud.

251 675 441 726 Polybio,
477 678 559 713 eius
593 676 786 726 opinionis
816 676 1002 723 principi,
1046 673 1171 712 debet.
1229 673 1326 711 Vide
1356 673 1592 727 Dionysium
1618 675 1662 713 L.
1684 675 1715 714 I.

251 731 365 769 Rom.
397 732 444 773 A.
480 745 516 782 p.
539 734 614 774 60.
647 739 685 771 et
715 731 766 769 H.
785 729 1031 769 Dodwellum
1050 730 1221 772 Dissert.
1242 729 1296 770 X.
1326 731 1372 770 de
1395 730 1528 784 Cyclis
1553 745 1589 783 p.
1608 733 1714 774 558.

249 788 381 829 Wess.

370 846 475 887 636.
509 847 582 887 78.
625 847 714 886 Τοῦ
733 840 828 885 τότε
848 843 925 897 μὲν
950 841 1097 897 'Ama
1128 841 1413 896 καλουμένου]
1453 844 1544 884 Non
1565 845 1718 896 dubito,

253 914 301 950 qu
308 901 566 953 inSyncellus
585 904 687 940 bona
708 903 783 940 fide
797 902 1012 939 Diodorum
1033 903 1302 952 exscripserit:
1331 908 1486 940 constat
1504 910 1609 940 certe
1629 904 1719 952 sibi,

254 959 406 1007 quando
429 974 464 1009 p.
484 961 588 1000 147.
611 960 657 996 de
679 973 770 1012 rege
791 960 1028 997 Albanorum
1050 958 1262 1008 'liberino,
1294 961 1377 996 sive
1401 966 1445 996 ut
1464 962 1544 1009 ipse
1570 961 1718 1009 scribit,

254 1015 438 1064 yliberio,
478 1014 549 1085 ἀφ’
575 1016 623 1055 οὗ
645 1014 834 1067 ποταμὸς
865 1015 1031 1068 Ίίβεοις
1051 1011 1399 1068 προσηγοοεῦθη,
1428 1012 1448 1056 ὃ
1477 1031 1574 1069 πριν
1598 1016 1718 1056 AA-

253 1071 383 1111 BAE
411 1069 677 1124 καλούμενος.
739 1073 917 1111 Miranda
946 1086 1038 1124 ergo
1069 1073 1160 1111 Abr.
1188 1071 1360 1110 Berkelii
1387 1073 1623 1110 confidentia
1645 1079 1719 1123 est,

253 1130 303 1166 ad
324 1128 514 1178 Stephani
535 1131 675 1179 verba,
706 1127 790 1169 ἔστι
812 1146 880 1169 και
901 1126 1092 1180 ποταμὸς
1108 1128 1352 1177 AABA...‚
1392 1125 1412 1168 ὃ
1444 1132 1519 1168 νῦν
1551 1125 1720 1182 λεγόμε-

253 1200 325 1232 νος
358 1186 544 1237 Τίβερις,
581 1189 809 1225 scribentis:
849 1200 960 1225 nemo
994 1194 1068 1224 aut
1101 1188 1353 1225 Graecorum
1379 1193 1455 1223 auc
1480 1186 1718 1225 Latinorum

253 1242 358 1281 lianc
389 1257 542 1281 (mmem
563 1244 637 1282 lico
666 1246 822 1282 nomine
849 1246 1080 1293 insignivit:
1120 1256 1246 1295 quare
1266 1256 1353 1280 cum
1377 1243 1561 1281 Gcaverio
1583 1245 1720 1294 legen-

254 1301 344 1340 dam
364 1303 570 1349 existimQ
599 1299 683 1341 ἔστι
703 1300 771 1340 καὶ
795 1298 985 1351 ποταμὸς
1000 1295 1249 1351 Ἀλβοῦλας
1269 1307 1340 1337 etc.
1399 1302 1495 1344 Quis
1519 1303 1620 1338 enim
1645 1300 1718 1339 hoc

253 1356 416 1408 probet?
462 1357 717 1407 Conspirant‚
761 1360 819 1394 uti
838 1356 1041 1394 Berkelius
1069 1359 1235 1402 fatetur,
1264 1357 1304 1392 in
1329 1359 1499 1394 nominis
1520 1360 1601 1395 eius
1621 1360 1721 1396 scri-

254 1422 370 1462 ptura
394 1414 484 1451 libri
501 1428 645 1452 omnes.
690 1413 919 1452 Eustathius
939 1415 985 1451 ad
1009 1413 1194 1464 Dionysii
1218 1413 1410 1464 l’erieges.
1431 1428 1466 1451 v.
1489 1415 1595 1454 350.
1617 1414 1721 1453 idem

253 1470 393 1517 habet,
423 1478 527 1508 certe
550 1473 590 1508 in
609 1485 722 1509 manu
746 1473 915 1508 exaratis
938 1472 1060 1509 libris.
1117 1470 1318 1508 Accedunt
1337 1469 1532 1508 Diodorus
1556 1479 1595 1509 et
1614 1470 1721 1522 Syn-

255 1530 389 1567 cellus.
447 1527 540 1565 Scio
572 1531 773 1578 plerosque
803 1541 936 1565 omnes
963 1529 1122 1566 Latinos
1153 1526 1399 1565 ALBULAM
1439 1530 1577 1577 malle,
1615 1528 1721 1577 quod

255 1591 384 1622 tamen
418 1585 720 1633 diminutivum,
758 1584 935 1622 ALBAM
966 1598 1046 1622 non
1075 1586 1188 1634 plane
1215 1584 1424 1621 absurdum
1449 1598 1554 1632 esse,
1585 1587 1720 1635 utique

254 1642 414 1679 indicat.
475 1642 516 1678 Id
541 1656 635 1680 vero
656 1643 759 1680 unde
783 1641 979 1680 Diodorus
1002 1644 1216 1690 acceperit,
1255 1642 1392 1679 Albam
1415 1642 1586 1694 Longam
1609 1655 1629 1679 a
1649 1641 1723 1680 Ti-

254 1698 358 1747 beri,
394 1701 455 1736 cui
477 1707 558 1736 tum
581 1699 700 1736 Albae
724 1713 885 1746 nomen,
913 1699 1034 1736 fuisse
1055 1701 1391 1749 cognominatam,
1422 1702 1576 1747 nesci03
1610 1711 1723 1747 prae-

255 1759 389 1793 sertim
411 1770 494 1792 cum
517 1757 606 1793 urbs
628 1758 687 1794 illi
706 1756 825 1794 fluvio
845 1769 923 1793 non
946 1756 1174 1802 accubaret,
1203 1755 1338 1792 stadiis
1364 1755 1482 1793 ferme
1503 1766 1600 1794 cxx.
1624 1762 1723 1794 teste

253 1811 451 1863 Dionysio
473 1812 519 1852 R.
543 1815 634 1853 Ant.
659 1814 699 1850 L.
715 1813 743 1850 Ι.
764 1826 801 1861 p.
818 1814 912 1861 65.,
944 1813 991 1850 ab
1013 1826 1057 1850 eo
1079 1815 1284 1850 disiuncta.
1342 1811 1479 1849 NVEss.

371 1871 477 1910 636.
513 1873 586 1911 80.
630 1867 816 1920 (Ιὶυβιος,
858 1865 877 1909 ὃ
908 1866 983 1916 τὰς
1014 1868 1108 1920 etc.]
1154 1870 1199 1914 Q.
1217 1868 1378 1908 Fabium
1401 1868 1595 1907 Pictorem
1625 1882 1723 1917 esse,

254 1937 369 1963 nemo
402 1929 572 1978 ignorat.
630 1926 726 1964 Mox
756 1927 939 1963 edebatur
968 1941 1072 1979 φησι
1100 1922 1178 1980 γὰρ
1198 1925 1398 1975 Αινείαν,
1436 1926 1724 1964 absurdissime.

254 1981 428 2021 Helenus
448 1985 496 2020 ad
516 1984 684 2021 Aeneam
704 1983 945 2021 Aeneid.111.
968 1984 1075 2023 389.

426 2041 521 2078 Cam
552 2040 624 2078 tibi
651 2041 823 2078 sollicilo
852 2042 1004 2077 secreti
1029 2040 1086 2078 ad
1104 2040 1290 2090 fluminis
1318 2039 1467 2078 undam

427 2097 603 2135 Litorez's
632 2099 771 2147 ingens
801 2099 964 2134 inventa
993 2097 1062 2134 sub
1097 2096 1254 2133 ilicibus
1284 2109 1365 2141 sus,

432 2154 620 2204 T1·igin.'a
653 2157 831 2206 capitum
851 2154 1000 2201 foetus
1026 2155 1170 2200 enixa,
1207 2153 1369 2200 iacebit,

429 2212 554 2257 Alba,
598 2213 679 2248 solo
707 2211 923 2259 recubans,
960 2210 1044 2248 albi
1070 2212 1222 2248 circum
1251 2210 1376 2247 ubera
1402 2208 1518 2246 nati.-

430 2269 474 2307 IS
506 2270 614 2306 locus
643 2269 729 2305 utba
726 2271 751 2305 ’3
784 2270 875 2307 erit.
906 2289 953 2295 —
980 2289 1040 2296 —-—

256 2319 499 2362 Praeferrem
518 2336 666 2374 quoque
689 2332 774 2374 post
792 2337 913 2374 pauca
935 2317 1472 2391 xc19327750ffl3ae.W12ss.

374 2383 481 2422 636.
516 2383 589 2422 83
629 2382 698 2420 Ma
694 2380 874 2426 monog
905 2377 1034 2419 αὐτοῦ
1062 2374 1183 2418 θύειν
1207 2379 1302 2430 etc.]
1344 2379 1387 2415 In
1409 2378 1595 2428 Syncello
1624 2373 1725 2429 μὲλ-

258 2435 332 2472 λον
325 2450 376 2475 τε
381 2452 424 2482 ς·
456 2438 558 2487 quod
578 2439 737 2475 mutavi.
796 2437 987 2475 Videntur
1007 2443 1204 2486 praeterea
1224 2443 1309 2486 post
1327 2433 1476 2486 7evnr2
1499 2435 1547 2472 ad
1568 2441 1725 2471 senten-

261 2494 351 2528 tiam
383 2497 596 2544 plenioiem
628 2496 817 2532 nonnulla
848 2494 1072 2532 desiderari.
1129 2493 1285 2543 Alioqui
1317 2491 1561 2529 scribendum
1589 2482 1639 2530 ὗν
1671 2510 1722 2519 -·

260 2548 558 2605 7eLmJVc'empv21
563 2556 618 2590 εἴν
640 2550 682 2589 ἐκ
707 2553 854 2601 ῖῶνχε
839 2566 958 2589 [οων
981 2557 1054 2587 etc.
1112 2550 1253 2589 VVESS

375 2610 481 2648 637
516 2612 588 2649 88.
635 2608 737 2658 Οἷκῖ
745 2622 812 2645 σαι
833 2605 905 2646 τὸν
926 2603 1076 2657 τόπον]
1114 2605 1278 2646 Οἷκίσαι
1299 2607 1483 2655 scriptum
1502 2605 1592 2652 fuit,
1620 2603 1725 2652 quod

261 2663 375 2702 solito
395 2667 468 2703 sibi
491 2679 595 2702 more
615 2665 768 2702 librarii
787 2671 999 2701 mutarunt.
1040 2664 1071 2701 V
1075 2663 1127 2703 id.
1149 2663 1197 2700 ad
1219 2662 1261 2702 L.
1275 2661 1361 2699 XV.
1386 2663 1459 2702 66.
1472 2688 1483 2708 ,
1515 2667 1553 2697 et
1575 2635 1650 2697 de
1640 2674 1725 2709 ipsa

260 2717 334 2757 hac
361 2735 426 2770 re,
466 2735 601 2771 parum
622 2729 753 2758 tamen
774 2721 1092 2769 dissentientem,
1131 2719 1225 2758 Aur.
1249 2719 1445 2757 Victorem
1469 2717 1579 2770 Orig.
1601 2717 1722 2758 Gent.

260 2774 372 2816 Rom.
401 2793 432 2816 c.
455 2781 523 2820 ll.
583 2779 718 2817 WEss.

375 2837 483 2877 637·
519 2837 596 2877 99.
639 2829 1106 2887 Τοῖ)Ἀριστοὸαμι’δα]
1139 2831 1248 2881 Apud
1271 2830 1497 2882 Syncellum
1521 2827 1725 2883 Ἀριστο-

263 2890 511 2943 &arnaudum
569 2893 768 2944 Scaliger,
798 2904 910 2940 quem
929 2892 1148 2941 sequimur,
1174 2891 1317 2928 rectius
1336 2889 1378 2926 in
1396 2889 1624 2940 fragmentis
1644 2888 1724 2926 Eu-
