1859 3326
292 221 389 262 410
761 217 1288 260 ANNOTATloNES

410 332 516 372 508.
548 331 623 372 30.
664 329 738 378 Εἷς
762 347 839 382 την
872 326 1101 382 mmmmm]
1142 331 1284 370 Confer
1313 333 1378 373 lib.
1391 332 1524 375 XXII.
1548 334 1683 402 Eclog.
1696 341 1740 379 2.

293 389 489 437 Oppidum
510 395 594 425 erat
614 396 726 436 portu
744 388 957 434 defectum,
985 385 1257 439 πολισμάτιον
1278 388 1494 442 ἀλιζιιενον,
1523 388 1675 441 σάλους
1697 393 1739 433 δ’

292 441 388 496 Ξχον
421 444 489 484 καὶ
520 442 754 497 προβολὰς,
790 445 925 482 scribit
948 444 1145 494 Polybius.
1218 446 1312 484 Mox
1355 449 1456 494 ναῦς
1487 445 1669 500 μεγαλοις
1706 458 1745 488 et

290 499 458 553 μακρὰς
495 501 708 539 distinctim
735 504 864 550 ponit,
904 501 972 538 has
998 502 1134 553 longas
1163 505 1244 541 sive
1278 505 1492 551 militares,
1537 506 1625 543 illas
1649 520 1743 543 one-

290 561 418 596 rarias
445 571 580 608 easque
612 560 776 594 maiores
798 559 1038 609 intelligens:
1076 560 1220 606 alioqui
1237 557 1387 612 μικοὰς
1408 561 1598 611 refingere
1622 565 1663 600 in
1683 565 1742 601 fa-

291 617 360 653 cili
389 617 504 652 foret.
554 614 701 663 Inspice
723 614 777 650 lo.
799 612 988 651 Schefleri
1011 614 1126 652 Milit.
1148 615 1247 654 Nav.
1267 617 1309 654 L.
1324 616 1369 653 ll.
1389 619 1432 656 2.
1491 617 1630 656 VVESS.

408 673 513 711 508.
541 672 614 710 35.
656 666 702 719 ιζ’
716 668 734 722 ]
777 666 810 717 ξ’
827 692 875 698 —
898 670 965 710 καὶ
989 677 1226 724 φορτνῃοΐς.
1284 672 1422 710 Rfloo.

408 729 513 767 508.
553 728 628 767 48.
682 724 803 779 Πρὸς
830 743 905 779 την
938 730 1014 780 φῆν
1040 730 1114 780 τῆς
1144 728 1423 782 Καμαρίνας]
1472 726 1594 782 Πρὸς
1617 731 1667 784 τῆ
1691 731 1742 784 γῇ

287 782 638 838 τῆς]ζιι.μαρι’ν.ας
658 782 795 821 RHoD.
824 784 965 822 Nescio
985 798 1035 822 an
1056 785 1149 821 baec
1167 786 1327 823 redeant
1340 786 1437 825 Exc.
1450 786 1535 823 Vat.
1554 799 1590 835 p.
1606 788 1678 826 59.
1701 791 1741 828 8.

407 841 511 881 508.
546 841 618 880 51.
665 836 925 891 Κάμψαντες
953 838 1027 881 τὸν
1047 838 1248 892 Πάχυνον
1262 841 1280 894 ]
1332 843 1363 880 Ε
1368 843 1477 880 adem
1496 842 1634 894 Polyb.
1655 843 1698 881 L.
1711 843 1741 881 l.

292 897 380 944 54„
400 900 461 933 cui
481 897 664 953 adiunge
666 897 709 933 P.
724 897 906 934 Orosium
931 897 974 937 L.
991 897 1055 936 [V.
1086 900 1155 939 10
1214 899 1349 937 Wssss.

406 955 511 994 508.
544 955 615 994 57.
646 947 783 993 Ἷ-Ιλθε
802 951 848 993 τὸ
870 953 1135 1005 Λιλυβαῖον]
1169 952 1742 1006 1nA‹ldend.Rh0dom.719‹3‹;

284 1007 334 1049 τὸ
360 1010 617 1060 Λιλτβαΐον.
657 1023 736 1048 non
756 1012 868 1048 male.
917 1010 1066 1048 Poterit
1085 1018 1212 1049 tamen
1237 1012 1453 1062 Excerptor
1474 1026 1513 1050 se
1534 1015 1634 1050 tueri
1653 1011 1741 1049 Ste-

284 1067 406 1117 phani
433 1070 684 1114 auctoritate,
723 1069 787 1115 qni
818 1080 840 1104 a
872 1067 1056 1117 Lilybaeo
1084 1069 1318 1106 adiectivum
1346 1068 1459 1106 habet
1487 1070 1740 1119 Λιλυβαῖος.

284 1123 429 1161 Wess,
488 1123 532 1160 ln
550 1131 681 1161 annot.
704 1122 828 1161 Rhod.
849 1120 956 1177 ἀμφὶ
979 1121 1024 1163 τὸ
1046 1127 1109 1162 vel
1128 1123 1234 1163 κατὰ
1256 1121 1319 1164 τό.

402 1181 508 1221 508.
540 1182 617 1221 63.
647 1177 876 1231 Έκυριέυσε
898 1182 972 1219 τοῦ
987 1180 1174 1232 χωρίου]
1227 1180 1407 1219 Carthalo
1429 1193 1509 1218 non
1530 1180 1741 1232 Aegithalli

284 1243 434 1274 tantum
451 1239 596 1286 potitus
618 1243 697 1283 est,
726 1237 793 1273 sed
814 1236 967 1273 Iunium
990 1236 1216 1285 Consulem,
1248 1237 1404 1275 Zonara
1423 1239 1634 1286 referente,
1662 1250 1740 1275 una

283 1306 372 1331 cum
392 1294 607 1343 praesidio,
635 1293 735 1344 quod
759 1295 800 1330 in
825 1293 964 1341 oppido
985 1299 1088 1340 erat,
1122 1296 1237 1342 cepit.
1296 1294 1431 1331 WVEss.

401 1351 507 1391 508.
539 1352 613 1390 70.
666 1349 739 1396 Εἷς
764 1348 809 1388 δὲ
829 1347 902 1388 τὸν
920 1345 1133 1401 Λόγγωνα
1158 1345 1357 1402 Κατάνης
1378 1347 1471 1402 etc.]
1520 1349 1609 1386 Non
1633 1356 1739 1387 caret

281 1407 433 1444 mendis
462 1406 524 1443 hic
554 1408 683 1453 locus,
726 1419 798 1443 nec
837 1406 1028 1454 quomodo
1055 1407 1307 1458 corrigendus
1339 1414 1377 1444 et
1407 1407 1641 1456 supplendus
1671 1409 1736 1454 sit,

280 1470 450 1513 apparet.
496 1463 655 1500 Interim
676 1460 800 1514 lego
782 1477 824 1500 εν
844 1462 888 1501 de*
907 1465 957 1516 τῆ
972 1477 1095 1517 χωρα
1116 1459 1327 1514 Κατάνης.
1370 1465 1412 1500 ln
1432 1463 1601 1500 membro
1618 1466 1737 1501 etiam

279 1533 372 1556 mox
402 1527 582 1568 sequente
616 1520 788 1556 defectus
819 1526 877 1556 est
909 1527 997 1567 post
1024 1504 1235 1573 Βάοκας
1217 1535 1237 1559 ο
1263 1515 1564 1571 Καοχηὸόνιος.
1598 1518 1735 1559 ΒΗΟΙ)

279 1575 392 1614 Nihil
421 1577 523 1613 hunc
552 1578 678 1613 locum
706 1576 880 1613 mendosi
908 1577 1074 1624 tinnire,
1118 1576 1216 1614 haud
1249 1577 1424 1624 equidem
1454 1576 1629 1613 dixerim.
1685 1575 1736 1612 At

280 1635 400 1670 nimia
420 1640 479 1670 est
497 1632 700 1679 medicina,
720 1645 833 1681 quam
857 1634 918 1670 vir
938 1632 1181 1670 doctissimus
1198 1632 1365 1670 adhibet.
1405 1632 1553 1681 Opinon·
1566 1633 1736 1669 voluisse

277 1689 579 1740 Excerptorem‚
606 1702 720 1738 prope
746 1689 925 1737 oppidum
946 1691 1030 1739 agri
1051 1688 1277 1726 Catanensis
1296 1689 1519 1739 Longonem
1537 1690 1736 1726 castellum

280 1760 385 1792 esse,
429 1747 492 1783 cui
521 1759 660 1783 nomen
690 1746 828 1783 [talio.
890 1745 932 1782 ld
954 1749 987 1782 si
1007 1746 1209 1792 admittas,
1236 1748 1368 1794 utique
1389 1747 1489 1782 mala
1509 1758 1587 1781 non
1608 1752 1735 1793 erunt,

278 1815 376 1852 quae
407 1803 470 1840 hic
497 1803 724 1850 produntur.
781 1802 882 1840 Ecce
913 1804 1017 1839 enim
1037 1802 1171 1839 urbem
1192 1803 1263 1839 tibi
1287 1802 1510 1851 Longonem
1531 1804 1613 1838 sive
1631 1802 1734 1839 Lon-

277 1873 424 1910 gonam
449 1872 498 1896 ex
523 1858 740 1908 Stephano:
782 1854 1019 1911 Λογγώνη,
1048 1854 1167 1904 πόλις
1190 1857 1390 1904 Σικελίας.
1443 1857 1534 1895 Scio
1567 1858 1734 1909 diligen-

278 1919 470 1954 tissimum
501 1917 646 1952 veteris
676 1915 834 1953 Siciliae
867 1916 1140 1963 descriptorem
1163 1915 1204 1952 L.
1218 1914 1266 1953 11.
1288 1915 1446 1964 p.394.
1477 1913 1663 1964 Stephani
1683 1915 1733 1951 il-

277 1975 356 2010 lam
381 1974 605 2023 Longonem
624 1975 726 2009 inter
752 1973 865 2009 urbes
889 1974 1027 2009 incerti
1051 1974 1147 2009 situs
1174 1973 1377 2018 retulisse,
1418 1971 1486 2008 sed
1519 1972 1657 2008 melius
1685 1971 1729 2010 L.

276 2029 507 2066 Holstenius
546 2035 585 2065 et
619 2035 708 2066 ante
741 2043 828 2066 eum
858 2027 1106 2066 Casaubonus
1133 2027 1182 2065 ad
1210 2028 1417 2078 Polybium
1444 2027 1488 2064 L.
1502 2027 1531 2065 1.
1554 2039 1592 2077 p.
1625 2028 1729 2068 136.

276 2086 414 2124 ἶνΕεε.

395 2143 501 2183 509.
535 2142 609 2181 73.
650 2139 760 2178 Conf.
779 2140 877 2178 Exc.
898 2140 983 2177 Vat.
1003 2152 1038 2188 p.
1056 2140 1127 2182 59.
1151 2141 1223 2180 11.

395 2200 499 2239 509.
532 2200 605 2238 81.
643 2195 868 2249 Παρέλαβε-
890 2194 965 2247 τὴν
987 2192 1135 2248 πόλιν]
1176 2195 1253 2232 Adi
1273 2194 1478 2245 Polybium
1490 2195 1573 2233 LJ.
1597 2195 1668 2236 58.
1690 2203 1729 2233 et

278 2262 424 2307 partem
449 2256 638 2292 duntaxat
657 2254 795 2303 Erycis
819 2253 1114 2304 intelligendam
1133 2265 1216 2289 esse
1240 2264 1464 2304 cognosces.
1522 2252 1664 2291 WESS.

394 2313 498 2352 509.
529 2312 602 2352 83.
643 2311 686 2348 V.
706 2310 801 2346 Exc.
824 2309 910 2346 Vat.
936 2311 1055 2359 p.60.
1077 2310 1120 2348 3.

393 2370 498 2408 509.
531 2370 604 2409 86.
645 2367 876 2417 Λιγατῖνος
906 2364 951 2404 δὲ
982 2361 1003 2405 ὃ
1032 2361 1213 2415 ὕπατος]
1243 2363 1342 2401 'Pro
1370 2363 1601 2418 Λιγατῖνος
1632 2365 1732 2402 forte

275 2424 520 2463 scribendum
548 2425 807 2469 Καλατΐνος,
846 2424 1002 2459 tametsi
1031 2421 1095 2458 hic
1128 2420 1308 2458 Dictator
1337 2421 1433 2468 fuit,
1469 2434 1548 2458 non
1572 2420 1727 2458 Consul.

276 2480 415 2519 RHOD.
474 2482 616 2519 Verum
650 2487 708 2517 est
728 2475 957 2525 Λυτάτιος.
1010 2478 1186 2515 Lutatius
1209 2480 1310 2514 enim
1331 2476 1488 2515 Catulus
1511 2479 1631 2514 classe
1650 2484 1728 2514 tre-

276 2546 474 2575 centarum
495 2539 672 2584 navium,
708 2542 752 2572 ut
780 2537 1003 2584 planissime
1025 2535 1187 2573 Orosius
1218 2532 1335 2572 L.1V.
1368 2535 1459 2580 10..
1490 2535 1530 2570 in
1551 2532 1727 2571 Siciliam

276 2602 520 2632 transvectus
552 2600 703 2644 portum
725 2591 773 2628 ad
795 2591 974 2641 Drepana
994 2592 1196 2641 occupavit
1222 2591 1384 2639 Polybio
1413 2596 1509 2626 teste
1528 2589 1569 2626 L.
1584 2589 1612 2626 l.
1641 2591 1726 2637 59.‚

277 2653 382 2698 sive,
413 2651 514 2699 quod
534 2651 655 2698 idem,
679 2645 726 2689 τὸ
744 2646 964 2700 Ἐρυκίνων
987 2644 1195 2700 ἐμπόριον.
1232 2647 1406 2695 Namque
1426 2646 1590 2695 Erycini
1613 2656 1725 2695 portu

278 2715 316 2745 et
335 2708 505 2756 emporio
526 2720 673 2756 semper
692 2707 752 2743 usi
774 2712 884 2752 sunt,
925 2705 992 2742 ubi
1021 2711 1154 2754 postea
1174 2703 1354 2752 Drepana
1380 2704 1539 2739 fuerunt
1558 2703 1724 2739 condita.

277 2763 422 2802 Confer
441 2771 519 2800 not.
539 2766 578 2800 in
600 2763 643 2799 Ι.
659 2762 747 2799 XV.
773 2762 845 2801 73
904 2762 1040 2798 WEss.

392 2822 495 2860 509
529 2822 602 2859 92.
640 2816 761 2871 Πρὸς
783 2814 856 2856 τὸν
875 2814 1034 2870 ’Έρυκα
1055 2811 1295 2869 ἐρχόμενος]
1348 2814 1425 2852 Hic
1452 2814 1725 2865 Anantapodo-

277 2884 344 2914 ton
367 2884 425 2913 est
456 2880 593 2913 iterum
619 2882 657 2912 et
689 2874 788 2912 haud
813 2874 927 2911 dubie
952 2874 1135 2910 defectus.
1175 2872 1309 2909 RHOD.
1364 2870 1483 2908 Recte
1507 2878 1544 2908 et
1562 2884 1609 2908 ex
1628 2884 1720 2908 vero
