1891 3310
395 146 458 185 ΙΝ
496 144 608 184 ΙΛΒ.
635 142 736 184 XV.
767 141 900 182 CAP.
931 143 1165 186 60.-63.
1443 149 1504 190 47

64 262 195 309 licere,
221 259 456 312 gentilitium
478 257 516 296 id
543 271 627 295 esse
655 269 819 304 nomen,
851 262 891 294 et
914 258 1019 295 solos
1041 257 1193 297 nobiles
1226 272 1271 298 eo
1297 260 1510 310 adpellatos

65 319 197 356 fuisse.
225 317 314 354 Non
335 317 446 352 male.
472 313 715 352 Nobilissimi
735 320 845 351 erant
863 312 1040 351 Larissae
1070 316 1110 352 in
1141 314 1344 354 Thessalia
1370 317 1511 355 Aleua-

69 375 151 421 dae,
191 385 312 425 genus
340 372 385 408 ab
419 373 688 419 antiquissimo
719 370 840 408 Aleua
870 370 1100 408 derivantes
1131 371 1218 408 Vid.
1241 372 1285 412 L
1308 372 1414 410 XVI.
1439 375 1510 415 14.

67 439 105 468 et
125 443 218 479 quae
242 441 328 470 cum
348 441 438 465 cura
457 430 608 465 notavit
625 428 946 497 diligentissimus
964 426 1063 465 Hen.
1083 427 1260 466 Valesius
1287 429 1336 467 ad
1357 429 1511 481 Harpo-

67 488 277 525 orationem
296 486 338 521 in
351 478 497 523 Ἀλευα
517 486 590 524 τοῦ
612 481 708 524 Πὺ
687 481 802 550 ρρου.
836 482 970 522 Ινεεε,

179 543 250 581 50.
275 541 346 581 57.
372 535 421 580 Ὁ
441 539 486 579 δὲ
504 542 587 579 τῶν
607 533 810 580 Manem
803 555 870 580 ων
888 536 1112 591 βασιλευς]
1157 540 1333 590 Oportet,
1361 543 1396 579 si
1415 541 1511 581 haec

64 599 119 636 ita
135 605 246 649 gesta
265 597 424 644 fuerint,
455 599 529 634 iam
551 605 631 634 tum
651 599 839 634 cessarint
856 597 988 634 turbae
1010 609 1076 646 per
1097 596 1361 635 Macedoniam
1374 625 1386 646 ‚
1414 611 1510 648 quae

65 667 157 692 mox
187 666 210 692 a
238 661 361 691 morte
389 653 581 704 Amyntae
605 655 762 691 fuerant
791 661 960 701 exortae,
989 654 1122 692 exsule
1138 653 1330 691 Pausania
1346 668 1512 706 regnum

62 709 294 749 invadente:
337 723 459 760 neque
481 712 583 747 enim
603 716 726 748 tutum
747 710 894 758 alioqui
912 709 1051 748 fuisset
1071 708 1293 748 Alexandro
1312 711 1360 748 ad
1383 715 1512 751 aliena

64 767 283 817 occupanda
316 779 487 818 pergere.
537 768 730 811 Quantum
759 780 851 804 vero
876 766 1131 805 Athenienses
1156 774 1271 816 atque
1299 767 1511 816 Iphicrates

62 825 241 862 conmodi
260 825 465 860 attulerint
485 823 675 874 Amyntae
703 822 837 860 liberis
868 837 912 861 eo
945 830 1116 872 tempore
1155 825 1267 861 docet
1297 823 1509 863 Aeschines

63 879 132 919 Or.
155 879 245 931 περὶ
266 881 339 930 τῆς
359 880 558 932 Παραπρ.
581 893 615 929 p.
636 881 708 919 31.
735 885 774 916 et
793 878 906 917 Corn.
930 880 1059 928 Nepos
1085 880 1222 929 Iphicr.
1241 895 1273 918 c.
1297 882 1338 921 3.
1367 881 1506 919 Wssss.

179 937 251 977 50.
287 938 362 977 66.
405 933 554 982 Αὐτὸς
591 941 750 987 κατεῖχε
792 933 868 982 τὰς
905 933 1072 987 πόλεις]
1118 936 1216 975 Vide
1245 950 1338 975 mox
1365 951 1399 978 c.
1432 941 1507 980 67.

57 992 196 1032 wass.
1120 1032 1125 1036 ,

176 1049 247 1090 51.
278 1049 351 1089 74.
395 1047 470 1095 Εἲς
493 1045 742 1102 Ὀρχομενὸν
759 1045 833 1088 τὸν
857 1045 1146 1103 Ἀρκαὸικόν]
1172 1046 1407 1090 Distinctius
1428 1050 1512 1091 Xe-

60 1105 216 1158 nophon
232 1105 385 1144 Hellen.
409 1105 451 1143 L.
471 1105 534 1143 Vl.
554 1118 589 1154 p.
615 1107 723 1146 472.
755 1105 892 1145 Wssss.

176 1164 247 1204 51.
282 1165 354 1203 77.
391 1159 502 1208 Τοὺς
520 1161 799 1212 καλουμένους
819 1159 1065 1213 ἐπιλέκτους]
1095 1161 1273 1201 Meminit
1289 1164 1510 1204 eorumdem

60 1222 228 1270 quinque
248 1221 412 1256 millium
430 1231 479 1256 ex
499 1218 712 1256 Arcadibus
733 1220 962 1256 selectorum
992 1233 1024 1256 c.
1047 1221 1120 1260 67.
1147 1220 1284 1260 Wess.

177 1278 247 1317 51.
282 1277 353 1317 85.
392 1275 477 1314 Καὶ
508 1273 605 1314 καθ’
638 1270 790 1322 αὖτοὺς
813 1272 889 1326 οὐχ
910 1271 1145 1325 ὑπέλαβον]
1172 1276 1509 1327 supervacaneum

59 1332 123 1371 hic
155 1332 221 1372 καὶ
251 1346 352 1379 esse‚
376 1330 677 1370 Rhodomannus
699 1339 832 1380 notat,
861 1334 960 1370 nulli
978 1333 1094 1370 facile
1117 1346 1380 1383 persuasurus.
1419 1335 1505 1387 Ego

60 1397 163 1427 certe
184 1392 311 1427 omnia
331 1390 405 1426 alia
423 1390 610 1426 existimo.
643 1387 779 1426 VVEss.

176 1447 246 1486 51.
280 1446 354 1485 96.
391 1442 681 1499 Βοιωτάρχαι]
720 1439 982 1499 Βοιώταρχοι
1011 1442 1128 1484 Coisl.
1156 1457 1235 1484 non
1264 1447 1377 1487 male.
1416 1447 1505 1485 Vid.

61 1501 190 1541 Schol.
213 1504 255 1539 in
279 1501 497 1552 Thucydid.
519 1503 561 1539 L.
585 1503 649 1539 lv.
673 1504 746 1542 91.
775 1502 910 1540 WVESS.

175 1560 248 1600 51.
278 1560 320 1599 2.
364 1555 578 1598 Πλειόνων
616 1555 641 1610 ἢ
675 1556 1059 1611 πεντακισμυρίων]
1099 1552 1240 1599 ζΕπτά
1275 1555 1504 1612 μυριάδων,

58 1618 140 1653 sive
163 1626 245 1652 Lxx
269 1616 453 1663 millium,
486 1616 588 1653 Plut.
608 1618 648 1652 in
671 1616 800 1664 Pelop.
822 1629 856 1665 p.
879 1617 988 1656 290.
1011 1614 1068 1664 B.‚
1090 1628 1201 1666 quem
1220 1628 1420 1655 numerum
1441 1618 1506 1653 di-

58 1675 237 1710 stinctius
255 1674 423 1722 explicat
442 1674 482 1709 in
505 1673 649 1723 Agesil.
668 1684 703 1720 p.
726 1673 832 1712 613.
853 1672 912 1719 A.‚
930 1673 1051 1710 fuisse
1072 1674 1121 1710 ad
1141 1684 1194 1710 XI.
1221 1673 1344 1711 millia
1372 1675 1518 1724 gravis>

58 1736 294 1775 armaturae,
314 1731 483 1777 reliquos
507 1730 612 1766 leves
633 1735 672 1765 et
694 1731 859 1766 inermes
872 1756 884 1776 ‚
914 1731 979 1777 qui
1002 1728 1166 1778 praedae
1186 1742 1321 1767 caussa
1339 1731 1506 1767 advene-

59 1793 160 1825 rant.
192 1784 334 1822 Noster
354 1787 546 1822 consentit
563 1798 594 1822 c.
622 1787 694 1825 81.
724 1785 858 1822 Wess.

175 1842 246 1882 51.
284 1843 355 1882 16.
390 1838 479 1893 Τὴν
505 1837 707 1892 Ἀττικὴν
739 1842 907 1892 ποιῆσαι
936 1835 1204 1893 μηλόβοτον]
1245 1840 1344 1879 Vide
1363 1848 1443 1879 not.
1464 1842 1507 1879 in

58 1896 141 1934 Lib.
162 1897 190 1937 l.
218 1899 291 1938 36.
333 1899 440 1941 Quae
459 1911 552 1935 vero
569 1897 882 1935 Lacedaemoniis
900 1897 961 1935 hic
981 1900 1076 1935 vitio
1106 1905 1333 1946 vertuntur,
1374 1912 1504 1936 eorum

57 1956 204 1990 crimen
235 1955 281 1991 ab
312 1954 448 1991 iisdem
478 1956 713 1991 amoliuntur
732 1956 961 2003 scriptorum
981 1956 1175 2003 plerique,
1203 1962 1317 2003 atque
1339 1957 1378 1992 in
1399 1954 1505 1992 The-

57 2010 177 2047 banos
196 2017 234 2047 et
254 2009 474 2047 Corinthios
496 2010 687 2048 derivant.
717 2010 939 2060 Xenophon
960 2018 1075 2057 certe,
1100 2016 1295 2061 proposita
1315 2011 1504 2049 delibera-

54 2069 162 2103 tione
184 2067 272 2115 quid
294 2066 456 2104 Athenis
475 2067 694 2104 faciendum
716 2075 829 2114 esset,
859 2070 1054 2104 censuisse
1074 2066 1281 2105 Thebanos
1303 2077 1340 2105 et
1363 2066 1503 2105 Corin-

56 2122 159 2160 thios
179 2126 243 2169 ait,
273 2121 332 2175 μὴ
355 2121 635 2162 σπένδεσθαι’
641 2123 902 2171 Αθηναιόις,
933 2121 1019 2162 ἀλλ’
1057 2122 1229 2176 ἐξαιρεῖν
1267 2124 1310 2163 L
1333 2124 1380 2161 Π.
1407 2123 1503 2161 Hel

55 2181 131 2217 len.
156 2193 191 2229 p.
213 2181 318 2219 359.
349 2179 499 2218 Clarius
520 2180 723 2218 Isocrates
729 2181 835 2218 Orat.
854 2180 1016 2218 Plataic.
1039 2194 1075 2230 p.
1094 2182 1201 2220 414.
1230 2178 1278 2220 οὗ
1299 2179 1503 2232 δυστυχη-

55 2231 218 2276 σάντων
250 2232 407 2304 ὗέιιῶν,
442 2232 563 2287 μόνοι
599 2239 683 2276 τῶν
713 2233 942 2288 συμμάχων
970 2234 1214 2289 (Θηβαῖοι)
1245 2235 1389 2277 5¹.)sz
1427 2235 1503 2288 τὴν

54 2295 226 2346 ψῆᾳον,
255 2289 311 2340 ὡς
330 2307 411 2345 χρη
433 2289 506 2345 τήν
527 2308 570 2332 τε
589 2290 746 2332 πόλιν
729 2293 1186 2346 εξανὸραποὸισθῆναι,
1215 2308 1282 2332 και
1302 2290 1377 2346 τὴν
1396 2293 1504 2333 ΧΩ-

55 2350 182 2389 PAN
204 2317 480 2389 ANEINAI‘
487 2350 906 2389 MHAOBOTON.
934 2350 984 2387 Et
994 2349 1212 2399 Ulpianus
1203 2363 1242 2387 m
1255 2350 1504 2387 Demosthen.

57 2406 125 2443 Or.
141 2405 237 2458 περὶ
256 2407 455 2459 Παοαπρ.
476 2419 510 2455 p.
534 2407 642 2446 212.
670 2405 963 2444 Lacedaemonii
990 2404 1216 2459 ποοέθεντο
1245 2408 1395 2474 ψῆφον
1417 2412 1505 2453 τοῖς

53 2462 172 2508 ἰὸιόις
192 2459 445 2513 σιμμάχοις,
472 2459 578 2502 ὥστε
601 2459 947 2533 ἀποκρίνασθαιὲ
932 2460 1126 2510 ἕκαστον,
1154 2478 1190 2502 τι
1189 2459 1405 2513 ’βούλεται
1426 2478 1505 2501 ποι-

53 2521 146 2558 &tv
170 2515 267 2565 τοίς
290 2516 568 2570 'Aevvam-g.
611 2515 698 2558 εἶτα
728 2519 1017 2559 ΕΥΑΝΘΟΣ
1039 2534 1101 2566 τις
1129 2518 1317 2571 Θηβαῖος
1349 2518 1504 2571 ἐψηφί-

56 2589 185 2623 σατο,
219 2572 293 2626 τὴν
323 2574 399 2625 μὲν
431 2571 550 2614 πόλιν
580 2573 718 2615 αὐτῶν
731 2579 1091 2647 κατασκαφῆναι,
1129 2574 1204 2627 τὴν
1226 2575 1269 2615 δὲ
1288 2575 1507 2615 ΧΩΡΑΝ

54 2632 512 2684 MHAOBOTONy
514 2628 742 2680 επμὲσθαι,
735 2630 783 2671 ἶν’
809 2631 893 2672 ἐκεῖ
908 2631 1108 2684 νέμωνται
1129 2648 1180 2671 τα
1199 2647 1281 2672 των
1303 2632 1501 2671 Βοιωτῶν

55 2683 261 2742 πρόβατα.
292 2686 409 2725 Mitto
441 2687 659 2739 Lycurgum
690 2688 757 2726 Or.
786 2690 826 2726 in
857 2689 1029 2726 Leocrat.
1057 2702 1093 2738 p
1119 2691 1220 2729 168.
1248 2695 1286 2725 et
1317 2688 1500 2738 Polyaen.

55 2743 98 2782 L.
118 2745 144 2781 l.
167 2746 241 2785 45.
269 2746 307 2784 5.
337 2744 442 2782 Satis
466 2758 522 2792 ca,
544 2758 639 2795 quae
662 2747 862 2794 exscripsi,
887 2745 1098 2795 Spartanos
1120 2747 1340 2784 absolvunt.
1373 2746 1500 2789 Quare

55 2800 200 2840 dictum
215 2801 287 2840 hoc
305 2800 439 2840 Nostri
461 2803 589 2851 paullo
611 2804 855 2841 criminosius
875 2803 1040 2841 videtur.
1071 2801 1205 2840 Wess.
