1875 3310
376 219 666 252 OECONOMIA
701 215 978 252 HISTORIAE
1012 215 1240 250 DIODORI.
1409 220 1538 251 CLXV

83 318 218 353 eodem
242 317 303 353 die
328 319 550 360 commisso,
581 316 832 357 debellatum3
877 314 999 350 altero
1025 314 1200 350 terrestri
1226 314 1324 358 apud
1349 313 1539 357 Plataeas,

81 376 245 417 Aristide
265 380 303 409 et
316 374 506 408 Pausania
523 374 700 416 ducibus,
722 374 843 408 altero
863 373 987 407 navali
1005 372 1052 405 ad
1071 371 1269 416 Mycalen,
1299 371 1538 416 Leotychida

83 436 123 465 ct
138 432 350 476 Xanthippo
367 431 534 465 ducibus.
578 431 727 464 Bellum
747 430 939 464 Persicum
958 428 1029 462 fuit
1045 427 1235 464 biennale.
1259 439 1289 464 c.
1309 430 1467 465 27—37.

173 493 191 510 ⁴‘
215 488 402 533 Parerga:
436 487 656 522 Herodotus
683 488 722 520 in
744 497 870 531 pugna
895 486 943 520 ad
970 484 1148 530 Mycalen
1179 494 1272 528 opus
1298 495 1406 518 suum
1426 485 1536 518 finiit.

80 543 223 578 Romae
242 544 302 590 Sp.
325 546 501 587 Cassius,
524 545 740 579 ambitionis
757 555 866 586 reus,
888 544 1021 588 eapitis
1042 543 1253 576 damnatur.

173 601 270 637 Anu.
291 604 325 639 3.
369 602 413 636 In
438 601 567 635 Sicilia
593 601 710 643 Gelo,
739 602 842 646 pacis
863 601 1008 634 artibus
1034 600 1132 635 bene
1161 600 1209 634 de
1236 599 1379 632 civibus
1403 602 1537 640 meret,

81 659 186 692 cuius
206 660 244 692 in
270 669 389 704 regno
413 668 609 693 successor
634 661 717 692 erat
741 658 882 700 Hiero,
911 657 1044 691 frater.
1079 667 1109 691 c.
1126 658 1184 694 38.
1229 656 1271 690 In
1288 655 1450 689 Graecia
1463 655 1536 688 La-

80 715 316 756 09¹³“¹··*1011ii
341 715 637 751 Atheniensibus
664 713 832 762 infesti,
867 714 914 749 ob
939 714 1152 750 instaurata
1177 713 1281 749 urbis
1296 713 1466 757 moenia.
1502 722 1534 745 e.

76 772 240 809 38-40.

171 835 190 856 *
208 828 421 875 Parergon:
441 829 601 864 Romani
617 829 853 864 Tusculanos
868 831 908 863 et
921 828 1072 874 Aequos
1087 828 1190 864 bello
1208 828 1400 872 subigunt.

170 893 264 931 Atm.
283 894 317 931 4.
362 894 630 930 Themistoclis
653 894 836 939 singulari
869 894 1071 938 prudentia
1093 899 1224 940 portus
1247 894 1426 928 Piraeeus
1453 901 1537 925 con-

79 955 257 987 structus.
300 952 455 986 Interea
479 951 708 994 Pausanias,
740 962 822 985 cum
840 951 960 986 classe
987 953 1146 997 missus,
1173 956 1215 985 ut
1232 952 1403 985 civitates
1421 948 1538 982 Grae-

80 1019 167 1051 cas,
198 1019 294 1054 quae
320 1009 443 1044 adhuc
466 1011 505 1043 in
532 1009 736 1044 Persarum
762 1012 956 1053 potestate*
974 1013 1123 1051 essent,
1154 1009 1357 1049 liberaret,
1387 1006 1539 1040 luxuria

79 1065 283 1100 Persarum
309 1068 530 1111 magnisque
546 1067 741 1111 promissis
760 1067 901 1107 vietus,
926 1068 1090 1111 patriam
1110 1065 1286 1110 prodidit.
1330 1064 1446 1101 Fides
1458 1062 1540 1097 Ari-⁷

79 1123 192 1158 stidis
207 1128 246 1158 et
263 1124 424 1170 perfidia
439 1123 654 1160 Pausaniae
672 1127 952 1170 comparantur.
982 1134 1013 1161 c.
1031 1123 1200 1164 41-47.

604 1272 605 1275 ,
629 1234 663 1272 Ο
671 1237 712 1284 ly
723 1245 799 1283 mp.
815 1234 997 1276 LXXVI..

171 1328 273 1364 Arm.
294 1332 325 1368 1.
373 1328 462 1364 Non
498 1329 587 1369 nisi*
604 1332 788 1364 annotata
816 1324 1084 1373 chronologica
1109 1327 1296 1376 eontinet:
1329 1322 1544 1357 moriuntur

80 1378 360 1431 L'e'ot'ychidaffi
389 1386 662 1431 Spartanorum
681 1386 724 1421 R.
745 1387 803 1419 cui
823 1385 1029 1419 Archelaus
1046 1385 1234 1426 succedit,
1264 1386 1303 1418 et
1323 1378 1545 1419 Anaxilaus,

79 1444 217 1488 Rhegii
245 1449 283 1478 et
306 1444 464 1477 Zaneles
492 1448 689 1487 tyrannus.
711 1462 752 1469 -—
787 1443 828 1476 ln
848 1443 976 1476 Sicilia
993 1444 1242 1488 gravissimae
1264 1438 1475 1473 simultates
1490 1435 1544 1466 in-

80 1505 142 1534 tcr
160 1502 366 1534 Hieronem
390 1505 428 1534 et
446 1499 663 1543 Polyzeium
676 1525 685 1542 ‚
700 1508 703 1510 ’
721 1500 801 1533 eius
828 1499 1004 1542 fratrem,
1040 1499 1230 1532 Theronis
1249 1505 1364 1540 opera
1378 1491 1544 1527 reconci-

73 1558 209 1601 liatae,
256 1557 415 1600 Recepti
444 1559 484 1590 in
497 1556 611 1589 urbes
629 1558 716 1589 novi
742 1557 892 1597 coloni,
917 1557 1088 1601 pristinis
1106 1555 1241 1589 incolis
1260 1554 1298 1586 in
1317 1552 1411 1584 alias
1431 1548 1542 1581 sedes

80 1616 248 1659 migrare
273 1615 400 1651 iussis.
449 1615 632 1646 Catanam
650 1614 770 1647 Hiero
790 1614 926 1648 incolis
949 1618 988 1648 et
1004 1623 1098 1659 agro
1115 1614 1251 1656 auget,
1282 1616 1455 1652 novoque
1479 1614 1543 1638 no-

58 1719 61 1722 ⁴
78 1673 180 1706 mine
197 1674 355 1706 Aetnam
373 1668 553 1715 appellat.
587 1681 617 1703 c.
632 1670 694 1711 48,
721 1668 778 1707 49.

172 1737 271 1771 Anu.
284 1740 319 1773 2.
361 1736 658 1770 Lacedaemonii
676 1745 757 1768 cum
772 1734 1064 1770 Atheniensibus
1083 1735 1130 1769 de
1148 1735 1264 1769 maris
1282 1733 1441 1777 imperio
1460 1740 1544 1764 con-

81 1799 230 1830 certare
259 1795 493 1835 decernunt,
522 1796 562 1826 et
584 1792 726 1826 bellum
749 1797 898 1837 parant.
943 1792 1241 1829 lietoemaridas
1262 1801 1328 1825 eos
1345 1800 1368 1823 a
1386 1788 1544 1823 consilio

78 1853 244 1887 abducit.
275 1862 305 1887 c.
325 1852 381 1887 50.

171 1921 268 1952 Anu.
286 1918 320 1953 3.
366 1917 409 1950 In
427 1916 537 1950 ltalia
551 1914 837 1960 Tyrrhenorum
860 1914 899 1947 in
917 1913 1104 1948 Cumanos
1121 1912 1283 1948 bellum:
1305 1912 1345 1946 in
1363 1910 1545 1946 auxilium

69 1976 188 2011 >venit
202 1976 347 2016 Hiero,
369 1974 432 2018 qui
451 1972 674 2017 Tyrrhenos
691 1973 836 2016 proelio
856 1971 997 2005 domat.
1029 1980 1061 2004 e.
1079 1972 1136 2008 51.

169 2043 264 2076 Anu.
279 2040 316 2078 4.
359 2039 510 2074 Bellum
527 2040 629 2074 inter
646 2039 877 2076 Tarentinos
894 2041 934 2074 et
950 2037 1115 2083 Iapyges
1130 2035 1177 2072 de
1195 2044 1373 2081 agrorum
1394 2032 1545 2068 finibus.

71 2109 114 2133 ·c.
127 2099 184 2136 52.

621 2174 792 2222 Olymp.
815 2170 1012 2212 LXXVII.

176 2243 272 2278 Ann.
295 2245 327 2280 1.
369 2243 412 2277 In
431 2241 561 2276 Sicilia
576 2233 733 2286 Thero,
775 2241 1107 2287 Agrigentinorum
1128 2239 1324 2284 princeps,
1363 2235 1544 2270 moritur:

65 2301 376 2348 *Thrasydaeus,
409 2300 577 2335 filius'et
600 2310 817 2342 successor,
855 2299 902 2334 ob
928 2298 1145 2346 superbiam
1159 2306 1247 2331 mox
1263 2304 1383 2340 regno
1399 2293 1542 2338 pulsus.

82 2370 116 2400 c,
133 2360 190 2398 53.

176 2413 320 2451 Amass.
369 2413 667 2456 Themistocles,
698 2424 721 2448 a
742 2413 1060 2448 Lacedaemoniis
1084 2410 1307 2456 proditionis
1334 2411 1546 2448 accusatus,

86 2474 310 2508 ostracismo
332 2473 456 2516 patria
482 2472 698 2514 expellitur.
742 2471 834 2504 Eius
852 2470 943 2515 suga
961 2471 1008 2504 ad
1025 2470 1279 2505 Molossorum
1297 2476 1447 2511 regem,
1481 2463 1544 2498 de-

87 2530 175 2563 inde
194 2530 242 2562 ad
260 2529 440 2564 Xerxem.
484 2529 672 2572 Elogium.
710 2537 742 2561 c.
759 2529 853 2565 54—-
866 2530 922 2565 59.

179 2592 196 2609 ³²
221 2587 434 2631 Parvi-gon:
462 2586 504 2618 ln
522 2586 634 2619 Italia
648 2585 862 2618 Buxentum
883 2584 1087 2619 conditum.

181 2644 278 2678 Ληη.
295 2647 328 2680 3.
371 2642 644 2684 Athenienses,
666 2643 780 2675 misso
800 2643 953 2688 Cimone
971 2651 1053 2674 cum
1071 2640 1241 2674 exercitu
1259 2639 1295 2669 in
1314 2637 1439 2670 Asiam
1452 2659 1462 2675 ,
1486 2643 1544 2668 so-

90 2704 231 2738 ciorum
252 2701 366 2735 urbes
383 2704 622 2743 recuperant,
647 2699 769 2733 adhuc
779 2699 980 2733 Persarum
999 2697 1198 2743 praesidiis
1218 2696 1431 2738 occupatas,
1448 2701 1544 2725 rem-

92 2772 163 2808 que
183 2760 369 2806 publicam
387 2757 519 2802 opibus
535 2760 689 2802 augent.
722 2767 754 2791 c.
773 2759 829 2794 60.
853 2758 908 2795 61.
934 2758 992 2794 62.
