1875 3310
425 207 712 251 QECONOMIA
742 206 1015 242 HISTORIAE
1050 206 1271 239 D10D0R1.
1464 208 1573 238 ccxl

111 313 296 359 temporis
316 312 437 358 spatio
457 311 720 356 argumentum
737 309 921 351 caputque
941 308 1046 348 erat,
1078 305 1209 339 adiicit
1227 303 1387 348 scriptor
1410 301 1472 339 τάς
1490 313 1566 335 om·-

111 377 195 414 εχεῖς
213 371 369 416 πράξεις,
397 380 459 403 res
481 377 641 402 coaevas
662 367 821 400 aliorum
844 374 1045 408 regnorum
1059 389 1068 405 ,
1093 364 1140 397 ab
1160 362 1342 396 historiae
1361 360 1570 395 communis

110 438 268 472 corpore
290 428 369 460 sive
389 430 597 471 systemate
617 424 779 464 avulsas,
801 426 914 466 atque
936 421 1116 456 historiae
1136 419 1344 454 catholicae
1362 419 1467 452 velut
1487 426 1571 461 par-

110 489 215 531 erga'.
261 485 425 519 Moritur
446 485 484 517 in
502 483 621 517 Ponto
640 481 874 525 Paryszide8‚
910 479 1071 523 Bospori
1087 489 1177 520 rex,
1223 478 1285 522 (cf.
1305 476 1414 517 XVI,
1443 485 1471 510 c.
1493 475 1567 518 52.)

111 544 170 578 De
194 554 311 587 regno
332 544 452 575 oritur
470 541 611 575 bellum
628 540 727 572 inter
744 538 898 572 relictos
916 540 994 570 tres
1009 536 1131 578 filios,
1155 536 1346 580 Satyrum,
1368 532 1571 567 Euinelum

112 605 152 637 et
172 602 393 646 Prytanem.
440 599 582 632 Occisis
602 596 778 640 reliquis,
811 594 992 628 Eumelus
1015 598 1209 638 superstes
1227 602 1384 636 reguum
1402 589 1570 633 suscipit,

113 663 152 693 et
172 669 239 704 per
259 659 420 703 quinque
440 667 557 690 annos
578 656 717 699 optime
739 657 778 688 et
798 653 1016 688 felicissime
1036 653 1155 697 gerit3
1188 655 1266 684 tum
1291 659 1402 682 curru
1428 651 1572 685 vectus,

111 717 365 751 consternatis
391 716 519 760 equis,
548 714 732 748 occubuit.
780 712 914 756 Itaque
933 721 1028 745 novo
1048 708 1222 752 exemplo
1242 706 1352 740 vides
1375 705 1573 739 confirma-

111 779 212 817 tum,
246 773 404 807 subinde
434 772 596 817 plurium
620 781 802 805 annorum
831 769 1026 803 historiam
1052 767 1100 800 ad
1119 775 1232 800 unum
1255 763 1393 798 referri
1418 769 1572 794 annum.

113 842 143 868 c,
162 835 324 868 22—26.
361 830 518 864 Adiecta
538 829 680 862 mentio
699 839 823 861 rerum
842 828 1108 868 Romanarum,
1133 824 1203 859 sed
1216 824 1257 856 in
1270 822 1439 856 locorum
1459 817 1576 853 nomi·

112 889 223 922 nibus
242 888 352 921 valde
372 892 559 932 corrupta.
594 898 625 920 c.
640 888 683 922 26
703 890 800 932 extr.

205 964 302 1000 Αηη.
328 965 361 1002 4.
409 966 543 1008 Incipit
559 963 718 998 historia
735 963 822 996 anni
841 973 863 996 a
881 962 994 996 rebus
1010 959 1280 995 Macedonicis.
1322 955 1583 994 Ptolemaeus,

113 1025 288 1069 Aegypto
316 1023 554 1068 praefectus,
586 1033 628 1056 re
654 1022 751 1055 male
769 1024 883 1065 <gesta
901 1021 939 1052 in
959 1019 1110 1060 Cilicia,
1144 1017 1234 1061 (vid.
1260 1017 1373 1056 c.19.)
1396 1016 1522 1047 movet
1539 1012 1580 1043 in

115 1082 275 1127 Lyciam
289 1107 298 1123 ‚
335 1082 399 1114 ubi
424 1081 538 1114 urbes
559 1084 598 1113 et
617 1079 775 1113 castella
795 1078 902 1122 plura
919 1077 955 1109 vi
976 1078 1087 1120 capit.
1142 1075 1235 1108 Inde
1261 1076 1299 1106 ia
1317 1072 1479 1106 insulam
1499 1070 1580 1103 Con

113 1140 328 1185 profectus,
362 1140 401 1171 in
424 1138 644 1172 societatem
674 1136 807 1180 recipit
825 1134 1109 1174 Ptolemaeum,
1138 1132 1314 1176 Antigoni
1338 1133 1512 1174 nepotem
1542 1129 1584 1160 et

115 1197 284 1241 legatum
297 1221 306 1238 ‚
337 1207 359 1230 a
381 1197 497 1230 fratre
517 1196 777 1229 deiicientem:
814 1193 975 1226 eundem
995 1202 1081 1225 mox
1098 1191 1144 1224 ob
1163 1191 1384 1223 insidiarum
1402 1186 1584 1230 suspicio-

116 1265 204 1288 nem
223 1255 269 1288 de
290 1255 413 1287 medio
432 1254 540 1289 tollit.
567 1264 596 1286 e.
610 1255 666 1289 27.
711 1249 1014 1295 Polysperchon‚
1047 1248 1260 1282 Cassandro
1285 1245 1467 1286 infestus,
1499 1251 1584 1287 pro-

118 1313 245 1346 missis
264 1317 394 1356 captus
413 1322 494 1345 cum
515 1322 560 1345 eo
580 1312 617 1344 in
635 1311 797 1355 gratiam
822 1305 933 1350 redit,
954 1312 991 1342 et
1005 1307 1223 1348 Herculem,
1242 1315 1352 1351 quem
1370 1304 1411 1336 in
1425 1309 1584 1346 regnum

115 1374 314 1415 paternum
333 1374 416 1403 erat
437 1370 681 1410 reducturus,
705 1369 799 1402 clam
824 1372 944 1401 necat.
979 1377 1009 1399 c.
1024 1369 1085 1403 28.

211 1439 344 1472 Obiter
372 1442 667 1472 commemorata
694 1449 791 1473 nova
816 1439 857 1471 in
882 1437 1121 1471 Chersoneso
1148 1433 1270 1473 urbe,
1306 1441 1328 1464 a
1353 1424 1587 1473 Lysimacho

119 1496 289 1537 condita,
323 1503 361 1529 et
389 1506 411 1529 a
439 1507 506 1530 suo
533 1498 683 1530 nomine
709 1496 918 1540 appellata,
945 1495 1192 1537 nuntiatoque
1214 1489 1449 1526 Cleomenis,
1483 1485 1588 1529 regis

117 1546 528 1596 Lacedaemoniorum,
556 1554 687 1597 obitu,
708 1565 816 1599 quem
837 1555 955 1587 Areus
974 1555 1127 1585 secutus
1146 1553 1221 1589 est,
1248 1547 1385 1580 transit
1402 1544 1449 1577 ad
1469 1554 1532 1577 res
1548 1543 1589 1574 in

119 1611 249 1646 Sicilia
278 1617 421 1656 gestas,
470 1612 653 1648 Amilcar.
688 1616 902 1657 expugnata
922 1620 1042 1654 paene
1061 1615 1142 1643 tota
1163 1607 1313 1647 Sicilia,
1341 1604 1427 1636 dum
1447 1599 1590 1635 exerci-

121 1675 199 1703 tum
224 1669 434 1714 Syracusas
454 1670 573 1706 ducit,
607 1675 644 1703 et
663 1670 759 1703 hanc
778 1670 907 1703 urbem
930 1671 1141 1712 oppugnat,
1174 1665 1310 1703 Poeni,
1344 1662 1445 1695 facta
1461 1659 1590 1692 obses-

119 1737 249 1762 sorum
276 1729 496 1771 eruptione,
541 1728 661 1772 fugati
689 1733 728 1762 et
754 1729 879 1769 caesi,
919 1727 1084 1760 Amilcar
1110 1726 1190 1768 ipse
1220 1725 1351 1765 captus
1379 1723 1447 1754 est.
1485 1716 1592 1753 229.

120 1783 214 1819 Post
233 1784 328 1819 hanc
347 1785 501 1819 caedem
519 1796 665 1819 summa
683 1787 800 1820 Poeni
822 1785 1129 1818 consternatione
1146 1780 1295 1820 afflicti,
1329 1777 1493 1812 Amilcar
1516 1777 1593 1807 tru-

123 1843 290 1885 cidatus,
337 1845 418 1876 eius
447 1847 558 1887 caput
587 1844 794 1877 abscissum
824 1842 870 1875 ad
895 1840 1141 1886 Agathoclem
1171 1841 1207 1872 in
1237 1839 1384 1881 signum
1409 1832 1593 1867 victoriae

123 1902 386 1934 transmissum
410 1905 480 1933 est.
506 1911 537 1933 c.
557 1904 613 1938 30.
664 1901 866 1934 Exercitus
885 1899 1098 1932 Poenorum
1116 1899 1271 1940 insuper
1289 1894 1476 1929 seditione
1495 1893 1595 1923 inter

125 1957 295 1992 Graecos
322 1962 360 1992 et
386 1958 577 1993 Barbaros
603 1960 788 1992 turbatus.
846 1957 919 1990 Per
948 1956 1043 1990 hanc
1069 1955 1390 2000 opportunitatem
1416 1949 1596 1993 Agrigen-

126 2018 220 2057 tini,
247 2017 341 2051 (luce
365 2016 580 2059 Xenodico,
605 2018 802 2061 imperium
823 2020 1016 2060 occupant.
1064 2012 1313 2058 Syracusani,
1337 2007 1516 2043 frumenti
1536 2014 1597 2049 pc-

126 2076 239 2108 nuria
265 2076 400 2119 pressi.
464 2076 654 2109 Advectae
675 2074 946 2108 frumentariae
979 2082 1096 2105 naves
1122 2083 1145 2104 a
1172 2071 1298 2104 classe
1322 2067 1465 2102 Punica
1483 2066 1598 2098 intet-

128 2136 274 2178 ceptae.
312 2143 340 2167 e.
360 2136 416 2170 31.
443 2135 499 2171 32.
551 2134 657 2176 „Res
674 2133 826 2166 Siciliae
847 2133 884 2164 in
900 2130 971 2164 hoc
993 2135 1094 2163 stat-u
1113 2131 1266 2164 ei·ant.“

221 2202 301 2236 Iam
328 2213 391 2236 res
419 2204 455 2236 in
473 2203 601 2239 Africa
620 2207 749 2248 gestas
766 2201 1007 2246 persequitur
1027 2199 1231 2233 Diodorus.
1278 2198 1444 2239 Accepto
1468 2190 1599 2226 nuntio

131 2261 179 2295 de
207 2260 324 2295 caede
352 2272 504 2294 suorum
526 2264 562 2295 in
580 2260 728 2300 Sicilia,
765 2264 802 2293 et
833 2263 954 2292 morte
979 2259 1194 2298 AmilcariS,
1243 2255 1454 2289 Poenorum
1486 2249 1602 2283 animi

133 2316 245 2353 fracti
277 2322 316 2352 et
334 2318 474 2353 afflicti.
523 2310 599 2352 ‘Sed
621 2318 752 2352 eodem
770 2322 942 2360 tempore
958 2315 1186 2360 Agathocles
1201 2322 1385 2348 summum
1408 2311 1508 2341 vitae
1529 2306 1603 2339 dis-

133 2379 277 2411 crimen
308 2377 486 2417 incurrit,
528 2381 611 2410 orta
630 2377 666 2408 in
687 2376 822 2408 castris
840 2360 1028 2408 seditione
1050 2374 1095 2407 ob
1118 2373 1340 2417 Lyciscum‚
1388 2368 1540 2406 ducein,
1579 2373 1603 2395 a

134 2435 214 2469 filio
233 2433 472 2478 Archagatho
492 2436 664 2468 occisum.
722 2432 992 2465 Reconciliatis
1022 2432 1223 2471 militibus,
1261 2426 1487 2472 Agathocles
1509 2421 1606 2454 Ροε-

136 2503 206 2527 nos
227 2492 351 2525 subita
370 2494 582 2525 incursione
602 2491 778 2535 opprimit
798 2495 835 2523 et
856 2500 952 2522 nova
970 2489 1075 2522 clade
1094 2490 1219 2522 aflicit.
1254 2497 1282 2520 c⁴
1304 2490 1360 2523 33-
1387 2487 1442 2519 34.
1492 2479 1605 2521 „NOS

138 2561 262 2594 „vero
279 2551 469 2595 persecuti
489 2560 550 2583 res
569 2550 606 2581 in
622 2548 745 2593 Libya
766 2553 803 2581 et
824 2547 952 2580 Sicilia
972 2552 1116 2591 gestas,
1143 2547 1307 2579 animum
1326 2542 1373 2575 ad
1392 2551 1453 2574 res
1472 2539 1606 2572 ltaliae

139 2609 427 2652 „adven-tamus,
441 2610 463 2627 “
482 2599 485 2600 ⁷
677 2606 679 2608 ’

232 2676 248 2694 ’‘
272 2677 325 2709 Ac
352 2672 622 2719 n‘uuc'quidem
651 2684 714 2707 res
742 2673 934 2707 Romanae
964 2672 1088 2716 paullo
1119 2669 1325 2713 copiosius,
1366 2674 1474 2710 quam
1505 2666 1608 2702 ante,

142 2738 379 2768 enarrantur.
429 2732 484 2765 Oh
513 2732 698 2772 Sutrium,
732 2731 983 2764 Romanorum
1006 2730 1188 2763 coloniam
1205 2753 1213 2768 ,
1247 2726 1384 2759 bellum
1406 2725 1439 2754 iu
1462 2722 1609 2754 Hetru-

144 2801 229 2825 scos
245 2795 382 2825 ortum.
426 2788 546 2823 Simul
563 2790 725 2824 alterum
744 2789 885 2823 bellum
906 2790 942 2821 in
961 2787 1151 2822 Samnites
1174 2789 1279 2818 tenet
1298 2783 1498 2816 Romanos.
1542 2777 1609 2811 Su-

1178 2850 1202 2877 ο·
1219 2846 1240 2879 2
