1891 3310
354 177 429 209 DE
477 177 789 208 FONTlssus
828 175 980 206 HlsT.
1018 178 1295 209 DioDoRI.
1445 179 1564 209 CXXI

473 715 1196 765 EPIMETRUM.

104 877 207 928 Cum
243 896 312 930 sub
346 907 381 931 a.
410 897 591 933 LXXXII
621 903 660 934 et
691 899 742 934 111
775 899 817 933 de
850 897 1007 933 Diodori
1027 898 1108 945 fide
1143 904 1179 935 et
1210 898 1440 945 auctoribuae,
1474 913 1563 947 quos

104 956 245 986 secatus
285 958 353 996 est,
392 962 695 991 commentati-er:
739 958 777 991 id
814 958 976 991 maxime
1009 959 1242 1001 propositum
1281 958 1493 1004 habebam,
1531 968 1574 997 ut

104 1009 308 1044 multorum
343 1013 382 1045 in
413 1015 642 1050 auctoritate
673 1020 845 1050 veterum
877 1016 1102 1059 scriptorum
1140 1015 1356 1051 adhibenda
1376 1020 1572 1063 iudicium,

107 1068 138 1100 si
164 1077 334 1111 possem,
372 1080 571 1116 regerem,
606 1073 794 1116 simulque
819 1074 1000 1117 impetum
1034 1081 1165 1106 eorum
1195 1075 1466 1120 retunderem,
1499 1081 1573 1123 qui,

106 1125 211 1159 nulla
236 1127 272 1160 in
301 1137 343 1161 re
373 1129 545 1165 modeste
569 1130 640 1166 sibi
666 1130 914 1165 dubitandum
939 1140 1024 1164 esse
1047 1130 1246 1172 arbitrati,
1269 1143 1342 1167 uno
1366 1136 1427 1169 sui
1444 1137 1574 1171 iudicii

108 1186 287 1228 tanquam
324 1186 402 1219 ictu
439 1188 566 1222 omnia
605 1191 799 1232 prostrata
832 1191 947 1234 atque
977 1198 1117 1222 eversa
1149 1198 1236 1224 esse
1272 1191 1424 1234 volunt,
1458 1198 1573 1239 atque

108 1240 206 1275 adeo
231 1243 415 1277 victorum
444 1254 550 1278 more
584 1246 800 1279 irascuntur
830 1245 900 1284 iis,
939 1246 1001 1290 qui
1033 1246 1222 1290 imperata
1248 1247 1398 1290 facere,
1441 1252 1474 1284 si
1502 1263 1576 1285 non

109 1303 305 1341 recusant,
339 1301 475 1335 saltem
503 1307 750 1345 cunctantur,
785 1306 825 1336 et
854 1312 896 1337 re
929 1302 1152 1348 diligentius
1180 1314 1371 1351 perpensa
1406 1310 1574 1345 nondum

111 1358 238 1390 omnia
265 1357 314 1391 ad
338 1357 520 1403 liquidum
549 1371 634 1394 esse
661 1361 844 1405 perducta
866 1363 1051 1394 statuunt.

199 1414 331 1449 Fidem
361 1419 586 1462 scriptorum
613 1420 854 1464 antiquorum
878 1419 1091 1463 promiscue
1118 1419 1230 1454 modo
1254 1420 1426 1463 laudari,
1464 1425 1576 1460 modo

112 1471 254 1506 elevari
278 1473 469 1516 videi-anu
496 1475 716 1514 Herodoto,
743 1475 934 1517 Diodoro,
960 1473 1183 1520 Plutarcho,
1207 1478 1342 1521 Livio,
1372 1479 1578 1526 Dionysio,

112 1530 302 1573 Appiano,
340 1532 451 1567 modo
480 1534 620 1568 servile
645 1533 866 1578 obsequium
893 1534 1099 1577 praestari,
1138 1535 1249 1570 modo
1273 1547 1420 1571 omnem
1445 1546 1580 1575 aucto-

112 1588 265 1622 ritatem
302 1589 473 1631 detrahi,
504 1590 646 1625 iudicio
683 1595 788 1625 certo
824 1591 949 1635 nullo,
994 1591 1216 1638 plerumque
1260 1604 1329 1640 pro
1362 1605 1502 1631 causae
1539 1603 1579 1633 et

113 1647 323 1690 opinionis,
354 1658 449 1692 quas
482 1648 641 1694 quisque
675 1649 803 1683 animo
836 1653 1085 1693 conceperat,
1120 1650 1247 1684 studio
1286 1656 1325 1687 et
1353 1657 1577 1698 patrocinio,

114 1703 274 1738 Diodori
308 1706 496 1751 exemplo'
520 1706 719 1741 declarare
747 1705 944 1748 volebam,
976 1717 1089 1751 quam
1123 1707 1301 1745 diversae
1336 1713 1577 1748 auctoritatis

114 1762 192 1794 sint
216 1772 283 1804 ea,
318 1773 416 1809 quae
444 1764 482 1797 in
509 1764 590 1799 eius
618 1764 725 1798 libris
759 1762 1034 1808 comprehensa
1061 1769 1166 1807 sunt,
1202 1770 1245 1800 ut
1270 1766 1404 1802 eodem
1439 1769 1579 1805 iudicio

115 1818 154 1851 in
180 1820 266 1853 aliis
291 1831 439 1866 quoque
466 1821 715 1868 scriptoribus
742 1820 925 1855 utendum
953 1831 1039 1855 esse
1064 1827 1287 1867 appareret,
1319 1830 1435 1870 utque
1460 1829 1579 1862 omni-

116 1887 165 1911 no
203 1887 251 1912 ex
287 1880 524 1925 antiquitatis
556 1878 693 1913 studiis
725 1878 1057 1923 proscriberentur
1090 1880 1230 1914 iudicia
1263 1881 1331 1916 illa
1371 1885 1452 1919 sive
1493 1896 1581 1920 cum

116 1935 295 1979 superbia
327 1941 366 1971 et
393 1937 615 1981 arrogantia
641 1936 861 1977 coniuncta,
896 1936 978 1969 sive
1005 1945 1029 1971 a
1060 1946 1101 1972 re
1125 1946 1256 1981 parum
1279 1940 1472 1978 subtiliter
1496 1953 1580 1987 per.

117 1998 248 2037 specta
271 1993 462 2039 profecta,
486 1993 623 2038 quibus
650 1991 749 2026 hunc
774 1993 839 2029 vel
867 1993 973 2028 illum
999 1994 1248 2039 scriptorem,
1279 2002 1444 2042 quantus
1467 2011 1583 2045 quan-

118 2056 181 2086 tus
203 2053 271 2093 sit,
296 2062 382 2086 esse
408 2052 651 2093 mendacem,
687 2050 827 2085 nullius
852 2049 965 2092 fidei,
998 2051 1138 2087 nullius
1162 2063 1274 2096 usus,
1306 2060 1583 2099 pronuntiatur.

117 2109 283 2144 Meliora
309 2109 419 2144 vero!
453 2108 547 2144 nihil
577 2109 615 2144 in
649 2107 709 2142 his
739 2108 1057 2152 pronuntiandum
1092 2113 1153 2143 est
1189 2111 1380 2147 universe.
1424 2115 1465 2150 ln
1508 2127 1583 2151 uno

120 2167 331 2216 eodemque
355 2168 541 2212 scriptore
564 2166 684 2200 multa
709 2170 798 2200 sunt
820 2165 997 2200 diversae
1014 2176 1170 2211 prorsus
1193 2176 1353 2206 naturae
1379 2175 1418 2205 et
1434 2173 1586 2216 indolis,

119 2226 200 2260 sive
235 2225 283 2259 de
316 2225 431 2261 rebus
463 2224 512 2264 ad
546 2221 824 2269 philosophiam
859 2224 1024 2258 aliamve
1061 2223 1298 2270 disciplinam
1324 2231 1584 2273 spectantibus

119 2283 185 2317 ille
210 2282 400 2328 disputet,
429 2283 510 2316 sive
537 2281 584 2315 de
610 2280 724 2315 rebus
746 2282 870 2326 gestis
897 2282 1043 2323 tradat3
1077 2282 1116 2318 in
1141 2281 1199 2317 his
1222 2284 1374 2329 quidem
1398 2288 1447 2320 ad
1468 2289 1585 2325 fidem

123 2344 163 2374 et
185 2341 453 2375 auctoritatem
487 2348 640 2379 eorum,
675 2348 773 2383 quae
805 2339 944 2381 tradit,
968 2343 1028 2374 est
1050 2339 1306 2385 redeundum3
1342 2345 1441 2389 quod
1465 2348 1498 2382 si
1524 2357 1587 2383 res

122 2398 360 2433 diversorum
384 2401 598 2441 temporum
635 2399 675 2429 et
698 2395 892 2433 hominum
919 2396 986 2431 ille
1012 2398 1220 2433 memoriae
1245 2401 1471 2441 tradiderit„
1504 2404 1589 2449 ipsa

127 2466 189 2490 res
213 2455 345 2497 docet,
372 2465 447 2488 non
472 2454 583 2488 unius
610 2452 857 2501 eiusdemque
881 2454 1122 2489 auctoritatis
1149 2466 1196 2490 ea
1222 2459 1370 2500 omnia,
1402 2461 1539 2506 quippe
1566 2472 1590 2495 a

94 2532 97 2533 ν
126 2513 289 2547 diversis
313 2512 533 2548 auctoribus
557 2515 732 2557 accepta,
756 2502 847 2551 essa
867 2521 1002 2557 posse3
1033 2512 1149 2546 aliter
1171 2516 1401 2550 censendum
1428 2527 1515 2551 esse
1540 2518 1589 2552 de

126 2571 194 2611 iis,
226 2570 361 2615 quibus
393 2570 477 2615 quis
503 2570 624 2614 ipsum
660 2580 701 2602 se
728 2570 971 2612 interfuisse,
1006 2569 1120 2604 aliter
1151 2571 1198 2605 de
1223 2572 1290 2613 iis,
1325 2583 1421 2619 quae
1455 2575 1602 2627 auditu⁸

128 2631 195 2660 aut
217 2638 264 2664 ex
289 2628 385 2662 actis
409 2627 569 2671 publicis
592 2628 808 2673 accepisse,
832 2637 929 2673 quae
952 2636 999 2661 ex
1024 2626 1111 2662 aliis
1129 2629 1376 2674 scriptoribus
1403 2630 1587 2672 hausisse,

130 2684 367 2729 profiteatur.
415 2683 598 2718 Subtilius
626 2685 739 2718 etiam
766 2684 944 2718 iudicium
975 2687 1036 2718 est
1057 2684 1311 2720 adhibendum
1334 2689 1373 2721 in
1398 2690 1466 2730 iis,
1493 2699 1590 2735 quae

133 2752 179 2775 ex
204 2743 337 2775 ultima
361 2742 588 2786 antiquitate
616 2742 778 2784 repetita
802 2744 911 2783 sunt;
943 2740 1038 2775 haec
1062 2742 1110 2775 ad
1137 2746 1307 2776 nostrum
1337 2745 1527 2783 scribendi
1555 2753 1593 2780 et

134 2800 314 2834 historias
346 2798 529 2834 conde—„113
738 2808 920 2832 revocare
948 2799 1047 2833 velle
1070 2799 1237 2832 inimum
1266 2806 1391 2844 esset,
1425 2805 1592 2838 maxime
