1859 3326
310 185 408 229 298
693 190 698 195 ‘
775 179 1297 221 ANNOTATwNEs

309 294 428 346 τικόν
446 291 602 336 κόλπον
630 295 716 345 lege
733 289 807 334 τὸν
825 290 1150 348 Παγασητικόν,
1179 292 1225 330 de
1255 305 1331 345 quo
1359 292 1509 345 Scylax
1537 300 1577 332 et
1596 292 1769 346 Geogra-

310 355 475 407 phorum
499 354 578 390 alii
607 351 745 391 Wizss.

430 410 537 450 359-
563 410 639 449 28.
672 406 861 447 Εἶκοστῶ
884 402 927 445 δ’
952 402 1028 445 ἔτει
1047 419 1222 458 υστερον
1250 423 1298 434 ·-·
1320 402 1519 458 ἀνέστησε
1542 403 1620 459 τὴν
1642 401 1778 452 πόλιν]

310 465 430 505 Ratio
451 472 615 503 constat.
645 463 813 510 Urbem,
840 476 953 512 quam
973 462 1194 499 Alexander
1212 475 1316 500 anno
1337 463 1507 501 secundo
1530 463 1685 513 Olymp.
1705 473 1776 499 cxl

298 529 531 569 everterat,
557 520 772 558 Cassander
796 521 866 557 sub
890 521 1044 556 initium
1068 518 1223 569 Olymp.
1245 529 1344 556 cxvi
1370 521 1618 558 instauravit.
1657 518 1779 559 Recte

311 592 408 633 ergo
429 581 491 617 vir
508 590 672 629 magnus
691 576 931 613 Athenaeum
952 577 1104 614 notavit
1121 577 1387 614 Animadvers.
1408 576 1450 613 Ι..
1477 576 1505 613 Ι.
1531 579 1603 616 16.
1633 575 1777 615 VVESS.

432 636 538 675 359.
578 635 651 674 33-
700 630 935 684 Ἀθηναῖοι
964 630 1041 682 μὲν
1072 628 1150 684 γὰρ
1183 629 1230 672 τὸ
1264 628 1371 672 πολυ
1402 640 1474 673 etc.
1515 630 1780 683 ἀνέστησαν]

309 691 567 739 Pausaniam,
593 704 612 726 e
636 702 711 739 quo
732 688 826 726 haec
850 690 971 725 lucem
996 690 1212 739 accipiunt,
1243 690 1391 738 inspice
1414 690 1455 727 Ι..
1481 687 1551 727 ΙΧ.
1574 690 1614 729 7.
1642 688 1779 728 WESS.

430 749 539 789 360-
566 748 641 787 49.
673 745 758 785 Καὶ
778 743 854 798 τὴν
871 740 1111 796 Ερμιονίὸα
1134 766 1182 773 ·-
1205 744 1445 799 παρέλαβε]
1485 745 1630 783 Urbem
1654 745 1782 797 Argo-

308 804 384 843 hd
374 819 406 842 is
428 804 544 841 credo
570 805 814 853 vicinamque
839 802 1029 853 intelligit
1044 804 1265 853 regionem,
1294 815 1407 852 quam
1438 799 1516 853 τὴν
1539 775 1782 855 Ἑρμιονίδα

310 860 567 912 Thucydides
599 859 643 898 L.
672 858 718 897 ΙΙ.
746 861 819 900 56.
852 865 891 895 et
919 859 1086 898 Pansan.
1121 858 1163 895 L.
1192 858 1239 895 ΙΙ.
1267 859 1342 899 34.
1372 871 1410 907 p.
1438 860 1542 899 192.
1571 859 1780 908 adpellant.

308 918 473 967 Alioqui
493 918 584 955 urbs
609 915 828 953 IIermt'one
849 921 915 952 aut
933 915 1128 953 Hermion
1151 915 1226 952 dici
1248 917 1358 952 solet.
1387 914 1488 952 Est
1478 928 1517 952 m
1539 914 1685 965 Orphei
1704 915 1779 952 Ar-

307 980 473 1027 gonaut.
505 987 543 1012 v.
568 974 703 1014 1134.
724 968 934 1024 χθαμαλή
968 986 1011 1011 τε
1046 971 1114 1010 καὶ
1141 969 1314 1022 εὔβοτος
1337 967 1575 1022 ιΕρμιονία,
1603 973 1666 1008 cui
1694 984 1782 1008 cum

306 1030 372 1068 He
363 1033 548 1076 rmione,
575 1043 670 1080 quae
693 1029 740 1066 de
775 1030 959 1066 descensu
983 1029 1031 1065 ad
1061 1030 1209 1066 inferos
1240 1028 1535 1077 praedicantur,
1562 1035 1655 1065 sunt
1687 1041 1781 1064 con-

306 1090 467 1136 munia,
493 1101 540 1126 ea
565 1094 694 1124 tamen
713 1088 791 1124 alia
811 1093 883 1124 est.
924 1085 1121 1137 lnterpres
1151 1087 1267 1136 lon‘re
1287 1087 1370 1123 illie
1393 1098 1417 1122 a
1445 1097 1540 1122 vero
1571 1085 1779 1122 aberravit.

305 1143 449 1183 VllEss.

427 1199 533 1240 360.
562 1200 633 1239 51.
663 1193 751 1237 Ἐπὶ
772 1195 847 1238 τὸν
863 1194 1040 1248 Ἰσθμὸν
1065 1190 1298 1263 Γερανίας]
1338 1193 1461 1232 Credo
1487 1194 1694 1246 legendum
1715 1193 1778 1236 ἐπὶ

289 1257 386 1309 ’τῆς
402 1253 508 1295 κατὰ
530 1253 602 1294 τὸν
619 1252 795 1306 Ἰσθμὸν
816 1254 1030 1303 Γερανίας.
1059 1253 1210 1292 Nullibi
1228 1256 1329 1290 enim
1349 1254 1494 1303 legitur
1511 1250 1684 1304 'Io-3963
1705 1254 1781 1293 Γε-

305 1312 470 1365 (νανιᾞας
496 1311 625 1349 PALM.
672 1311 750 1349 Aut
767 1311 806 1349 id
826 1314 969 1349 iustum
991 1316 1071 1359 est,
1105 1310 1205 1358 quod
1233 1313 1296 1347 vir
1315 1310 1602 1346 e1uditissimus
1633 1310 1780 1353 adden-

307 1369 401 1406 ‹lum
424 1372 598 1416 censuit,
626 1375 694 1406 aut
715 1383 804 1421 περι
836 1365 1051 1420 Γερανιᾞας
1091 1365 1178 1403 Vid.
1200 1366 1365 1404 Pausan.
1389 1365 1430 1402 Ι.
1451 1365 1482 1405 Ι.
1507 1368 1582 1407 40
1613 1369 1680 1416 qui
1698 1367 1779 1406 Γε-

307 1424 460 1480 ρανίαν
481 1425 583 1462 hunc
604 1432 773 1463 montem
793 1425 926 1462 itidem
948 1430 1075 1461 v.ocat
1117 1423 1240 1460 Porro
1270 1438 1329 1474 μη
1361 1423 1693 1474 σηγαταβαινοι
1696 1438 1780 1472 τος,

312 1484 375 1521 vel
400 1496 476 1534 ov)
478 1478 668 1532 καταβάν
672 1496 753 1529 τος,
781 1480 883 1530 quod
901 1481 930 1517 Ι
935 1480 1008 1517 eid.
1030 1482 1070 1516 in
1095 1492 1164 1516 suo
1185 1481 1284 1516 libro
1307 1482 1471 1527 invenit,
1492 1480 1649 1518 videtur
1668 1493 1779 1529 prae-

306 1545 425 1578 stare.
463 1537 606 1575 Iustior
627 1545 730 1575 certe
758 1551 893 1575 caussa
923 1544 1005 1574 erat
1034 1549 1166 1573 eorum
1188 1539 1353 1573 militum
1378 1537 1426 1572 ad
1451 1535 1634 1574 Isthmum
1655 1538 1780 1574 relin-

308 1595 573 1644 quendorum,
602 1595 704 1644 quod
738 1594 962 1632 Alexander
992 1596 1052 1630 sui
1077 1595 1224 1641 copiam
1257 1606 1335 1630 non
1363 1593 1532 1641 faceret3
1570 1595 1635 1643 qui
1669 1595 1701 1630 si
1729 1593 1780 1630 ad

308 1658 506 1688 certamen
530 1652 817 1698 descendisset,
846 1661 958 1702 pares
978 1651 1035 1687 illi
1055 1650 1102 1687 oh
1128 1652 1312 1701 exiguum
1341 1662 1541 1687 numerum
1561 1650 1660 1687 haud
1680 1651 1779 1687 fuis-

307 1715 408 1747 sent.
438 1707 573 1745 wass.

425 1765 533 1805 360-
561 1765 631 1804 56
673 1758 861 1808 Ναύτιος
893 1758 1075 1814 Σπόριος
1090 1762 1190 1812 etc.]
1234 1760 1402 1799 Nomina
1422 1763 1623 1799 consulum
1647 1764 1703 1800 sic
1735 1763 1780 1802 in

306 1820 484 1858 ordinem
517 1834 566 1858 ex
595 1821 722 1858 hastis
752 1820 884 1870 redige
913 1828 1029 1868 atque
1059 1819 1241 1865 emenda,
1285 1813 1466 1870 Σπόριος
1495 1815 1609 1857 Ναί·
1597 1834 1681 1866 mog
1709 1835 1779 1858 και

307 1873 490 1930 Μάρκος
512 1878 729 1923 Ποπίλιος.
768 1875 820 1912 Et
847 1878 977 1924 paullo
997 1882 1086 1913 ante
1117 1888 1184 1925 pro
1210 1874 1411 1928 Γερανίας
1436 1875 1687 1943 Γερανειας,
1710 1877 1778 1926 qui

307 1945 421 1971 mons
452 1941 510 1971 est
541 1935 643 1971 inter
670 1934 830 1984 Megara
860 1940 899 1970 et
927 1932 1166 1969 Corinthum.
1202 1930 1338 1968 RHOD.
1384 1927 1565 1984 Σπόριος
1592 1927 1779 1979 Ναυτιος

308 2004 378 2029 και
398 1985 580 2043 ΠἸαρκος
604 1989 864 2042 Ποπιλὶιος]
911 1990 1127 2026 Instauravi
1149 1989 1314 2039 Popillii
1335 2002 1497 2034 nomen,
1527 2002 1638 2039 saepe
1659 1989 1779 2027 libra-

306 2048 454 2084 riorum
477 2047 653 2083 socordia
675 2047 882 2083 defectum.
907 2045 1044 2083 Cetera
1067 2048 1223 2094 scriptis
1244 2045 1434 2081 debentur
1452 2045 1576 2082 libris.
1607 2045 1694 2083 Vid.
1712 2046 1778 2084 Li-

308 2104 419 2140 vium
440 2104 481 2140 L.
496 2103 564 2140 lX.
577 2105 652 2142 21.
682 2103 804 2139 Porro
824 2101 1085 2152 κατέστησαν
1105 2114 1153 2137 ex
1172 2096 1496 2152 κατεστάθησαν
1515 2109 1646 2139 natum
1666 2102 1777 2139 vide·-

310 2164 397 2196 tur:
424 2162 618 2208 ceteroqui
640 2155 825 2204 ῑπάτους
845 2155 1028 2222 Σπόριον
1050 2152 1237 2196 Ναύτιον
1250 2164 1324 2196 etc.
1354 2158 1488 2195 verius
1506 2158 1621 2196 foret.
1637 2158 1776 2196 VVESS.

427 2216 534 2255 360
563 2217 636 2255 66.
676 2218 763 2254 'Iov
787 2213 825 2253 δ’
846 2213 916 2254 fh
909 2208 1077 2266 ‘5170'va
1100 2208 1173 2265 λό)
1176 2228 1249 2259 ους
1269 2211 1545 2260 απαιτοῦντος
1564 2222 1636 2252 etc.
1648 2214 1661 2264 ]
1704 2214 1776 2251 Se-

308 2269 442 2308 leucus
471 2273 703 2321 praefectum
728 2272 940 2320 quendam,
970 2271 1169 2320 Antigono
1191 2272 1350 2320 ignaro,
1370 2271 1638 2308 mulctaverat.
1669 2271 1776 2308 Haec

307 2327 453 2365 irarum
474 2323 981 2393 principia.‘Ys⁴j91‘cmvzog
1000 2323 1047 2364 δέ
1070 2340 1162 2364 τινα
1182 2328 1266 2365 τῶν
1294 2321 1510 2394 ηγεμόιων
1531 2341 1606 2366 του
1625 2327 1704 2367 Σε)
1709 2323 1777 2366 εύ-

308 2398 407 2432 κου,
442 2384 510 2423 καὶ
533 2383 580 2423 οὐ
601 2399 803 2423 γοιιωσω
807 2399 876 2430 τος
890 2377 1108 2451 Ἀντιγόνῳ
1130 2378 1327 2435 παρόντι,
1352 2384 1434 2433 χαὶ
1425 2378 1589 2436 επήνας
1607 2380 1628 2423 ὃ
1645 2381 1716 2423 24²¹
1710 2384 1778 2423 τί-

305 2453 429 2493 γονος
457 2454 542 2493 ητει
575 2437 797 2492 ὶοΙισμους
820 2436 1042 2492 κτημάτων
1062 2454 1105 2480 τε
1127 2454 1196 2478 και
1210 2453 1439 2492 γρημυτων
1466 2438 1666 2489 Appianus
1686 2440 1777 2492 Syr.

309 2508 347 2546 P·
377 2498 479 2537 195.
508 2499 573 2534 ait.
603 2497 745 2536 WVESS.

425 2554 531 2593 360
561 2556 635 2594 80
676 2550 858 2603 Εὖμενὲς
875 2552 942 2591 καὶ
972 2548 1305 2619 ([ιλάνθρτοπον]
1340 2551 1432 2589 Noli
1458 2551 1666 2600 quidquam
1689 2566 1774 2593 mu-

310 2615 408 2648 tare.
440 2608 553 2647 Conf
573 2610 613 2646 L
635 2609 709 2647 XV
715 2609 762 2646 Π
790 2610 894 2650 103.
927 2619 965 2648 et
986 2610 1145 2647 Suidam
1177 2612 1216 2646 in
1237 2604 1493 2660 Δημήτριος.
1524 2608 1660 2646 Wiss.

426 2666 533 2706 360.
563 2669 635 2707 86
669 2662 924 2717 Προσελθοτ
928 2682 1010 2706 των
1034 2664 1085 2705 αὖ
1090 2667 1147 2704 τῶ
1169 2668 1253 2705 τῶν
1272 2663 1528 2714 λψαὶδαιων]
1558 2664 1618 2702 De
1637 2665 1775 2703 horum

312 2721 518 2771 disciplina
541 2723 838 2775 diligentissime
857 2726 937 2774 egit·
957 2723 999 2759 L
1020 2723 1065 2759 ll.
1091 2724 1165 2761 30
1185 2729 1257 2758 etc.
1285 2722 1354 2758 Wi-
1355 2732 1420 2758 :ss.

428 2779 535 2819 361
567 2780 606 2819 1.
641 2777 829 2819 Δοκοῦσι
859 2778 903 2819 δὲ
925 2779 994 2819 καὶ
1008 2774 1280 2834 Ἀλεξάνδρα)
1300 2786 1373 2816 etc.
1387 2774 1404 2831 ]
1435 2776 1537 2816 Nota
1562 2790 1624 2817 res
1643 2784 1702 2816 est
1720 2791 1771 2816 ex

312 2832 357 2874 L.
375 2835 502 2874 XVll.
531 2837 630 2876 112.)
655 2835 795 2875 Wnss.
