1891 3310
299 202 376 234 DE
416 201 736 234 FONTIBUS
768 201 1243 234 IIIST.D10DOR1.
1339 202 1533 236 LXXXIX

84 299 182 342 sias,
208 309 281 334 non
306 302 390 334 erat
413 309 479 333 cur
503 297 649 333 fraudis
675 297 798 331 factae
822 297 905 341 ipse
926 301 1186 332 accusaretur.
1233 298 1399 333 Potuere
1423 300 1460 332 in
1486 299 1534 333 iis

84 367 169 391 esse
202 357 310 390 multi
342 357 543 391 multorum
576 356 799 401 populorum
832 355 947 389 etiam
974 354 1152 389 Indorum
1188 354 1310 399 mythi
1343 357 1384 388 in
1417 367 1533 390 unum

82 413 260 456 populum
289 414 481 449 cumulati.
538 412 577 447 Si
612 411 713 445 haud
738 421 878 456 pauca,
912 421 960 445 ex
989 421 1035 445 eo
1060 412 1211 457 quidem
1233 412 1392 445 aliorum
1419 422 1536 456 opera

83 470 262 512 repetita,
299 470 401 512 (nam
438 471 470 503 si
505 471 585 514 ipse
611 469 758 503 Ctesias
791 472 985 512 superstes
1009 467 1133 510 foret,
1155 469 1202 503 de
1229 469 1357 502 multis
1382 470 1535 513 expedi-

83 526 159 558 tius
192 526 369 559 iudicium
405 525 520 569 foret)
553 536 626 559 non
653 526 746 558 satis
768 526 997 559 conveniunt
1021 535 1103 558 cum
1137 525 1336 560 Herodoto
1364 530 1403 559 et
1428 527 1535 560 aliis:

83 584 244 626 primum
267 584 306 616 in
334 581 448 616 rebus
474 592 522 615 ex
547 587 623 615 tam
647 585 794 615 remota
818 582 1044 626 antiquitate
1071 583 1246 627 repetitis
1271 586 1310 616 et
1334 582 1438 616 sama
1462 582 1534 617 ho-

84 641 224 673 minum
249 650 318 684 per
343 639 472 684 plures
498 639 657 682 populos
687 642 727 672 et
758 642 907 672 aetates
935 639 1101 682 acceptis
1126 639 1368 674 mirationem
1393 640 1433 674 id
1460 651 1535 674 non

85 695 220 738 liabet3
254 701 332 730 tum
369 696 521 728 nomina
545 697 846 739 provinciarum,
876 705 1032 740 regum,
1060 700 1298 741 satraparum
1321 701 1538 742 permutata

85 753 123 784 in
158 752 285 786 multis
322 753 453 786 turbas
484 753 658 786 intulisse
690 752 882 785 videntur:
918 757 959 804 at
991 752 1161 787 Diodoro
1195 755 1288 787 vitio
1320 753 1412 788 dare
1444 754 1536 788 licet

86 808 177 851 hoc,
207 810 307 854 quod
337 811 376 843 in
421 809 670 842 exscribendo
705 809 834 842 Ctesia
870 817 1001 852 parum
1033 809 1239 855 diligenter
1269 821 1315 845 ac
1347 811 1539 847 subtiliter

84 871 282 906 versatur,
305 867 342 899 in
365 865 601 909 temporibus
625 865 802 899 notandis
829 865 1004 909 inprimis
1030 867 1398 911 negligentissimum
1423 868 1539 913 quod-

86 933 157 966 que
182 922 284 956 idem
309 924 573 957 narrrationes
606 921 842 955 diversorum
877 923 1103 967 scriptorum
1133 925 1323 958 interdum
1355 925 1541 967 adiunxit,

85 989 157 1012 nec
180 982 309 1013 tamen
342 980 381 1012 in
414 989 568 1013 caussas
604 978 801 1012 dissensus
828 978 906 1012 ulla
930 990 1022 1014 cura
1045 980 1215 1015 adhibita
1239 983 1431 1027 inquirere
1457 992 1541 1016 ma-

85 1036 167 1070 luit.
213 1037 272 1071 De
297 1035 481 1082 Babylone
505 1045 619 1080 porro
646 1032 870 1068 Clitarchum
888 1040 921 1068 et
943 1036 1102 1080 quicum
1123 1036 1332 1072 Alexandro
1354 1037 1393 1072 in
1409 1038 1540 1073 Asiam

86 1093 258 1127 traiecere
281 1101 295 1121 1
327 1097 617 1129 commemorat:
649 1094 697 1134 (c.
721 1092 772 1137 7.)
801 1101 935 1126 verum
971 1105 1046 1128 non
1070 1096 1191 1140 magis
1215 1095 1272 1128 illi
1297 1095 1394 1137 alia,
1427 1106 1540 1139 quam

87 1161 184 1195 quae
210 1151 312 1185 fama
346 1156 456 1186 erant
489 1150 654 1191 tradita,
691 1158 850 1183 narrare
884 1153 1064 1195 potuere3
1089 1153 1316 1186 interierant
1338 1154 1438 1187 enim
1463 1155 1540 1188 iam

86 1213 166 1242 tum
191 1210 347 1253 vulgata
369 1209 437 1242 illa
462 1207 698 1252 antiquitatis
725 1206 930 1249 miracula,
952 1209 1049 1251 (c.9.
1072 1212 1184 1255 extr.)
1209 1210 1249 1243 in
1269 1208 1329 1243 his
1355 1211 1542 1254 inprimis,

88 1266 188 1310 quod
222 1267 348 1299 omnia
384 1266 611 1309 superabat,
643 1263 729 1297 Beli
759 1263 952 1306 templum.
1008 1265 1068 1300 De
1101 1266 1306 1301 Memnone
1340 1266 1494 1302 Tithoni
1516 1269 1542 1303 f.

89 1322 240 1357 Priamo
279 1323 502 1367 opitulatum
533 1317 649 1355 misso
683 1321 759 1353 iam
792 1320 940 1353 etesias
974 1327 1215 1358 narraverat.
1247 1325 1383 1359 saltem
1423 1336 1468 1359 eo
1500 1327 1541 1359 iu

88 1379 174 1413 loco
201 1384 247 1424 (c.
268 1380 320 1413 22
344 1382 458 1425 extr.)
494 1377 534 1411 in
568 1376 683 1423 regiis
717 1376 980 1411 commentariis
1014 1378 1080 1413 illa
1110 1379 1288 1426 descripta
1319 1391 1343 1414 α
1375 1380 1541 1415 barbarie

90 1436 272 1470 asservari
288 1435 438 1470 tradit
423 1455 440 1464 -
459 1447 467 1469 ε
494 1435 641 1469 scilicet
661 1436 752 1478 [80]
775 1436 1056 1478 comparatione
1074 1441 1286 1483 temporum
1315 1437 1417 1472 facta
1440 1440 1542 1472 simi-

91 1494 165 1527 lem
198 1492 353 1527 heroem
386 1495 425 1526 in
449 1493 616 1537 Assyriis
644 1496 844 1536 repererat
867 1492 1035 1534 Ctesias,
1069 1494 1108 1526 in
1134 1505 1243 1539 quem
1267 1501 1423 1529 narrata
1448 1507 1544 1542 quo—

93 1551 291 1584 dammodo
325 1551 591 1590 convenirent3
624 1547 722 1582 forte
750 1552 789 1581 et
813 1558 949 1582 nomen
973 1550 1097 1584 simile
1131 1553 1170 1585 in
1193 1553 1283 1586 Asia
1309 1553 1541 1587 celebratum

91 1607 182 1642 suit:
215 1609 269 1640 ita
294 1606 399 1641 Susis
425 1606 686 1640 Memnonium
719 1605 760 1639 in
793 1604 980 1641 Strabone
1006 1614 1339 1643 commemoratum
1365 1610 1543 1655 legimus.

181 1664 307 1699 Locus
333 1665 579 1708 interpositus
606 1670 667 1699 est
689 1664 736 1698 de
768 1661 960 1707 Chaldaeis
995 1666 1042 1710 (c.
1062 1664 1129 1698 29.
1147 1664 1214 1701 30.
1235 1665 1319 1710 31.)
1352 1665 1452 1701 haud
1477 1668 1542 1702 du-

90 1721 153 1756 bie
188 1732 236 1756 ex
266 1722 341 1756 alio
376 1726 550 1764 auctore,
584 1726 644 1764 et,
687 1725 869 1766 quantum
911 1720 1062 1765 quidem
1097 1731 1146 1755 ex
1176 1725 1379 1765 postremis
1415 1726 1544 1759 verbis

94 1790 124 1812 c.
154 1779 219 1814 31.
265 1778 482 1822 intelligere
526 1780 638 1821 licet,
676 1789 752 1813 uno
792 1788 840 1812 ex
884 1778 1131 1821 scriptoribus
1160 1784 1246 1823 post
1268 1779 1540 1819 Alexandrum.

93 1837 286 1880 Agnoseas
321 1840 448 1868 tamen
478 1835 591 1870 facile
620 1836 867 1879 scriptorem,
911 1835 974 1879 qui
1004 1834 1195 1871 rhetorice
1236 1837 1323 1879 illa,
1361 1848 1457 1883 quae
1494 1839 1543 1873 de

95 1893 295 1927 Chaldaeis
327 1898 548 1936 acceperat,
579 1893 749 1933 ornavit,
782 1892 920 1935 partim
945 1892 984 1924 in
1007 1893 1169 1926 scientia
1194 1892 1328 1928 horum
1352 1893 1544 1930 hominum

94 1951 144 1984 ad
176 1950 395 1983 miraculum
429 1960 548 1994 usquc
581 1949 796 1992 evehenda,
827 1950 963 1993 partim
997 1950 1037 1982 in
1059 1950 1250 1985 laudando
1283 1962 1329 1986 eo
1354 1953 1545 1995 instituto,

96 2009 195 2053 quod
229 2007 362 2041 eodem
394 2017 536 2051 genere
570 2011 610 2041 et
635 2007 769 2040 ordine
798 2007 878 2040 nati
902 2005 1075 2041 homines
1108 2017 1132 2042 a
1153 2008 1325 2053 patribus
1350 2014 1545 2054 acceptam

94 2064 370 2111 philosophiam
395 2066 474 2098 suis
499 2065 631 2098 liberis
657 2065 729 2109 ipsi
753 2064 995 2098 mandabant.
1039 2065 1202 2099 Omnino
1228 2067 1333 2100 locus
1366 2067 1412 2100 de
1439 2067 1547 2102 chal-

96 2123 203 2156 daeis
228 2124 266 2155 in
290 2121 433 2155 veteris
466 2119 649 2155 historiae
682 2122 899 2165 cognitione
923 2123 1192 2156 vexatissimus
1217 2133 1265 2156 ex
1290 2122 1458 2159 Diodoro
1483 2136 1546 2170 pa-

94 2191 178 2214 rum
211 2180 307 2213 lucis
339 2179 484 2221 accipit.
532 2178 612 2212 lsta
645 2179 797 2224 quidem
827 2182 977 2220 aetate,
1011 2179 1058 2213 de
1084 2189 1157 2224 qua
1183 2181 1345 2224 scriptor
1369 2184 1468 2227 agit,
1499 2194 1545 2217 eo

96 2239 246 2271 nomine
281 2236 372 2270 ordo
408 2234 600 2270 hominum
635 2241 763 2270 certae
797 2236 930 2280 stirpis
965 2239 1004 2269 et
1037 2236 1205 2270 familiae
1230 2238 1444 2272 litterarum
1472 2245 1548 2273 stu-

98 2295 170 2327 diis
195 2294 407 2326 vacantium
439 2292 636 2327 veniebat:
671 2304 740 2328 eae
776 2298 904 2328 autem
936 2294 1090 2327 litterae
1116 2296 1287 2339 inprimis
1316 2298 1547 2342 astrologiae

100 2351 224 2384 studio
259 2350 559 2384 continebantur.
604 2350 644 2384 Si
676 2360 700 2383 a
729 2351 864 2394 priscis
893 2351 968 2384 illis
1002 2351 1224 2394 Chaldaeis,
1259 2363 1352 2397 quos
1384 2354 1548 2398 Babylo-

98 2418 186 2441 nem
213 2417 415 2450 occupasse
444 2412 612 2450 constat,
646 2410 831 2452 originem
859 2408 1023 2450 (luxere,
1058 2410 1166 2442 varia
1194 2409 1344 2442 fortuna
1369 2408 1437 2443 lios
1467 2412 1550 2454 qui—

99 2465 186 2498 dem
214 2474 304 2497 usos
327 2473 412 2497 esse
435 2474 590 2498 necesse
618 2470 698 2506 est;
724 2467 778 2497 ita
803 2469 845 2497 ut
868 2466 970 2497 inter
993 2465 1227 2510 Babylonios
1252 2467 1549 2510 Babyloniorum

100 2523 245 2556 artibus
270 2521 428 2562 eruditi,
464 2521 629 2565 ingeniis
663 2526 702 2555 et
734 2520 902 2554 moribus
937 2523 1136 2566 expolitis,
1171 2523 1357 2558 haberent
1378 2525 1479 2557 inter
1504 2534 1548 2557 sc

193 2639 212 2671 1
241 2635 292 2665 Ex
313 2633 489 2666 Clitarcbo
515 2641 546 2665 et
569 2645 610 2665 cx
638 2633 765 2665 iisdem
782 2635 882 2676 plura
908 2633 973 2667 ins.
990 2635 1054 2670 lib
1073 2635 1239 2669 XV11.iu
1266 2637 1368 2668 rebus
1395 2638 1552 2668 Alexan-

105 2681 159 2713 ‹lri
184 2681 290 2723 petiti
329 2681 548 2711 uidebimus:
588 2691 620 2712 v.
652 2680 862 2722 Wesseliug.
904 2691 938 2721 p.
968 2683 1046 2719 219,
1081 2682 1118 2724 o)
1149 2683 1212 2716 ubi
1252 2685 1298 2716 cl'.
1343 2683 1549 2718 Schneider.

103 2728 146 2761 Ὺ,
175 2731 213 2760 “.
239 2726 281 2756 ad
309 2727 464 2757 Demetr.
490 2726 532 2755 dc
562 2726 698 2757 Elocut.
721 2728 801 2756 sub.
818 2728 839 2758 l.
866 2725 950 2755 item
959 2738 1013 2778 p.
1029 2729 1107 2763 2²30,

205 2776 227 2805 2
253 2783 328 2815 περι,
351 2775 412 2814 μὲν
435 2766 494 2802 οὖν
525 2782 588 2802 του
625 2774 695 2814 31⁶1
700 2782 810 2806 ινοιος
839 2782 960 2802 τοιαυτ
1014 2773 1049 2803 ἐν
1079 2775 1156 2809 ταῖς
1179 2773 1373 2815 βασιλικαῖς
1397 2770 1552 2818 ἇιάγια-

107 2820 188 2859 ([,αἶς
213 2818 297 2848 imo
293 2821 462 2849 «ια’-εὶιῧιιι
456 2817 560 2859 ‘paoli‘
585 2830 617 2847 ιιι
641 2819 730 2858 lna-1³4¹
735 2827 825 2858 mint.
