1891 3310
330 196 394 235 1N
425 192 775 237 EXCERPTA
801 193 1032 236 PHOTu
1071 192 1360 248 maxxxl.
1474 202 1568 244 419

113 309 217 361 Lege
247 308 459 359 Synesium
488 308 534 347 de
564 306 734 348 Insomn.
764 320 801 361 p.
828 308 932 350 146.
957 305 1001 346 Β.
1033 306 1172 347 wass.
1229 306 1339 347 Conf.
1360 309 1456 349 Exc.
1476 312 1560 353 Vat.

115 378 150 415 p.
165 369 238 406 92.
279 369 348 406 10.

232 423 335 463 516.
378 423 453 462 6]-
499 420 551 460 Εἴ
579 418 637 473 μὴ·
666 416 848 473 ΖΠάρκος
866 418 1063 472 Αἶμίλιος
1082 422 1264 473 noanon&-
1296 425 1372 461 τοῦ
1391 425 1564 473 βουλευ-

113 476 286 530 τηρίου]
334 478 381 515 In
401 478 548 515 Latinis
568 480 707 516 curiae
722 479 972 529 praesidens,
1028 476 1114 528 Ego
1145 480 1369 529 principem
1399 490 1564 520 senatus

113 537 278 574 mallem.
319 534 372 572 Μ.
395 537 496 571 enim
516 534 699 572 Aemilius
719 535 884 584 Lepidus
903 535 950 571 ab
971 536 1096 572 tertiis
1115 536 1188 571 iam
1210 536 1432 573 censoribus
1452 541 1561 585 prin-

112 604 201 640 ceps
221 592 351 628 fuerat
371 592 515 637 lectus,
553 595 650 627 teste
672 590 783 628 Livio
816 591 859 628 L.
880 590 1022 628 XLIII.
1057 590 1126 631 15.
1186 589 1279 627 Scio
1309 592 1560 633 Plutarchum

111 647 153 683 in
180 647 316 684 Aemil.
345 660 379 695 p.
402 647 508 686 274.
543 654 729 684 mutatum
752 647 890 684 Persae
911 660 1101 684 carcerem
1121 646 1257 684 Paullo
1276 647 1440 686 Aemilio
1466 665 1559 687 con-

109 704 301 750 tribuere,
334 716 429 752 quae
450 715 510 739 res
532 703 631 740 nihil
649 702 761 740 hahet
781 703 1032 742 difficultatis.
1091 703 1224 740 Potuit
1243 711 1401 741 auctore
1420 706 1557 745 Paullo

110 759 275 797 Aemilio
305 760 352 796 ad
382 758 566 796 Senatum
601 758 653 796 M.
685 759 871 797 Aemilius
901 761 1067 807 referre,
1110 766 1154 797 ut
1180 762 1220 797 in
1243 760 1362 797 libera
1381 763 1559 801 custodia

109 828 181 853 rex
220 815 437 853 haberetur.
494 816 544 852 At
578 815 682 853 istud
710 815 800 867 περὶ
831 810 961 854 αὑτὸν
988 813 1150 867 ἀξίωμα
1186 829 1263 853 non
1292 820 1385 854 satis
1416 820 1556 866 placet.

110 871 267 909 Invenit
293 872 343 908 H.
367 872 542 908 Valesius
564 875 605 908 in
624 871 804 921 Excerpt.
829 871 1223 923 Porphyrogennetae
1251 876 1388 924 τηρῶν
1412 872 1457 913 τι)
1483 878 1559 927 τῆς

107 929 263 979 βουλῆς
288 926 471 977 ἀξίωμα·
512 928 614 964 unde
636 931 779 966 rectius
800 929 924 965 fuerat
944 927 1035 978 neci
1058 925 1210 980 αὐτὴν,
1247 930 1349 977 quod
1369 928 1556 969 Rhodam.

106 987 308 1031 expressit.
356 983 505 1020 Cultius
529 990 724 1033 praeterea
747 985 926 1031 arbitror,
955 984 1054 1034 quod
1074 985 1174 1022 idem
1192 986 1316 1023 Vales.
1337 999 1386 1023 ex
1403 987 1556 1026 schedis

104 1040 334 1090 productum
354 1040 551 1087 laudavit,
580 1038 654 1080 τόι
675 1040 716 1088 ἐξ
736 1036 974 1092 ἀνθρώπων
996 1037 1146 1106 ([όβον.
1203 1040 1346 1079 ἎῙΕεΞ.

222 1096 326 1137 516.
360 1098 434 1137 70.
476 1096 604 1149 Διετῆ
626 1094 704 1150 769
721 1093 875 1151 χρόιον
897 1097 968 1149 (μ)
973 1092 1191 1148 οψυχὴσας
1212 1105 1282 1134 etc.
1294 1097 1306 1148 ]
1344 1099 1559 1143 Quadrien-

103 1152 171 1190 nio
205 1161 409 1202 postquam
438 1160 570 1203 captus
599 1155 749 1202 fuerat,
786 1153 923 1190 Perses
951 1153 1072 1190 Albae
1092 1156 1134 1191 in
1156 1154 1278 1191 libera
1298 1156 1470 1193 custodia
1493 1157 1561 1193 de·-

107 1210 242 1257 cessit‚
286 1212 320 1247 si
353 1210 499 1247 Velleio
527 1213 670 1248 veritas
699 1217 853 1247 constat
883 1209 926 1246 L.
950 1209 980 1246 l.
1011 1211 1083 1250 ll.
1131 1209 1292 1247 Accedit
1321 1204 1560 1262 Porphyrius

103 1277 236 1315 parum
268 1267 488 1316 discrepans
518 1265 568 1303 in'
591 1266 774 1316 Excerpt.
802 1265 1017 1317 Scaligeri‚
1057 1265 1114 1311 εἷς
1133 1263 1289 1318 ’Άλβην
1317 1269 1559 1317 pietatem-ig

104 1321 171 1361 καὶ
197 1319 448 1374 τήρούμενος
475 1320 580 1373 μετὰ
609 1321 727 1363 πέντε
758 1320 826 1373 ἔτη
854 1323 1037 1377 τελευτᾷ.
1095 1321 1192 1360 Fors
1212 1325 1341 1372 itaque
1362 1333 1561 1372 peccatum

105 1379 146 1415 in
173 1382 286 1416 annis
314 1382 399 1416 istis
429 1379 577 1416 duobus
609 1386 678 1416 est.
735 1379 904 1416 Periisse
927 1392 1020 1416 vero
1040 1377 1184 1415 Persen
1217 1382 1443 1427 insomniis,
1485 1381 1559 1419 Mi-

102 1434 290 1472 thridates
318 1435 441 1484 Epist.
473 1436 522 1472 ad
551 1435 734 1473 Arsacem
763 1438 866 1473 inter
889 1434 1065 1472 Sallustii
1086 1434 1238 1486 Fragm.
1262 1436 1305 1472 L.
1321 1436 1386 1476 IV.
1408 1437 1558 1475 Hister.

105 1499 143 1527 et
164 1490 267 1531 Plut.
290 1492 429 1531 Aemil.
450 1505 488 1541 p.
503 1493 609 1532 275.
630 1493 817 1530 indicant.
875 1490 1052 1528 Ceterum
1075 1494 1203 1542 paullo
1224 1500 1313 1529 ante
1336 1500 1472 1539 κεναῖς
1496 1494 1558 1532 E).-

102 1546 190 1586 πίσι
210 1562 475 1600 npooaaeva
495 1562 517 1585 a
539 1551 725 1599 scriptore
751 1549 907 1586 venisse
925 1550 1069 1585 censui.
1125 1547 1224 1586 Nam
1243 1557 1417 1587 errantes
1441 1552 1558 1588 libra-

101 1605 183 1641 rios
205 1607 245 1641 in
265 1606 352 1642 istis
374 1618 484 1654 saepe
508 1606 609 1652 labi,
641 1608 726 1654 quis
747 1612 824 1653 est,
855 1617 968 1654 quem
985 1603 1139 1669 fugiat?
1197 1605 1332 1642 Wnss.

218 1662 322 1701 517
367 1663 439 1701 73.
478 1658 570 1700 τΌτι
604 1660 789 1714 λέγουσιν
808 1684 862 1689 -
884 1657 1059 1707 ἑαυτοὺς
1082 1655 1139 1707 ὡς
1158 1663 1207 1713 τῆ
1202 1676 1232 1707 ς
1252 1661 1558 1710 Καππαδοκία,-

102 1722 175 1753 etc.
187 1714 202 1766 ]
248 1717 410 1754 VIdetur
429 1716 623 1754 Diodorus
646 1721 845 1755 occasione
866 1719 1088 1768 legationis,
1118 1730 1192 1766 qua
1213 1719 1436 1755 Ariarathes
1462 1723 1558 1756 ¹uni-

102 1775 232 1809 citiam
254 1787 338 1810 cum
359 1773 543 1811 Romanis
572 1777 780 1811 renovavit
811 1774 911 1823 apud
942 1774 1095 1811 Livium
1118 1773 1222 1822 Epit.
1253 1776 1321 1813 lib.
1351 1774 1490 1812 XLVI.
1519 1784 1557 1812 et

102 1828 241 1878 Polyb.
268 1830 401 1881 Legat.
421 1840 505 1868 (ux.
540 1842 575 1878 p.
601 1832 735 1871 1302.
765 1830 810 1866 de
830 1843 963 1881 regum
984 1828 1248 1879 Cappadocum
1270 1833 1419 1881 origine
1442 1833 1555 1868 istam

102 1900 206 1936 nuce
203 1883 359 1935 κβασιν
394 1889 621 1924 instituisse.
679 1887 731 1923 At
750 1886 842 1936 quid
864 1887 937 1924 sibi
963 1887 1101 1924 volunt
1121 1885 1213 1923 haec
1234 1886 1290 1936 S)
1295 1889 1408 1924 ncelli
1429 1886 1556 1925 (Πιτυ-

101 1941 288 1992 nograph.
318 1954 353 1991 p.
378 1944 483 1982 219
522 1939 822 1982 Καπηαὸόκων
852 1943 1037 1993 βασιὶεῖς
1070 1938 1171 1981 ἔπτὰ
1195 1939 1423 1995 χοόνοτςε
1409 1939 1556 1984 ἔκατὸι

101 1997 170 2036 καὶ
201 1993 398 2064 “‘g‘quovta
430 1997 739 2050 ὸιαρκέσαιτες,
783 1996 889 2038 κατὰ
920 1994 1094 2045 τούτους
1117 1995 1297 2051 ἦοξαιτο
1327 2014 1424 2046 τοις
1449 1998 1555 2053 χρό-

99 2068 220 2101 τους,
262 2070 318 2101 ως
342 2051 562 2104 Δι(’ὁωοος
588 2052 749 2109 φράφει.
807 2056 1085 2108 Cappadocum
1116 2069 1232 2105 reges
1260 2063 1406 2107 septem
1438 2061 1555 2094 (mnis

100 2121 186 2147 ch
217 2113 421 2161 regnando
444 2125 639 2162 persone)
641 2120 755 2150 antes
781 2112 858 2149 Ιιαο
889 2119 1048 2159 aetate,
1097 2119 1144 2149 ut
1163 2111 1372 2152 Diodorus
1401 2115 1553 2160 scribla,

88 2169 228 2218 prima
250 2168 645 2217 regnifundamenta
661 2169 911 2220 posuerunt?
956 2167 1144 2218 Equidem
1158 2196 1168 2215 ‚
1198 2182 1335 2206 verum
1355 2176 1398 2206 ut
1416 2172 1552 2217 fatear,

98 2236 178 2260 non
200 2226 327 2261 omnia
346 2225 473 2264 laudo.
517 2225 603 2262 Illic
626 2237 723 2274 quae
745 2226 1028 2273 describuntur,
1057 2227 1294 2263 conveniunt
1310 2227 1489 2276 pleraque
1511 2231 1551 2263 in

98 2286 247 2332 tempus
277 2281 368 2318 belli
385 2280 522 2318 Punici
553 2283 690 2331 primi,
723 2289 790 2320 aut
816 2284 876 2320 illi
906 2288 1009 2319 certe
1035 2283 1264 2330 proximum.
1321 2282 1440 2331 Atqui
1463 2284 1551 2319 inde

98 2337 221 2383 prima
251 2339 364 2388 regni
394 2335 660 2386 Cappadocum
682 2341 795 2377 initia
815 2351 994 2375 exorsum
1024 2351 1105 2374 esse
1127 2336 1362 2385 Diodorum,
1400 2353 1461 2375 res
1492 2349 1551 2376 est

98 2393 319 2430 falsissima.
378 2393 434 2430 Ad
471 2393 541 2431 hoc
568 2402 713 2443 septem
741 2397 797 2433 ait
826 2395 1033 2445 Syncellus
1055 2393 1320 2444 Cappadocum
1341 2397 1461 2432 fuisse
1491 2410 1551 2433 re-

98 2460 186 2499 ges:
225 2447 285 2485 hic
307 2456 556 2486 recensentur
575 2453 717 2499 plures.
776 2451 885 2488 Adde
909 2464 996 2500 eos,
1027 2453 1092 2499 qui
1111 2451 1363 2499 Ariarathen,
1398 2452 1443 2488 de
1476 2465 1551 2501 quo

99 2512 231 2542 auctor
258 2504 405 2557 Ecloga
433 2505 504 2542 hac
532 2514 727 2554 extrema,
770 2509 956 2545 continua
988 2507 1086 2543 serie
1107 2520 1226 2557 usquc
1248 2508 1294 2546 ad
1318 2508 1550 2545 Ariarathen

98 2560 324 2598 Ariarathae
372 2569 410 2599 et
457 2561 644 2600 Laudices
685 2563 753 2611 Β,
820 2577 932 2613 quem
971 2562 1216 2600 Mithridates
1255 2575 1321 2611 per
1361 2577 1550 2601 summum

99 2618 224 2654 scelus
245 2618 409 2666 occidit,
437 2626 693 2667 exceperunt,
723 2626 761 2656 et
782 2621 912 2669 plures
932 2622 972 2656 in
997 2620 1212 2671 catalogum
1242 2620 1407 2659 addendi
1425 2627 1551 2657 erunt.

99 2673 194 2710 Vide
223 2681 349 2711 tamen
381 2688 429 2711 an
460 2674 531 2711 hoc
558 2674 765 2725 Syncellus
793 2679 1036 2724 spectaverit.
1095 2676 1247 2713 Iudicat
1266 2675 1458 2716 Diodorus
1481 2677 1551 2713 hac

98 2728 245 2780 Ecloga
270 2730 521 2778 Ariarathen,
561 2732 682 2769 filium
712 2732 959 2779 Ariarathae,
1010 2744 1122 2780 quem
1153 2736 1234 2770 vita
1259 2739 1296 2769 et
1318 2745 1438 2782 regno
1468 2733 1551 2769 25:1-

99 2786 262 2823 cedoues
288 2795 534 2834 everterunt,
577 2786 858 2839 Cappadociam
878 2790 994 2826 armis
1015 2796 1277 2837 recuperatam
1300 2788 1382 2824 filio
1403 2788 1555 2826 Ariani*

100 2855 171 2878 nae
202 2844 413 2893 reliquisse.
472 2844 571 2881 Puto
607 2845 769 2884 eundem
795 2845 1055 2894 superioribus
1079 2847 1190 2883 libris
1213 2843 1474 2894 perhibuisse,
1503 2845 1551 2882 ab

1161 2903 1220 2940 27
1248 2904 1267 2921 ²⁶
