1859 3326
306 170 402 212 414
780 159 1306 207 ANNo'rATioNEs

305 281 527 336 pendiariae
554 286 691 319 auctor
721 280 924 330 antiquum
954 280 1126 328 obtinet,
1172 293 1369 331 paucaque
1402 280 1494 320 hine
1523 288 1563 320 et
1584 280 1676 321 inde
1701 285 1767 322 de-

305 339 497 390 cerpendo
530 339 746 375 orationem
775 339 897 376 luxat.
957 336 1152 375 Diodorus
1183 338 1437 388 descripserat
1460 353 1652 390 pugnam,
1692 353 1768 391 qua

306 396 509 434 Gallorum
537 394 586 432 ad
617 405 671 431 XL
697 395 821 431 millia
850 395 1065 443 perierant,
1103 400 1290 444 captaque
1318 396 1439 433 ferme
1460 396 1592 434 decem
1611 398 1767 436 fuerant

303 467 384 491 una
405 466 490 490 cum
514 453 648 502 regulo
670 450 946 488 Concolitano·
985 450 1187 488 addiderat
1207 465 1344 502 regum
1366 453 1524 490 alterius
1543 452 1764 502 Aneroesti,

306 522 355 548 ex
374 510 522 559 praelio
543 509 685 556 elapsi,
715 508 975 544 voluntariam
998 520 1143 544 necem.
1189 508 1321 557 ltaque
1341 511 1486 547 iustum
1506 516 1566 546 est
1587 509 1767 564 tholam,

304 578 429 614 neque
449 566 590 602 malum
612 557 873 601 censebitur
853 560 920 601 vn'
944 560 1094 611 αὐτοῦ,
1123 564 1206 602 sive
1226 560 1297 618 ὕφ’
1327 560 1481 631 aurei?
1513 565 1627 603 modo
1651 569 1766 604 intel-

303 625 448 674 ligatur
481 622 616 658 consul
646 620 853 666 Aemilius,
916 621 1027 657 cuius
1066 620 1181 658 ductu
1214 628 1333 672 atque
1367 623 1552 673 auspiciis
1581 630 1691 675 gesta
1721 637 1766 662 ea

302 686 407 717 sunt.
467 677 568 728 Lege
587 676 725 727 Polyb.
746 675 788 713 L.
804 674 851 713 Π.
874 677 948 716 30.
987 677 1063 717 31.
1123 677 1265 715 VVESS.

419 739 876 795 512.18.“Ῥωμαιοις
900 749 1015 785 σΐτον
1035 742 1280 798 ἀπέστειλε]
1331 744 1455 794 Saepe
1476 743 1597 784 Hiero
1617 748 1766 785 eiusce-

300 803 404 841 modi
430 802 661 839 liberalitate
691 800 954 839 Romanorum
978 801 1114 840 horrea
1135 805 1303 853 replesse
1324 804 1467 853 legitur
1488 802 1589 853 apud
1607 803 1764 843 Livium

299 860 345 901 L.
367 858 624 906 XX11.37.‚
656 857 887 908 Eutropium
912 858 956 898 L.
971 858 1038 896 111.
1065 861 1105 900 1.
1096 887 1131 907 .‚
1170 861 1280 898 alios.
1338 859 1474 900 WESS.

416 927 521 967 512.
566 927 641 966 23.
701 925 990 966 Ζακαιθαίων
1023 925 1068 966 ὁὲ
1101 922 1127 979 ἡ
1161 922 1280 974 πόὶις
1310 924 1636 993 πολιοοκουμενη
1668 925 1763 981 ete.]

298 983 529 1035 Corrigebat
549 982 853 1020 Rhodomannus
877 983 1164 1024 Ζακανθαίων
1183 982 1228 1023 δὲ
1247 986 1333 1051 τῆς
1338 979 1496 1030 πόλεως
1519 985 1762 1037 πολιορκου·

295 1056 346 1092 μὲ
342 1039 435 1092 ’.νης
483 1048 566 1078 tum
594 1053 826 1092 συννῃαγον
854 1039 910 1086 εις
929 1037 981 1079 τὰ
1002 1038 1091 1093 {fode
1110 1037 1183 1080 τὸν
1201 1055 1280 1094 χοτ
1287 1036 1372 1080 σόν.
1430 1040 1620 1079 Neutrum
1655 1044 1763 1090 equi-

299 1097 386 1134 dem
419 1097 550 1147 probo.
599 1096 758 1140 Priora,
800 1103 845 1133 ut
876 1098 1055 1146 pleraque
1085 1098 1127 1134 in
1158 1096 1219 1134 his
1249 1097 1431 1149 EclogiS‚
1477 1104 1570 1134 sunt
1597 1098 1761 1135 defecta.

296 1154 343 1191 ln
375 1154 654 1203 posterioribus
682 1150 734 1192 τὰ
764 1150 852 1206 izos)
883 1161 973 1190 sunt
1003 1154 1165 1191 donaria
1191 1167 1359 1204 vasaque
1389 1166 1510 1192 sacra.
1569 1153 1763 1192 Audiatur

296 1211 460 1278 Appian.
488 1210 586 1248 lber.
618 1224 653 1261 p.
672 1210 780 1249 435.
812 1206 886 1248 τὸν
905 1209 980 1261 μὲν
996 1206 1156 1278 χουσόν
1176 1225 1245 1248 και
1266 1208 1368 1262 c'ioyr
1373 1224 1468 1260 ρον,
1496 1205 1596 1257 ὅσος
1614 1226 1666 1262 ην
1687 1210 1761 1263 ὁη-

294 1263 443 1333 μόσιός
471 1282 515 1307 τε
549 1266 617 1306 καὶ
650 1262 856 1312 ἰδιωτικὸς
880 1287 928 1294 —-
953 1265 1007 1313 εἷς
1027 1282 1103 1318 την
1122 1264 1278 1332 ἀγορὰν
1299 1280 1550 1318 συνηνεγκαν
1584 1266 1652 1306 καὶ
1680 1281 1760 1319 μο-

294 1319 436 1379 alfio&
467 1323 535 1363 καὶ
558 1323 639 1374 χαὶ
645 1339 702 1361 κω
731 1336 806 1361 συν
811 1318 1062 1372 ἐχώνευσαν,
1106 1318 1162 1370 ὥς
1185 1321 1349 1374 ἀχρεῖον
1362 1321 1531 1379 Ἀννίβα
1549 1321 1759 1376 γενέσθαι.

295 1383 403 1425 Quae
423 1381 519 1418 mire
541 1387 632 1417 sunt
651 1366 824 1416 D'iodoro
847 1386 1119 1426 consentanea,
1148 1382 1263 1417 sicuti
1285 1383 1414 1428 etiam,
1448 1392 1543 1428 quae
1565 1380 1611 1417 de
1632 1393 1760 1418 erum-

293 1438 476 1487 pentibus
499 1450 546 1473 ex
567 1435 661 1473 urbe
682 1434 915 1486 Saguntinis
946 1443 984 1473 et
1006 1437 1047 1473 in
1069 1436 1200 1474 hostes
1222 1443 1378 1474 strenue
1398 1437 1664 1488 pugnantibus
1685 1436 1760 1475 ad-

294 1495 459 1532 duntur:
491 1495 559 1531 alii
580 1495 681 1530 enim
705 1494 833 1533 aliter.
888 1491 999 1530 Conf.
1031 1493 1184 1531 Livium
1206 1493 1376 1533 LXXI.
1403 1495 1474 1534 14.
1518 1493 1612 1531 Mox
1633 1489 1759 1546 ἀργύ-

292 1565 366 1605 ρεα
389 1546 513 1602 σκεύη
537 1551 637 1588 idem
649 1548 964 1588 Rhodomannus.
984 1550 1122 1588 Wrss.
1152 1548 1251 1588 Tum
1270 1547 1555 1602 χωνεύσαντες
1578 1549 1623 1590 δὲ
1634 1549 1759 1588 Rhod.

408 1620 515 1659 512.
543 1619 618 1659 31.
655 1613 834 1665 ςΕαυτὰς
862 1616 919 1657 δι’
956 1614 1133 1671 ἀγχόνης
1167 1615 1415 1666 ἀπέπνιξαν]
1452 1617 1642 1656 Rhodum.
1666 1630 1756 1656 ver—

291 1682 391 1713 terat
410 1688 560 1727 vapore
572 1675 798 1722 fornacum
826 1678 1058 1728 semetipsas
1081 1676 1356 1727 suffocarunt,
1393 1677 1628 1724 arbitratus,
1673 1688 1758 1712 cre-

291 1732 364 1779 do,
393 1733 639 1769 scribendum
661 1745 744 1769 esse
760 1729 901 1785 χώνης
920 1741 986 1770 aut
1000 1734 1198 1783 χωνείαςε
1238 1733 1330 1770 dein
1353 1733 1533 1770 secundis
1553 1734 1658 1770 curis
1673 1744 1755 1784 pro

288 1802 440 1841 vapore
459 1789 707 1836 fornacum,
734 1791 883 1840 inquit,
910 1797 1022 1827 verte
1044 1792 1192 1838 laqueo.
1239 1787 1287 1828 δι’
1324 1786 1503 1843 ἀγχόνης
1537 1791 1637 1827 enim
1667 1802 1754 1826 cum

289 1847 517 1884 doctissimo
537 1845 779 1884 Hoescltelio
810 1854 871 1884 est
895 1848 1113 1898 legendum.
1158 1847 1211 1884 Et
1235 1846 1344 1885 bene.
1405 1847 1550 1884 Verum
1572 1845 1662 1884 hinc
1683 1845 1756 1883 du-

288 1903 393 1940 bium
427 1904 463 1940 id
496 1911 681 1953 augetur,
739 1904 784 1941 de
817 1916 892 1953 quo
923 1905 971 1942 ad
1003 1904 1236 1955 Eclogarum
1267 1904 1422 1941 initium
1454 1904 1753 1941 conmemoravi.

287 1957 362 2000 Δι’
396 1955 574 2012 ἀγχόνης
597 1960 814 2009 adpositum
837 1968 895 1997 est
918 1961 1086 2011 margini
1109 1961 1198 1998 edit.
1258 1959 1507 2008 Hoesehelii‚
1547 1960 1663 1997 sicuti
1690 1971 1753 1996 ce·-

287 2023 392 2053 terae
427 2030 559 2054 omnes
591 2018 903 2065 emendationes,
941 2031 1101 2068 quarum
1127 2023 1274 2066 partem
1295 2017 1479 2067 probavi,
1517 2017 1614 2054 alias
1635 2028 1753 2064 repu-

288 2072 406 2112 diavi.
467 2073 518 2110 Et
539 2087 671 2111 omnes
694 2082 820 2112 tamen
844 2075 916 2111 sibi
937 2076 1074 2111 tribuit
1096 2077 1158 2112 vir
1176 2074 1472 2113 eruditissimus.
1528 2072 1585 2110 Ut
1612 2080 1655 2110 ut
1679 2078 1754 2120 est,

287 2127 344 2167 δι’
382 2126 561 2182 ἀγχόνης
589 2131 851 2178 recipiendum
877 2133 1024 2170 censui.
1064 2130 1206 2168 WESS.
1252 2128 1469 2183 ’Ἀγχοντες
1492 2141 1561 2178 pro
1585 2127 1653 2168 δαὶ
1676 2125 1752 2180 χό-

286 2200 360 2238 νης
386 2185 511 2224 Rhod.
538 2189 578 2224 in
598 2201 688 2224 suae
711 2187 768 2224 ed.
794 2190 982 2239 margine.

403 2255 510 2294 512
538 2256 617 2296 42.
659 2254 820 2309 Θνητῇ
824 2254 866 2295 de*
886 2269 1033 2309 (μσει,
1071 2251 1148 2310 κξὶν
1185 2250 1292 2300 ὅὶως
1318 2251 1623 2307 ἔπιτετευῃιένη
1656 2256 1748 2302 etc]

285 2309 461 2348 Illustrat
494 2313 692 2364 egregium
724 2312 827 2349 hunc
862 2314 988 2349 locum
1017 2311 1213 2348 Francisc.
1246 2310 1377 2348 [unius
1408 2313 1448 2348 in
1467 2310 1653 2362 Catalogo
1676 2312 1749 2348 Ar-

285 2366 439 2406 chitect.
459 2375 529 2405 etc.
551 2381 589 2417 p.
605 2371 679 2408 21.
702 2376 740 2405 et
761 2381 799 2418 p.
818 2371 921 2409 141.
940 2376 1012 2406 etc.
1064 2367 1196 2406 Mox
1178 2367 1243 2407 επὶ
1265 2369 1316 2422 τῆ
1337 2370 1421 2407 τῶν
1444 2390 1491 2396 -
1513 2369 1748 2422 κατασκευῖ]

284 2421 588 2462 Rhoclomannus
608 2427 765 2474 optime.
825 2426 876 2463 W
883 2437 966 2462 ESS.

402 2493 506 2532 512.
539 2494 615 2532 49.
651 2490 1004 2546 Προσαγιγοντες
1033 2492 1088 2540 εἷς
1123 2487 1383 2544 ἀκροτάτην]
1426 2487 1748 2558 Προαγαῇυντες

283 2544 340 2594 εἷς
369 2544 613 2601 ἀκοόῐατον.
672 2550 772 2587 'lum
794 2548 868 2596 τὰς
892 2567 932 2602 ‘¹¹2
935 2549 1058 2596 ιοίας
1083 2547 1150 2588 ἕλ’
1116 2564 1270 2616 εῃχων.
1309 2548 1445 2587 Ruon.
1505 2545 1747 2601 Προςάγυι-

281 2619 349 2650 τες
381 2608 567 2654 scriptum
599 2609 639 2644 in
663 2608 721 2644 ed.
748 2607 993 2653 Hoeschelii‚
1030 2614 1067 2644 et
1085 2602 1336 2658 n90d7ovvaeg
1365 2608 1406 2643 in
1427 2605 1746 2643 annotationibus

282 2659 566 2699 Rhodomanni.
626 2663 745 2701 Recte
769 2671 897 2702 tamen
919 2664 1226 2714 WesselingiuS‚
1254 2666 1430 2713 quamvis
1460 2675 1528 2712 per
1562 2675 1744 2709 errorem,

280 2720 464 2756 aoristum
492 2722 614 2768 ponit.

397 2777 501 2816 513.
536 2778 608 2817 59.
641 2773 762 2816 Ἐστὶ
794 2773 872 2830 γάρ
898 2791 990 2815 τινα
1014 2777 1098 2815 τῶν
1122 2770 1361 2825 ἀνθρώπων
1385 2770 1632 2828 φιλόφθονα
1653 2773 1743 2825 etc.]

281 2830 409 2869 Ornat
426 2831 525 2871 hane
551 2835 773 2880 nationem,
810 2834 983 2871 nondum
1004 2835 1318 2877 intermortuam,
1353 2844 1401 2868 ex
1421 2832 1632 2869 virtutibus
1661 2834 1743 2868 suis
