1891 3310
356 185 412 222 ΙΝ
441 181 726 222 EXCERPTA
759 180 945 221 PHOTu
984 179 1310 220 [ARXXXVH.
1479 182 1574 223 439

226 296 330 338 539.
359 298 432 339 36.
468 293 584 337 'Ana
619 296 704 335 τῶν
728 291 985 349 Κερκώλων]
1024 293 1102 331 Ubi
1121 300 1311 332 terrarum
1330 294 1402 332 iste
1426 294 1562 332 locus?

109 355 178 392 Ab.
228 355 399 392 ortelius
428 356 531 392 circa
563 353 730 392 Galliam
761 351 953 404 Togatam
977 353 1098 390 fuisse
1131 352 1304 389 coniicit.
1355 349 1454 387 Mihi
1482 363 1561 389 non

108 413 237 460 liquet.
295 411 429 448 Wssss

222 468 327 507 539.
356 468 432 506 45
475 462 565 517 Τὴν
593 461 732 517 κοινὴν
761 460 878 504 πόλιν
902 461 1082 505 Ιταλίαν
1111 458 1416 515 ὀνομάσαντες]
1465 460 1559 500 Noli

102 530 249 573 putare.
304 519 505 574 Ἰτα7ικὴν
527 535 738 573 cognomen
760 521 922 560 Corfinii
949 534 1031 558 esse
1054 522 1284 569 voluerunt,
1317 532 1440 568 neque
1459 517 1556 555 Dio-

105 580 221 617 dorus
243 582 400 627 scripsit·
415 581 546 625 aliter,
577 580 691 615 sicuti
713 579 857 616 dudum
874 579 922 616 Is.
945 578 1193 615 Casaubonus
1211 577 1352 615 docuit.
1412 575 1479 612 Sti
1481 575 1553 612 abo

101 639 322 684 planissime
340 635 382 672 L.
394 635 439 672 V.
469 649 508 684 p
523 636 634 675 369.
668 634 834 700 Κορφίι
837 651 898 674 ιον
917 650 992 686 την
1011 637 1094 673 τῶν
1113 634 1242 685 Πελιγ
1245 647 1326 672 νων
1342 627 1554 684 μητρόπο-

101 694 186 739 λιι
215 708 300 731 κοιν
306 690 353 743 ὴν
374 688 503 730 ἅπασι
520 697 608 737 τοῖς
627 687 885 737 Ἰτα7ιώταις
907 689 1194 737 ἀποδείξαιτες
1213 685 1331 729 mim
1358 710 1405 715 —
1429 702 1551 739 μετο-

99 752 387 800 redacti-esea)
407 743 623 799 Ιταλικιῖν
656 749 719 783 cui
747 750 856 795 paria
874 747 1041 784 Velleius
1066 748 1108 785 L.
1121 746 1168 783 ll.
1197 747 1268 786 16
1327 745 1468 783 wass.

216 805 320 844 539.
357 805 426 843 53.
466 805 595 843 Γαίὀυ
616 803 853 842 Κοσκονιόυ
873 803 1093 849 σταλέντος
1113 802 1169 848 εἷς
1185 800 1416 854 ΗΙαπυγιαν]
1468 800 1553 838 Me-

99 862 173 898 lius
188 860 376 908 Stephani
396 862 604 908 exemplar.
657 860 832 897 Coscinii
850 873 898 897 an
923 859 1067 897 Romae
1088 861 1256 906 fuerint,
1283 859 1427 895 dubito.
1469 857 1550 894 Ad-

98 919 263 954 sentitur
280 915 443 966 Appian.
463 915 565 953 Belli
588 915 707 954 Civil.
735 916 823 955 1..Ι.
859 929 894 965 p.
912 917 1017 957 644.
1056 915 1123 955 καὶ
1147 911 1272 961 Γάϊος
1292 908 1548 963 Κοσκώνιος,

95 968 457 1025 ἱ-’τεροςῬωμαίων
477 969 709 1025 στρατηγὸς
734 993 785 1002 -—-
808 972 1027 1012 Σαλαπίαν
1053 987 1096 1011 τε
1127 970 1320 1023 ἐνέπρησε
1343 970 1411 1010 καὶ
1432 966 1550 1009 Κάν-

93 1044 168 1075 νας
197 1028 421 1082 παρέλαβει
474 1029 556 1067 Nec
581 1028 714 1068 Livius
746 1029 917 1080 Epitom.
939 1039 1071 1067 Lxxv.
1098 1028 1297 1068 dissentit„
1346 1027 1393 1064 Id
1416 1028 1548 1077 itaque

93 1089 259 1124 restitui.
316 1086 365 1122 W
370 1096 458 1123 ESS

209 1142 312 1181 539
347 1143 418 1182 56
473 1138 566 1192 Την
591 1138 732 1193 κοινὴν
754 1162 808 1171 ·—-
825 1137 946 1181 πό7ιν
972 1138 1018 1181 τὸ
1049 1139 1307 1194 K0<J<pl1mo2]
1355 1138 1550 1176 Incertum

93 1211 175 1235 esse
196 1198 271 1237 Ph.
291 1196 497 1236 Cluverius
512 1198 600 1239 ltal.
621 1198 712 1235 Ant.
741 1198 783 1235 L.
807 1198 853 1235 ll.
888 1211 923 1247 p.
938 1200 1043 1239 758.
1072 1198 1273 1243 censebat,
1312 1203 1442 1233 utrum
1470 1191 1546 1245 τὴν

93 1252 233 1305 κοηὴν
253 1253 447 1292 Diodorus
469 1257 697 1304 scripsisset.
753 1254 853 1293 Mihi
882 1256 929 1292 ob
961 1268 1026 1304 ea,
1063 1266 1158 1302 quae
1182 1254 1284 1290 dicta
1308 1260 1419 1289 antea
1444 1257 1548 1296 sunt,

92 1318 130 1348 et
151 1311 310 1347 schedas
331 1311 544 1349 Amsteiod..
563 1319 602 1348 et
626 1311 811 1362 Stephani
821 1343 839 1365 ‚⁴
877 1325 945 1350 res
967 1319 1079 1349 extra
1098 1323 1253 1348 omnem.
1269 1309 1548 1348 dubitationem

88 1367 246 1406 videtur
264 1370 407 1416 posita.
462 1368 603 1407 Wssss.

205 1425 312 1463 539.
345 1425 418 1464 69.
455 1424 694 1477 ΖΙῑΙαμέρκου
727 1425 1066 1478 στρατηγοῦντος
1097 1419 1273 1475 αὐτῶν]
1330 1421 1545 1459 Mamercus

91 1478 278 1516 Aemilius
308 1487 389 1527 est,
427 1493 448 1516 a
481 1494 554 1530 quo
587 1484 715 1532 legato
738 1482 932 1519 Samnites
955 1487 1047 1518 sunt
1068 1481 1168 1517 caesi
1189 1482 1230 1517 in
1250 1478 1546 1528 Epitom.Livii

90 1535 275 1573 LXXVI.
316 1536 372 1573 De
388 1536 533 1574 Metelli
552 1542 673 1588 gestis
693 1539 812 1575 rebus
829 1539 1059 1586 locupletius
1072 1537 1238 1585 Appian.
1253 1534 1323 1573 Cu
1329 1537 1367 1572 11
1385 1534 1480 1571 Bell.
1500 1532 1544 1569 L.

86 1591 115 1629 Ι.
145 1605 180 1640 p-
204 1593 315 1633 644
361 1592 456 1630 Mox
489 1591 752 1647 στοατι-ώτας
781 1593 959 1640 πο77ους
988 1592 1209 1644 ἐπέχουσαν
1239 1592 1467 1642 conivebat
1485 1589 1544 1626 lll.

88 1647 275 1699 Scaliger.
325 1649 386 1686 Tu
410 1650 682 1688 Suidamadi
672 1665 713 1687 m
727 1649 821 1690 ’Arc'
801 1666 901 1702 yet,
937 1652 973 1686 si
998 1648 1065 1688 ἀνι
1051 1663 1227 1702 ιχουσαν
1254 1650 1404 1698 probes.
1456 1646 1542 1697 Ero

89 1708 250 1754 simplex
273 1706 421 1743 adscivi
444 1720 491 1742 ex
511 1706 696 1756 Stephani
717 1707 878 1745 schedis.
934 1707 1077 1746 wass.

203 1762 306 1800 540.
342 1764 414 1802 79.
457 1761 578 1802 Ουτίι)
596 1761 674 1816 γὰο
701 1785 748 1791 —-
773 1778 822 1802 σι
826 1761 1077 1815 νσφθωτωι
1099 1761 1196 1811 etc]
1247 1760 1373 1798 Deest
1402 1756 1541 1798 αὐτῶν

89 1824 155 1854 aut
179 1819 319 1856 simile
377 1816 569 1869 Coniungi
597 1827 634 1856 et
665 1833 754 1856 suas
783 1827 821 1856 et
852 1819 1089 1857 Mithridatis
1117 1818 1302 1866 optabant
1332 1819 1460 1866 copias
1491 1815 1542 1852 ad

89 1872 283 1910 Romanos
293 1875 537 1922 premendos
569 1875 715 1913 Statim
736 1873 844 1923 ἄξειν
863 1874 937 1922 τὰς
958 1869 1060 1914 dvv'
1027 1889 1152 1926 αμεις
1171 1888 1282 1911 nemo
1300 1886 1433 1911 verum
1457 1884 1542 1908 csse

92 1930 254 1967 dubitat.
309 1929 512 1980 flagrasse
545 1934 662 1969 etiam
679 1933 812 1969 Asiam
841 1946 927 1969 cum.
957 1933 1124 1968 maxime
1145 1931 1406 1968 Mithridatico
1439 1929 1540 1965 bello

91 1994 243 2023 constat
270 1986 444 2024 abunde:
484 1994 524 2024 at
550 1990 625 2026 ista
653 1989 876 2026 Italicorum
916 1996 953 2025 et
980 1987 1219 2025 Mithridatis
1249 1989 1412 2025 consilia
1439 1983 1541 2033 apud

90 2045 188 2080 alios
210 2045 275 2079 vix
295 2046 476 2092 reperias.
508 2044 648 2084 wass.
699 2042 807 2091 ἄξειν
828 2047 965 2095 reponi
984 2049 1149 2081 iusserat
1168 2043 1294 2081 Rhod.

205 2100 312 2138 540.
345 2102 417 2140 87.
455 2099 541 2139 Καὶ
573 2100 822 2152 ΚλεπίτιονῘ
873 2099 1079 2141 Κλέπτιον
1100 2099 1149 2137 Η.
1168 2100 1412 2150 Stephanus,
1440 2096 1544 2148 quod

91 2162 129 2192 et
163 2156 236 2192 sibi
265 2157 414 2204 placere
438 2163 602 2194 testatus
623 2164 684 2195 est
702 2157 1017 2196 Rhodomannus.
1074 2157 1196 2195 Favet
1213 2157 1367 2205 quidem
1388 2158 1544 2203 utrique

94 2212 293 2263 Cleptius,
335 2213 413 2249 dux
445 2226 464 2249 e
496 2213 666 2251 Lucania
694 2218 861 2264 praetori
891 2214 1053 2251 Lucullo
1082 2214 1185 2251 bello
1214 2214 1366 2251 additus
1395 2213 1542 2248 servili.

89 2268 171 2306 Nec
205 2276 351 2306 certum
379 2276 540 2309 tamen..
567 2269 666 2309 Mihi
688 2272 844 2322 quidem.
864 2270 1062 2308 hominem
1081 2284 1199 2309 nosse.
1218 2271 1349 2309 datum
1370 2282 1450 2306 non
1474 2273 1544 2304 est.

90 2324 140 2362 W
146 2335 230 2361 Ess.

204 2382 308 2428 540.
338 2380 414 2420 94.
472 2377 602 2429 Γάϊός
629 2397 674 2422 τε
703 2380 781 2437 γὰο
808 2379 981 2430 Ἰούλιος
1007 2399 1076 2422 και
1104 2379 1236 2430 Γάὶος
1257 2378 1430 2434 ΖΠάοιος
1456 2377 1543 2430 εἴα]

90 2435 197 2473 Haec
223 2436 406 2483 photius,
443 2438 669 2477 brevitatem
695 2442 917 2490 amplexus,
950 2441 1175 2477 obscuriora
1202 2440 1385 2477 reddidit.
1442 2437 1544 2473 Puto

90 2505 269 2530 narrasse
296 2492 509 2531 Diodorum
533 2499 757 2534 acerrimam
786 2499 1095 2545 contentionem,
1140 2509 1236 2545 quae
1267 2498 1461 2533 civitatem
1495 2504 1545 2528 ex

94 2552 316 2586 consulatus
343 2553 528 2597 petitione
561 2551 602 2589 C.
633 2551 722 2590 Iulii
752 2551 931 2590 Caesaris.
955 2552 1160 2591 Strabonis
1184 2556 1227 2590 in
1259 2560 1384 2601 partes
1416 2550 1544 2586 scidit.

94 2606 301 2643 Aedilitius
327 2604 368 2642 C.
393 2605 513 2643 Iulius
538 2615 639 2654 erat,
686 2612 900 2658 omissaque
921 2617 1101 2658 praetura
1119 2611 1358 2646 consulatum
1382 2606 1546 2656 petebat.

95 2661 238 2699 Contra
268 2665 376 2699 venit
405 2662 603 2712 Sulpicius
633 2663 832 2703 Tribunus
859 2666 1008 2714 plebis,
1055 2665 1098 2704 C.
1130 2666 1245 2705 Marii
1275 2664 1477 2701 familiaris
1508 2667 1549 2697 et

96 2718 249 2768 quidam
268 2721 378 2766 quasi
398 2722 563 2757 satelles.
622 2720 771 2770 Operae
801 2723 875 2758 erit
897 2721 1129 2769 Asconium,
1164 2724 1226 2759 cui
1257 2720 1372 2757 huius
1399 2719 1548 2755 discor-

104 2776 191 2811 diae
216 2777 392 2812 notitiam
423 2777 624 2823 debemus,
660 2778 708 2814 ad
727 2777 924 2815 Ciceronis
944 2777 1196 2815 Scaurianam
1222 2777 1365 2813 audire.
1429 2775 1551 2811 Caius

101 2830 263 2883 (lulius)
306 2833 511 2872 aedilitias
531 2836 683 2872 occisus
704 2841 783 2883 est,
819 2835 890 2873 sed
911 2841 1064 2873 tantum
1083 2837 1122 2872 in
1141 2835 1305 2872 civitate
1318 2833 1475 2885 potuit,
1510 2836 1556 2867 ut
