1875 3310
443 195 728 226 OECONOMIA
756 193 1025 225 IIISTORIAE
1063 194 1284 226 D10D0R1.
1408 196 1575 229 CLXVII

669 288 702 323 Ο
713 289 752 335 ly
765 299 797 323 m
802 299 841 333 11·
859 288 1012 326 LXXX.

199 354 294 389 Arm.
315 356 345 391 1.
393 354 590 398 Aegyptii,
616 355 782 390 adventu
802 356 887 389 novi
910 355 1100 389 exercitus
1114 355 1316 390 Persarum
1336 356 1458 389 territi
1472 381 1482 397 ,
1513 357 1573 390 ul—

110 417 170 447 tro
189 412 339 446 tandem
360 412 519 455 pristino
546 412 706 455 imperio
739 424 781 446 se
806 412 1028 454 subiiciunt,
1063 411 1256 446 destitutis
1287 413 1413 446 sociis.
1457 413 1569 447 Athe-

110 471 263 503 nienses
288 469 362 501 iam
391 472 479 501 aute
500 467 735 503 obsidionem
750 462 836 505 'Albi
855 470 951 503 muri
969 469 1144 503 omittere
1161 469 1280 502 coacti
1300 473 1418 504 crant.
1466 469 1570 503 lusu-

111 536 178 569 per
194 527 360 569 ipsorum
379 535 514 566 nava,
547 535 659 559 cursu
683 526 845 561 fluminis
864 528 977 561 fossis
993 527 1222 570 intercepto,
1254 526 1292 557 in
1314 527 1412 558 sicco
1430 525 1569 561 haere-

112 583 214 618 bant.
260 582 391 626 ltaque
406 605 415 623 ‚
440 582 553 615 venia
571 582 794 627 impetrata,
813 584 913 617 ultro
932 584 970 616 in
987 585 1147 627 patriam
1166 582 1338 616 redeunt.
1374 593 1404 616 c.
1420 584 1479 617 77.

198 638 356 673 Athenis
374 643 497 672 motus
515 640 642 684 populi
661 641 698 673 in
715 642 963 685 Areopagitas
982 651 1050 686 per
1067 639 1279 683 Ephialtem
1301 640 1522 672 concitatus.

199 694 295 729 Anu.
314 698 347 731 Ξ.
394 696 541 730 Bellum
565 697 847 730 Atheniensium
875 699 912 730 in
936 696 1173 740 Corinthios,
1197 695 1444 741 Epidaurios,
1478 705 1566 730 mox

106 753 325 797 Aeginctas.
371 753 516 798 Ubique
531 746 782 788 Athenienses
799 755 975 790 victores.
1008 764 1039 790 c.
1058 757 1115 790 78.

201 810 256 844 Eo
284 815 454 854 tempore
483 811 668 846 Ducetius
691 812 731 846 in
757 810 887 846 Sicilia
911 811 1140 845 Menaenum
1166 809 1300 845 urbem
1331 808 1499 844 condidit
1527 811 1567 843 et

107 865 389 911 Morgantinam
407 869 442 900 vi
460 870 569 912 cepit.

197 925 344 960 A11n.3.
389 926 659 960 Contentiones
684 923 964 959 Corinthiorum
992 928 1030 959 et
1047 924 1331 968 Megarensium
1355 923 1401 956 de
1427 921 1567 955 finibus

105 980 146 1013 in
171 979 312 1013 bellum
339 987 549 1029 erumpunt.
599 982 871 1025 Athenienses,
896 982 1180 1027 Megarensium
1201 981 1314 1022 socii,
1336 980 1567 1022 superiores.

108 1036 210 1070 M‘ox'
229 1047 365 1071 novum
392 1041 513 1073 oritur
534 1039 674 1073 bellum
702 1039 952 1074 Phocensium
977 1040 1016 1072 in
1039 1038 1184 1079 Dores,
1218 1037 1351 1082 quibus
1372 1035 1563 1068 Lacedae-

107 1096 223 1127 monii
249 1096 390 1130 auxilio
416 1098 590 1131 veniunt:
627 1098 782 1131 vincunt
809 1096 945 1133 Dores.
991 1095 1092 1129 Hinc
1108 1094 1292 1129 conflatur
1307 1092 1446 1126 belluni
1465 1092 1567 1124 inter

106 1151 357 1186 Athenienses
374 1158 413 1186 et
430 1153 767 1188 Lacedaemonios.
801 1165 832 1190 c.
851 1156 907 1191 79.
932 1156 988 1189 80.

197 1208 294 1246 Ami.
316 1212 350 1247 4.
395 1210 545 1246 Bellum
561 1209 847 1246 Atheniensium
872 1211 912 1245 in
937 1208 1272 1244 Lacedaemonios.
1304 1209 1406 1245 c.81.
1427 1207 1486 1242 82.
1509 1203 1566 1240 83.

656 1310 689 1347 Ο
698 1313 712 1345 I
713 1323 737 1358 y
748 1322 824 1357 ηιμ
840 1310 1019 1349 LXXXI.

196 1375 291 1410 Ann-
306 1377 340 1413 1.
361 1381 394 1410 et
408 1380 442 1413 Ξ.
486 1377 636 1413 Bellum
658 1378 944 1414 Atheniensium
973 1381 1013 1412 et
1034 1374 1426 1412 Lacedaemoniorum
1452 1371 1567 1406 conti-

105 1434 274 1469 nuatum.
307 1445 338 1468 c.
360 1433 496 1471 84.‘85.
926 1476 928 1478 v

168 1504 171 1507 ’
198 1492 292 1528 Anu.
309 1497 341 1530 3.
389 1492 552 1525 Auctore
571 1492 724 1526 Cimone
741 1491 1040 1538 quinquennales
1058 1490 1233 1525 induciae
1250 1489 1352 1523 inter
1365 1485 1568 1521 Athenien-

83 1575 87 1579 -
108 1561 171 1586 ses
191 1556 230 1584 et
246 1549 571 1583 Lacedaemonios
590 1549 726 1582 factae.

197 1606 240 1639 ln
267 1605 397 1638 Sicilia
422 1606 530 1638 multi
558 1609 697 1640 motus:
729 1607 850 1650 primo
878 1607 979 1640 inter
992 1607 1208 1650 Egestanos
1234 1607 1273 1638 et
1289 1601 1497 1647 Lilybaeos
1516 1600 1565 1633 de

82 1683 86 1686 >
105 1674 219 1707 agro3
248 1662 386 1696 deinde
416 1663 568 1695 omnino
591 1663 692 1696 inter
713 1667 924 1696 sectatores
941 1663 1004 1697 vel
1021 1662 1229 1702 libertatis,
1259 1660 1322 1693 vel
1342 1657 1568 1703 tyrannidis.

108 1719 352 1764 Tyndarides
385 1719 431 1752 ob
466 1718 686 1753 affectatum
716 1731 873 1764 regnum
905 1720 1087 1763 supplicio
1103 1717 1287 1752 affectus,
1335 1714 1567 1760 Syracusani

106 1787 207 1810 nunc
221 1777 380 1819 primum
401 1786 468 1820 pro
486 1777 664 1812 libertate
685 1778 825 1812 tuenda
840 1777 1054 1811 ostracisnii
1067 1776 1216 1820 specie,
1240 1773 1442 1818 petalismo
1459 1775 1566 1805 utun-

104 1838 181 1868 tur.
213 1843 244 1868 c,
263 1836 319 1870 86.
344 1835 400 1870 87·

198 1890 295 1925 Anu.
316 1889 350 1926 4.
401 1890 593 1934 [Repetita
614 1891 781 1925 narratio
800 1890 846 1924 de
863 1890 1022 1924 Periclis
1039 1888 1256 1922 incursione
1277 1886 1317 1920 in
1334 1885 1567 1928 Peloponne-

107 1958 191 1983 sum
211 1958 231 1982 e
252 1958 330 1992 cap.
351 1949 415 1989 85,
442 1947 481 1980 in
497 1948 661 1981 alienum
677 1949 799 1982 locum
817 1948 1048 1992 transposita
1063 1946 1240 1990 videtur.]
1290 1944 1384 1977 Mox
1409 1942 1570 1986 Syracu-

74 2033 79 2037 .
108 2006 193 2040 sani
213 2006 372 2039 classem
389 2003 568 2037 infestam
585 2005 625 2037 in
643 2004 929 2049 Tyrrhenorum
944 2004 1088 2038 insulas
1105 2011 1293 2048 agrosque
1314 2002 1488 2040 mittunt,
1519 1997 1569 2031 ad

109 2061 384 2106 compescenda
402 2071 532 2094 eorum
553 2062 753 2095 latrocinia
771 2063 971 2098 maritima.
1022 2060 1115 2095 Post
1133 2060 1226 2094 haec
1245 2059 1427 2092 Ducetius
1446 2056 1493 2089 de
1515 2053 1571 2088 Si-

108 2121 198 2154 cilia
228 2119 326 2152 bene
358 2119 512 2152 meruit:
549 2120 584 2160 1)
623 2119 825 2163 iungendis
854 2119 1027 2153 omnibus
1053 2118 1264 2152 Siculorum
1288 2113 1503 2149 civitatibus
1528 2112 1569 2143 in

108 2187 223 2212 unam
249 2186 425 2220 magnam
451 2175 740 2219 rempublicam;
785 2179 823 2218 2)
856 2180 1050 2210 exstructa
1073 2186 1171 2209 nova
1193 2174 1286 2208 urbe
1311 2172 1437 2206 Palice
1460 2170 1570 2201 iuxta

109 2234 291 2279 templum
308 2233 533 2266 Palicorum.
554 2251 600 2258 —
626 2232 760 2266 Obiter
776 2232 822 2266 de
836 2232 919 2266 Diis
937 2237 976 2267 et
988 2233 1146 2267 lacubus
1161 2231 1314 2270 Paucis,
1345 2240 1376 2266 c.
1387 2231 1445 2264 88.
1469 2229 1527 2264 89.

199 2291 244 2325 ln
259 2289 373 2324 ltalia
388 2289 545 2335 Sybaris
561 2289 650 2325 urbs
669 2292 896 2325 instaurata.
928 2300 961 2324 c.
980 2291 1039 2327 90.

643 2389 726 2439 Oly
737 2403 815 2437 mp.
831 2391 1028 2430 LXXXII.

201 2455 298 2490 Anu.
322 2458 355 2493 1.

203 2514 300 2546 Αιηι.
312 2515 348 2548 2.
391 2511 475 2547 Alia
497 2516 607 2558 gesta
631 2513 803 2549 Ducetii:
841 2515 878 2560 3)
909 2516 1069 2550 Aetnam
1093 2513 1227 2548 urbem
1251 2513 1290 2546 et
1309 2508 1481 2551 Motyum
1505 2513 1570 2537 ca-

114 2572 267 2606 stellum
285 2574 461 2613 occupat,
484 2571 629 2614 proelio
646 2571 741 2605 susis
754 2574 1024 2617 Agrigentinis,
1069 2573 1160 2606 Mox
1178 2576 1304 2603 tamen
1322 2578 1344 2600 a
1366 2565 1570 2609 Syracusa-

115 2631 174 2662 nis
204 2628 347 2672 proelio
376 2628 517 2668 victus,
545 2632 584 2662 et
610 2639 633 2662 a
657 2630 736 2663 suis
761 2630 957 2673 desertus,
988 2628 1239 2674 Syracusanis
1259 2623 1416 2668 supplex
1439 2620 1575 2658 sactus,

117 2684 336 2722 Corinthum
351 2685 391 2718 in
410 2686 585 2720 exsilium
604 2685 710 2722 abire
725 2687 851 2721 iussus
869 2692 940 2725 est.
967 2697 998 2721 c.
1013 2692 1071 2726 91.
1097 2689 1155 2724 92.
