1875 3310
1575 143 1584 156 Q

397 214 684 248 OECONOMIA
721 213 989 245 HISTORIAE
1026 214 1255 249 DIODORI.
1444 220 1555 251 CLXI

101 311 389 357 synchronismo
410 311 678 353 inserviretur,
708 310 769 356 qui
788 311 888 345 inter
903 314 961 345 tot
976 314 1127 356 tamque
1142 313 1268 348 varias
1294 323 1356 348 res
1375 316 1449 350 dux
1469 328 1553 352 eer-

98 371 268 402 tissimus
295 372 415 411 esset3
449 367 547 401 hunc
561 372 686 401 autem
706 368 898 411 adiuvari,
940 368 971 401 si
989 368 1167 412 deinceps
1187 380 1230 402 ae
1246 381 1314 413 per
1331 382 1449 406 annos
1467 385 1552 417 pro.

99 426 299 467 cedamus,
332 425 566 469 singulisque
587 426 694 457 annis
714 426 750 457 in
771 434 900 458 omues
919 430 1046 469 partes
1062 425 1321 469 dispiciamus,
1352 439 1416 470 ae,
1452 441 1548 474 quae

96 482 258 515 diversis
276 482 368 515 locis
390 487 427 515 et
445 483 479 514 in
500 482 659 514 diversis
680 482 825 524 populis
841 486 925 515 aeta
944 484 1038 525 sint,
1069 493 1312 527 quaeramus,
1345 487 1426 530 quis
1446 488 1550 520 dubi-

93 539 215 576 tabit?
258 539 390 584 Itaque
418 540 536 572 multa
564 548 609 571 ex
633 549 703 582 quo
722 539 861 572 suerint
879 540 1093 581 commoda,
1127 541 1459 576 eiusinconuuoda
1487 554 1549 577 ae—

94 607 206 641 quum
227 601 286 629 est
303 596 417 631 serre.
463 594 611 628 Deinde
630 594 761 628 eadem
780 595 978 629 methodus
999 596 1192 638 historica,
1217 597 1461 642 Thucydidis,
1486 600 1549 633 Li-

88 655 143 686 vii
168 653 402 697 aliorumque
421 653 642 696 scriptorum
666 652 944 694 praeclarorum
965 654 1190 687 auctoritate
1213 658 1251 687 et
1277 656 1459 699 exemplis
1487 657 1550 689 ad-

91 710 244 743 modum
264 717 346 743 erat
363 710 554 743 celebrata
571 714 609 743 et
625 709 843 752 approbata.
891 709 1142 749 Quamobrem
1165 715 1354 744 tantorum
1380 714 1547 747 virorum

88 767 303 810 exemplum
332 771 462 800 secuto
487 776 682 801 commune
707 766 943 809 antiquitatis
968 768 1099 800 vitium
1127 768 1295 802 Diodoro
1322 769 1391 802 soli
1414 780 1460 803 ne
1479 771 1545 803 im-

87 828 276 867 putemus.
325 824 496 856 Tandem
515 833 662 857 omnem
686 822 875 855 Diodorus
900 824 979 866 ipse
1005 834 1156 867 operam
1184 826 1305 867 dedit,
1340 830 1381 858 ut
1406 827 1544 860 incom-

90 880 223 918 moda,
265 891 361 924 quae
378 880 582 914 lectoribus
600 890 668 913 sua
686 878 883 912 methodus
902 879 1044 913 inferre
1063 881 1278 923 videbatur,
1313 883 1398 915 aliis
1422 884 1544 918 modis
1560 883 1566 888 ’

87 937 333 971 imminueret
360 941 399 970 et
422 938 567 970 leviora
592 936 746 971 faceret.
791 937 888 968 Usus
912 942 1037 969 autem
1065 943 1123 970 est
1148 937 1204 970 his
1223 939 1360 971 modis:
1393 940 1428 984 1)
1457 940 1544 973 Ubi-

87 1004 161 1038 que
181 995 294 1027 certis
314 993 492 1027 adhibitis
507 993 680 1026 formulis
701 996 713 1012 ¹
740 993 915 1026 finalibus
931 993 1096 1026 lectores
1114 995 1329 1037 admonuit,
1363 997 1410 1029 ad
1429 1008 1541 1041 quem

87 1051 289 1084 cuiuslibet
314 1053 369 1086 rei
398 1054 531 1095 gestae
548 1055 587 1083 et
603 1050 803 1083 cuiuslibet
828 1051 935 1093 regni
954 1049 1089 1090 finem,
1127 1054 1381 1086 narrationem
1408 1055 1544 1097 produ-

87 1110 201 1143 xerit.
251 1109 333 1148 Quo
351 1108 500 1152 quidem
519 1106 630 1140 modo
646 1107 764 1147 cavit,
795 1116 842 1140 ne
863 1108 1028 1148 animus,
1054 1108 1092 1139 in
1111 1112 1216 1140 tanta
1232 1119 1357 1142 rerum
1378 1121 1446 1154 per
1463 1122 1546 1155 par.

86 1170 146 1200 tes
165 1166 389 1200 traditarum
412 1163 542 1207 turba,
576 1163 892 1205 confunderetur,
917 1165 1124 1198 memoriae
1143 1169 1267 1199 autem
1288 1177 1463 1210 magnum
1491 1172 1546 1201 at-

84 1224 173 1257 tulit
194 1223 464 1256 adiumentum.
509 1224 546 1263 2)
591 1220 888 1265 Nonnunquam,
917 1231 962 1253 ae
985 1226 1063 1254 tum
1088 1224 1334 1266 praesertim,
1372 1234 1453 1257 cuin
1479 1236 1543 1259 res

84 1281 169 1325 ipsa
195 1291 269 1314 non
295 1282 544 1323 repugnaret,
582 1277 743 1321 plurium
770 1288 950 1311 annorum
982 1277 1177 1312 historiam
1206 1291 1280 1313 uno
1300 1290 1397 1313 anno
1423 1285 1544 1315 totam

86 1338 304 1382 complexus
323 1341 393 1370 est.
429 1336 512 1369 Hoc
529 1335 581 1367 ita
600 1336 778 1377 instituit,
803 1337 845 1368 ut
865 1346 989 1369 rerum
1010 1335 1292 1381 hominumque,
1317 1341 1543 1381 praesertim

84 1405 110 1428 a
136 1398 344 1439 systemate
370 1392 551 1425 historiae
578 1393 782 1425 eommunis
812 1398 1093 1435 separatorum,
1125 1395 1283 1439 primam
1311 1397 1540 1430 mentionem

84 1458 163 1486 tum
187 1452 334 1485 demum
356 1450 519 1490 faceret,
551 1459 632 1481 cum
651 1453 793 1481 certum
812 1459 855 1482 ae
872 1450 1152 1483 memorabilem
1179 1456 1352 1485 eventum
1381 1463 1442 1485 res
1459 1464 1544 1487 con-

82 1515 239 1543 secutae
269 1512 415 1550 essent3
460 1506 546 1548 ubi,
577 1516 672 1550 quae
694 1509 782 1539 aute
800 1512 884 1540 aeta
901 1507 1073 1548 fuerant,
1108 1508 1219 1540 simul
1242 1509 1412 1552 repetiit,
1440 1515 1478 1542 et
1494 1510 1542 1542 ad

86 1577 171 1600 eum
202 1565 336 1606 finem,
369 1574 478 1609 quem
507 1574 571 1597 res
599 1563 817 1607 attigerint,
852 1564 1040 1608 perduxit.
1091 1565 1173 1597 Uno
1201 1565 1373 1608 exemplo
1395 1566 1434 1598 id
1462 1568 1544 1600 illu-

86 1629 230 1657 strasse
251 1622 416 1655 contenti
435 1622 564 1654 simus.
609 1619 839 1663 Agathoclis,
865 1621 1134 1665 Syracusarum
1151 1622 1321 1665 tyranni,
1345 1621 1543 1656 historiam

82 1682 298 1714 universam
311 1704 320 1721 ,
345 1679 516 1723 quamvis
535 1688 554 1711 e
577 1676 742 1711 methodi
761 1678 894 1722 regula
913 1689 979 1722 per
998 1679 1125 1722 piures
1143 1688 1262 1711 anuos
1281 1678 1542 1714 distribuenda

84 1737 242 1777 suisset,
287 1746 361 1768 una.
389 1736 404 1755 ²
437 1736 655 1768 narratione
683 1736 898 1778 complexus
924 1740 992 1768 est.
1047 1734 1175 1768 Simile
1203 1736 1415 1779 exemplum
1445 1742 1540 1779 erat,

85 1794 184 1839 quod
202 1795 274 1826 iam
294 1802 408 1835 supra
427 1793 802 1824 commemoravimus
816 1817 825 1833 ,
854 1794 962 1836 regni
982 1792 1192 1836 Bosporani
1212 1793 1250 1824 iu
1267 1792 1406 1833 Ponto,
1436 1795 1541 1827 cuius

85 1862 168 1884 cum
204 1861 273 1894 per
301 1849 500 1883 XXXVIII
523 1851 538 1871 ⁵
577 1858 698 1882 annos
720 1849 823 1882 nulla
841 1851 982 1882 mentio
1002 1849 1101 1882 facta
1124 1853 1245 1890 esset,
1269 1861 1367 1882 nunc
1388 1851 1404 1870 ⁴
1432 1852 1544 1884 simul

85 1918 153 1941 sex
174 1906 254 1940 fere
274 1917 454 1939 annorum
473 1904 632 1938 historia
649 1907 840 1939 inseritur.
886 1906 991 1939 Idem
1014 1908 1128 1939 etiam
1157 1907 1270 1948 alibi,
1299 1907 1336 1938 in
1369 1908 1463 1952 ipsis
1488 1918 1544 1941 re—

83 1963 155 1997 bus
174 1963 223 1996 ad
248 1962 442 1996 historiam
460 1973 692 1996 communem
713 1963 1001 2007 pertinentibus,
1027 1963 1166 1996 sactum
1187 1967 1256 2004 est,
1278 1974 1543 2009 nonnunquam

82 2030 154 2066 per
177 2020 307 2065 plures
334 2030 452 2054 annos
479 2021 651 2064 omissis,
683 2019 821 2054 deinde
849 2030 940 2054 vero
963 2026 1052 2065 post
1078 2020 1228 2066 elapsos
1247 2030 1313 2055 eos
1327 2023 1542 2055 summatim

175 2214 196 2250 1
232 2215 260 2246 E
280 2215 398 2247 multis
420 2226 527 2269 pauca
545 2215 703 2257 exempla
721 2213 944 2246 illustrandae
961 2213 1010 2246 rei
1031 2224 1131 2245 causa
1149 2213 1352 2247 afferamus:
1373 2214 1436 2248 lib
1448 2213 1513 2246 XV
1517 2214 1542 2253 l,

84 2273 115 2292 c.
128 2260 171 2295 15
188 2271 240 2300 sq.
268 2258 309 2292 τὸ
321 2262 386 2304 μὲν
405 2273 465 2293 ουν
479 2260 546 2293 τῶν
563 2262 738 2305 Βυεττίων
760 2261 804 2292 π).
810 2261 896 2303 νθος
918 2258 958 2292 οὔ
965 2272 1008 2291 τω
1032 2261 1175 2300 συνέστη
1194 2258 1281 2291 κατι).
1301 2272 1364 2300 ιην
1378 2259 1450 2291 'Iu
1456 2262 1543 2291 mm.

83 2318 173 2339 κατα
192 2305 227 2337 d}
247 2305 308 2347 'rip
325 2307 486 2338 „inei-(av
505 2319 534 2340 κ,
556 2318 587 2339 τ.
611 2307 641 2339 λ
680 2319 754 2348 cap.
765 2306 810 2341 64
832 2315 915 2337 extr.
939 2303 1036 2348 ἡμεῖς
1060 2305 1095 2336 cl}
1123 2303 1315 2348 (ἳιικούνῑο)ς
1333 2305 1541 2346 (ltdmnlvsto—

83 2364 137 2387 ἰες
154 2349 214 2382 τὸν
232 2349 319 2395 ἱειιὸν
340 2352 413 2383 πό)
406 2364 506 2394 «τνμοι,
531 2352 690 2395 ἐπάιιιιεν
713 2353 766 2382 ἐπὶ
782 2364 844 2387 τας
863 2352 1059 2395 {imapum
1077 2350 1159 2395 ,πνοάς
1163 2362 1217 2385 ece.
1244 2369 1287 2374 —
1310 2362 1383 2390 cup.
1393 2351 1436 2385 37
1456 2359 1539 2385 exti.

82 2395 145 2441 ἦκ’·
134 2400 180 2432 ῖς
207 2396 242 2427 ὸὲ
268 2395 312 2428 τὰ
330 2397 404 2440 πευὶ
423 2395 597 2432 Βοιωτοὺς
613 2399 670 2429 καὶ
694 2400 820 2432 Φωκεῖς
839 2398 885 2429 off
890 2395 1100 2449 λτμιιθότες,
1131 2395 1289 2438 ἕἾάιιμεπ
1317 2397 1369 2426 ἐπὶ
1389 2394 1448 2427 τὸν
1478 2398 1542 2428 ‘1¹1'—

83 2443 222 2475 λιππον
251 2443 312 2474 lib.
327 2441 376 2473 XX
392 2442 452 2480 lll,
471 2455 500 2473 c.
516 2445 536 2477 7
553 2454 605 2482 sq.
634 2455 690 2473 και
706 2442 749 2474 τὰ
765 2455 806 2485 με
794 2454 828 2474 ι’
847 2455 888 2474 m.
892 2455 935 2473 τα
952 2440 1358 2483 τι,ν1σίαι’ἰντυυιοις
1375 2453 1429 2481 7¹1¹.
1455 2454 1542 2473 κατα

83 2489 118 2519 ds
137 2486 198 2528 τήι
214 2486 380 2531 Ldommgu
399 2496 462 2517 etc.
491 2488 551 2521 lib
571 2487 645 2524 XV,
667 2500 694 2518 c.
712 2491 757 2524 93
773 2499 844 2528 seq,
894 2489 945 2518 Eo
962 2499 1068 2528 usque
1090 2486 1233 2527 quidem
1252 2498 1304 2516 ies
1327 2487 1361 2516 iu
1380 2486 1460 2517 Asin
1481 2497 1540 2529 gc-

81 2542 150 2565 stae
179 2540 434 2574 processerant,
470 2533 502 2563 in
524 2534 765 2574 Peloponneso
783 2544 862 2563 vero
882 2541 944 2566 etc,
974 2531 1142 2571 lib.XlX,
1165 2543 1194 2562 c.
1209 2535 1267 2566 10:
1306 2531 1377 2562 Nos
1396 2532 1538 2563 Siciliae,-

82 2587 182 2620 atque
199 2580 317 2612 Italiae
336 2590 388 2609 res
404 2579 595 2621 persecuti,
629 2579 674 2610 ad
698 2579 849 2621 reliquas
866 2586 979 2621 partes
997 2578 1156 2622 Europae
1175 2577 1370 2609 orationem
1393 2589 1540 2610 convcr—

78 2632 203 2657 tamus.

169 2672 193 2705 2
222 2667 403 2707 Lib.XlX,
429 2679 501 2712 cap.
520 2670 635 2706 2—9.

171 2715 194 2749 3
225 2714 413 2754 Lib-XVI,
442 2727 515 2756 cap.
534 2715 590 2749 52.

171 2759 194 2791 4
226 2760 304 2792 Lib.
318 2758 396 2798 XX,
423 2772 496 2803 cap.
513 2762 677 2797 22-26.

127 2815 284 2852 Voi.‚ll.
308 2816 478 2849 Aerem).
616 2857 620 2860 ,
1201 2812 1216 2845 1
