1891 3310
370 190 433 231 1N
465 185 1193 228 ma.xv11.car.27.-30,
1422 193 1510 232 159

59 317 155 356 quae
175 304 360 341 continue
389 303 437 340 ab
454 307 613 339 auctore
642 299 922 347 subiiciuntur‚
946 299 1067 337 solam
1089 305 1267 349 spectant
1284 300 1514 351 Mitylenen,

60 374 156 410 quae
175 361 300 409 ampla
318 359 409 397 urbs
437 365 518 395 erat
537 365 575 395 ct
594 359 752 408 egregio
772 357 812 393 in
834 356 977 393 bellum
996 356 1183 405 adparatu
1204 358 1406 404 instructa,
1433 371 1514 396 non

61 416 208 455 Les-bus
238 418 324 463 illa,
369 413 540 452 Diodoro
570 413 618 451 ab
652 414 826 463 inperitis
858 412 1027 449 librariis
1060 411 1218 449 obtrusa
1261 420 1375 461 atque
1411 413 1513 451 haud

63 473 175 510 dubie
196 484 244 509 ex
264 471 526 520 superioribus
548 470 753 507 inculcata.
793 467 940 505 Suadet
958 475 996 505 et
1013 465 1130 518 Cospi
1151 469 1260 516 liber,
1291 471 1331 505 in
1352 480 1426 517 quo
1445 470 1514 508 καὶ

59 527 234 577 Λέσβον
259 527 450 575 defuisse,
481 525 621 563 Latina
643 525 846 562 manifesto
867 524 1074 562 declarant.
1114 524 1237 575 Igitur
1255 523 1303 562 N.
1325 523 1515 562 Blancar-

60 585 172 632 dum,
203 585 265 620 cui
291 584 579 620 amanuensium
609 581 680 618 hoc
710 580 894 619 delictum
924 581 972 618 ad
999 582 1165 631 princip.
1198 579 1242 620 L.
1277 580 1325 617 11.
1359 581 1515 620 Arriani

61 641 251 686 suboluit‚
283 638 397 677 laudo
420 640 593 687 inpense.
632 638 766 676 lVEss.

179 698 281 737 181.
325 696 398 736 86
439 691 504 734 Ἐν
534 690 596 741 οἷς
623 690 813 748 υπῑξρχον
843 691 913 732 καὶ
952 689 1246 747 Σπαρτιᾶται]
1296 691 1384 731 vid.
1411 694 1516 731 infra

59 759 92 790 c.
113 753 186 794 63.
213 747 350 791 Wssss

177 809 279 850 181.
307 809 349 848 6.
386 805 471 846 Καὶ
498 801 665 846 πάντων
697 825 745 834 --
777 801 958 857 ἀρχηγὸς
987 802 1055 844 καὶ
1084 799 1322 854 συμβουλος
1339 818 1517 857 γεγονως

59 857 142 916 ην]
167 864 308 902 Mirum
325 862 420 901 mihi
439 863 593 912 quidem
612 862 684 899 hoc
708 861 861 901 accidit.
890 860 1109 898 Alexander
1127 859 1409 908 CharIdemum,
1439 862 1515 898 sibi

61 920 412 969 Macedonibusque
449 920 707 968 maximopere
742 918 949 963 infestum,
998 918 1160 954 Athenis
1192 918 1235 955 in
1268 918 1427 955 exilium
1459 919 1515 954 ire

59 979 186 1024 iussit,
212 975 364 1013 Arrian.
379 972 522 1026 Ἀναβ.
543 974 586 1014 L.
603 973 633 1013 1.
661 975 732 1015 10.
773 973 852 1024 lpsi
874 973 1129 1015 Athenienses
1150 980 1306 1022 accepta
1324 973 1371 1010 ad
1393 972 1516 1010 Chae-

60 1045 219 1071 roneam
244 1032 352 1069 clade
370 1045 489 1069 unum
520 1029 809 1076 Charidemum,
838 1041 950 1080 quem
969 1028 1147 1079 Philippo
1170 1036 1426 1077 opponerent,
1455 1030 1515 1066 ‹li-

59 1101 180 1140 gnum
210 1088 417 1126 censebant
446 1088 547 1138 apud
566 1086 668 1125 Plut.
699 1086 886 1124 Phocion.
907 1097 945 1135 p.
973 1085 1079 1126 748.
1102 1085 1148 1122 Ε.
1194 1085 1245 1122 Et
1265 1084 1516 1124 Charidemus

60 1151 190 1182 tamen
212 1144 292 1182 dux
311 1152 348 1182 et
365 1151 500 1182 auctor
517 1143 767 1182 consiliorum
788 1141 957 1192 Philippi
973 1141 1050 1179 fuit
1069 1139 1268 1179 omnium?
1296 1140 1516 1180 Dinarchus

62 1200 130 1238 Or.
156 1204 197 1239 in
228 1199 475 1238 Demosthen.
508 1212 545 1250 p.
568 1200 642 1240 94.
676 1198 868 1236 hominem
898 1197 1076 1236 laudibus
1102 1197 1233 1245 effert,
1275 1198 1377 1246 quod
1401 1211 1446 1236 eo
1466 1198 1516 1235 ad

59 1256 198 1294 Persas
228 1258 392 1295 consilio
421 1257 583 1304 abierit,
619 1262 662 1293 ut
681 1255 983 1294 Atheniensibus
1012 1255 1230 1304 ceterisque
1256 1253 1415 1292 Graecis
1444 1267 1515 1292 suo

61 1315 232 1364 periculo
251 1316 411 1351 salutem
430 1318 665 1362 procuraret.
689 1311 828 1350 lVEss.

178 1371 282 1411 182
314 1371 578 1422 11.Πε«ιραν
601 1388 650 1397 --
671 1370 747 1420 τῆς
769 1365 877 1414 ἷὸιάς
904 1363 1060 1420 ἀρχῆς]
1094 1367 1242 1405 Vitiose
1262 1378 1331 1415 pro
1355 1363 1516 1419 ἀρετης.

61 1424 197 1463 RHOD.
227 1425 454 1474 praevideo,
478 1425 568 1476 quid
591 1438 659 1476 pro
679 1426 837 1491 vulgata
855 1423 1091 1473 disputaturi
1110 1425 1188 1461 sint
1207 1423 1374 1473 quidam.
1396 1422 1516 1461 Facio

61 1490 189 1520 tamen
212 1495 296 1519 cum
317 1480 619 1529 Rhodomanno,
646 1483 756 1519 cuius
781 1482 1059 1519 correctionem
1081 1478 1229 1532 Cospus
1248 1493 1318 1519 sua
1336 1481 1515 1519 versione

58 1546 183 1578 ratam
200 1551 282 1575 esse
302 1537 421 1578 iubet.
450 1538 590 1575 VVESS.

178 1597 280 1636 182.
312 1595 387 1635 24.
423 1589 745 1645 Ἐπιλαβόμενος
767 1593 843 1645 τῆς
862 1592 938 1632 τοῦ
957 1586 1210 1645 Χαριδήμου
1230 1587 1386 1645 ζώνης]
1423 1590 1516 1629 Per-

61 1653 183 1689 sicum
212 1664 355 1688 morem
379 1652 577 1688 illustrant
602 1648 646 1689 B.
668 1648 842 1687 Brisson.
877 1649 922 1686 de
946 1645 1071 1700 Regu.
1095 1647 1201 1685 Pers.
1222 1647 1266 1686 L.
1286 1648 1316 1686 Ι.
1344 1650 1447 1690 130.
1476 1655 1516 1685 ct

61 1707 115 1745 lo.
134 1705 372 1745 Freinshem.
392 1707 440 1744 ad
463 1705 587 1744 Curtii
617 1706 658 1743 L.
678 1705 747 1744 111.
772 1708 817 1746 2.
846 1705 976 1743 verbis
1002 1703 1280 1754 Xenophontis
1300 1701 1441 1756 Ἀναβ.
1469 1703 1513 1742 L.

60 1765 91 1802 Ι.
111 1779 145 1815 p.
165 1765 271 1804 205.
306 1760 412 1814 μετὰ
451 1764 586 1801 ταῦτα
616 1757 851 1807 κελεύοντος
879 1756 1024 1811 Κύρου
1053 1757 1253 1811 ἐλάβοντο
1287 1762 1362 1812 τῆς
1384 1757 1516 1812 ζωνης

60 1817 134 1860 τὸν
151 1815 350 1872 Ὀροντην
371 1816 435 1857 ἐπὶ
458 1814 646 1857 θανάτω.
699 1817 810 1854 Addo
832 1829 855 1853 a
873 1815 1021 1863 Medis,
1059 1823 1105 1853 ut
1127 1818 1271 1864 multa,
1305 1817 1354 1854 ad
1376 1817 1515 1855 Persas

59 1876 186 1915 videri
207 1877 428 1912 transiisse:
456 1874 620 1912 Artaeus
639 1876 742 1911 enim
761 1885 832 1910 rex
851 1872 1051 1910 Medorum
1069 1875 1207 1910 nuntio
1226 1873 1454 1921 imperavit,
1481 1873 1516 1912 εἴ

59 1949 118 1984 μη
147 1930 323 1997 παραδῶ
341 1926 539 1997 Νάναρος
564 1927 638 1969 τὸν
665 1925 934 1982 Παρσώνδην
952 1926 1019 1982 (de
1037 1939 1112 1977 quo
1130 1935 1266 1966 auctor
1287 1930 1330 1968 L.
1353 1929 1403 1969 11.
1423 1927 1516 1981 33)

60 1983 291 2038 λαβόμενος
317 1989 392 2039 τῆς
421 1983 551 2037 ζωνης
578 1983 687 2038 ἄγειν
716 1983 844 2026 αὐτὸν
871 1984 937 2025 ἐπὶ
958 1982 1133 2025 &arduo
1163 1985 1206 2022 in
1223 1985 1405 2036 Excerpt.
1425 1985 1514 2026 Nic.

59 2043 289 2082 Damasccni
311 2056 346 2093 p.
369 2044 472 2083 533.
502 2041 637 2080 VVESS

178 2101 280 2141 182.
313 2100 386 2139 35
432 2096 551 2138 ''Am
576 2095 625 2138 οὐ
644 2094 722 2151 γὰρ
749 2090 1006 2150 ηνΙδυνατόν
1020 2103 1091 2134 etc.
1103 2094 1120 2146 ]
1158 2096 1257 2135 Vide
1276 2095 1450 2135 Curtium
1470 2097 1513 2135 L.

59 2155 127 2193 ΙΙΙ.
147 2158 189 2196 2.
226 2155 379 2193 Nollem
399 2168 490 2193 vero
515 2154 606 2192 hinc
636 2155 885 2192 conclusione
905 2153 1069 2204 quadam
1100 2154 1332 2191 confecisset
1350 2155 1516 2206 diligen-

59 2212 230 2249 tissimus
253 2210 497 2258 Brissonius,
534 2212 652 2248 latam
680 2211 727 2248 de
757 2213 882 2261 capite
913 2211 1144 2248 sententiam
1176 2223 1223 2246 ne
1252 2212 1336 2261 regi
1362 2211 1516 2259 quidem

59 2267 264 2306 Persarum
285 2281 470 2305 revocare
492 2275 777 2315 retractareque
806 2269 973 2304 licuisse.
1002 2265 1112 2303 Nihil
1132 2265 1267 2303 horum
1286 2267 1405 2305 verba
1424 2281 1516 2317 prae

62 2338 102 2361 se
120 2325 270 2361 ferunt:
301 2324 367 2360 sed
387 2322 655 2361 Charidemum
676 2326 784 2374 regia
805 2330 992 2373 potestate
1021 2335 1070 2359 ex
1090 2323 1228 2359 inferis
1248 2335 1325 2360 non
1346 2325 1515 2372 potuisse

61 2381 238 2418 excitari.
277 2379 415 2417 Verius
437 2380 662 2418 advocasset
691 2378 732 2416 S.
754 2378 929 2417 Danielis
958 2379 1114 2416 oracula
1137 2391 1169 2416 c.
1187 2379 1251 2417 VI.
1278 2381 1348 2420 16.
1380 2379 1515 2417 WEss.

179 2438 281 2477 182.
324 2437 397 2475 37.
440 2432 852 2487 Ὀνειροπολοῦμενος
889 2438 981 2481 ταῖς
1019 2430 1282 2475 Μακεδόνων
1318 2433 1514 2487 ἀρεταῖς]

64 2491 226 2538 Quanta
253 2491 513 2530 Macedonum
535 2494 665 2530 virtus
684 2497 788 2529 esset
805 2493 1034 2530 coniectans
1052 2491 1257 2540 interpres.
1299 2491 1384 2542 Ego
1406 2505 1514 2539 vero,

61 2551 331 2599 inquietudine
350 2550 513 2586 virtutis
531 2548 817 2587 Macedonicae
838 2550 1041 2598 agitatus,
1069 2554 1134 2584 aut
1158 2549 1198 2584 in
1218 2551 1378 2585 somniis
1399 2560 1516 2585 exer-

62 2608 178 2644 citus.
211 2603 382 2655 Respicit
404 2606 507 2641 enim
528 2618 591 2642 eas
609 2617 738 2641 rerum
759 2605 1030 2642 inminentium
1050 2605 1208 2651 species,
1240 2615 1335 2652 quae
1356 2603 1514 2641 Darium

63 2663 223 2698 anxium
242 2661 287 2697 (le
308 2661 542 2698 instantibus
562 2663 664 2697 curis
679 2662 794 2697 ctiam
815 2673 882 2710 per
899 2671 1073 2697 somnum
1088 2661 1286 2710 agitabant
1307 2661 1406 2708 apud
1419 2659 1515 2696 Cur-

13 2723 18 2728 '
63 2720 156 2754 tium
178 2716 221 2756 L.
248 2716 312 2753 111.
331 2718 371 2756 3.
399 2716 542 2753 Noster
558 2715 738 2764 Excerpt.
759 2716 883 2754 Valcs.
906 2728 941 2765 p.
966 2716 1071 2757 305.
1100 2712 1120 2754 ὃ
1144 2714 1188 2754 ὸὲ
1213 2715 1418 2761 Φιὶιππος
1443 2730 1516 2754 τον

64 2770 208 2812 ὶοιηὸν
226 2775 301 2812 τοῦ
324 2772 395 2825 ’ζῇν
414 2769 567 2825 χρόνον
590 2769 990 2841 ονειροπολούμενος.
1032 2771 1212 2821 Apertius
1232 2771 1346 2808 Philo
1368 2771 1449 2808 lud.
1469 2771 1515 2808 de

65 2828 278 2878 Contempl.
300 2829 376 2867 lit.
409 2841 445 2879 p.
470 2830 575 2870 893
597 2827 638 2866 C.
671 2827 816 2869 πολλοὶ
839 2822 912 2869 οὗν
940 2827 1008 2868 καὶ
1038 2827 1280 2867 ἐκλαλοῦσιν
1302 2825 1344 2868 ἐν
1374 2824 1516 2874 ύπνοις
