1875 3310
447 223 739 256 OECONOMIA
775 222 1047 254 ffls‘rOmAE
1085 222 1310 254 DIODORI.
1473 226 1617 256 CXCIX

139 324 296 370 spicati,
339 323 576 366 Antipatrum
601 331 670 365 per
695 321 814 354 filium
849 320 933 365 regi
968 330 1116 354 veneno
1146 319 1234 353 dato
1268 321 1384 353 vitam
1413 322 1611 365 eripuisse.

138 384 272 417 Paullo
290 386 376 427 post
391 381 666 426 Sisygambris,
700 379 808 413 Darii
827 383 968 421 mater,
999 378 1046 412 ob
1066 377 1209 411 luctum
1230 377 1358 412 inedia
1383 380 1497 412 vitam
1518 381 1614 413 linit.

140 451 171 475 c.
193 442 269 477 118.

387 684 1192 748 PERIODUS.
1281 685 1376 745 H.

135 816 227 863 Ab
260 815 634 862 AleXandro
666 812 736 859 M.
772 827 970 873 usque
1008 813 1081 858 ad
1115 811 1349 858 Iulium
1383 809 1603 860 Caesa-

319 921 472 962 rem,
522 905 785 963 eiusque
819 903 1055 947 bellum
1084 898 1418 950 Gallicum.

605 1004 719 1051 Lib.
740 1002 923 1051 XVIII
934 1030 1000 1037 —-—
1011 1003 1129 1052 XL,

724 1197 933 1237 Periodi
964 1197 1004 1235 11

574 1287 613 1334 S
656 1287 701 1335 E
748 1285 789 1334 G
838 1288 886 1335 Τ
931 1287 959 1334 Ι
1007 1285 1055 1334 Ο
1111 1285 1155 1334 Ι.

131 1395 172 1439 Α
215 1391 649 1437 successoribus
679 1392 1002 1436 Alexandri
1040 1390 1103 1434 M.
1149 1405 1323 1447 usqne
1366 1391 1429 1433 ad
1461 1390 1600 1448 Aga-

393 1472 607 1516 tlioelis
638 1475 699 1517 in.
725 1473 932 1516 Sicilia
961 1474 1339 1529 tyrannidem,

721 1562 821 1605 Lib.
843 1561 1013 1606 XVIII.

532 1645 860 1692 Olymp.cX1V‚
886 1651 922 1685 2.
946 1667 992 1674 -
1017 1645 1142 1688 exv,
1167 1647 1202 1682 3.

128 1701 374 1749 Pnoorcnitcn
404 1723 450 1746 cx
471 1713 552 1758 ipsa
567 1714 773 1748 Alexandri
792 1714 843 1747 Μ.
863 1715 995 1749 mortis
1012 1713 1172 1747 historia
1189 1702 1367 1744 sumtum.
1412 1710 1521 1752 Quod
1538 1721 1602 1745 ve-

128 1777 234 1806 teres
255 1770 465 1815 philosophi
486 1772 614 1815 plures
634 1772 854 1815 docuerunt,
880 1772 1069 1806 hominum
1088 1771 1234 1804 animos
1249 1769 1484 1802 immortales
1501 1778 1600 1809 esse,

132 1835 173 1864 et
196 1829 263 1862 sub
292 1830 392 1861 ritae.
410 1830 607 1862 terrestris
625 1830 738 1862 linem
761 1829 888 1863 futura
905 1830 1150 1874 praevidere,
1182 1827 1219 1860 id
1237 1838 1303 1860 suo
1325 1826 1498 1869 exemplo
1516 1825 1602 1859 Ale-

129 1888 277 1921 xander
295 1886 347 1918 M.
364 1887 644 1930 comprobavit,
676 1887 900 1931 praedicens
921 1886 1035 1929 (conf.
1054 1887 1116 1920 lib.
1132 1885 1239 1919 XVII
1255 1910 1263 1926 ‚
1289 1893 1367 1927 cap.
1381 1884 1479 1927 117.)
1510 1883 1601 1915 ami-

130 1956 258 1978 corum
294 1945 482 1987 principes
516 1943 626 1976 funus
661 1954 769 1977 suum
807 1955 942 1990 magno
975 1943 1168 1978 certamine
1202 1941 1463 1975 celebraturos
1503 1948 1602 1972 essc-

131 2003 304 2046 Namque
325 2000 419 2034 haec
435 2011 506 2034 vox
526 2012 674 2043 eorum,
701 2012 797 2047 quae
817 2013 906 2036 mox
926 2006 1057 2036 secuta
1075 2005 1180 2042 sunt,
1213 1999 1321 2032 velut
1338 2007 1485 2031 summa
1504 1999 1599 2031 erat.

129 2079 176 2088 -
199 2060 359 2095 Additur
378 2069 560 2092 annorum
582 2061 692 2096 ratio.
741 2059 859 2093 Liber
878 2070 997 2093 annos
1013 2069 1064 2093 vn
1084 2057 1359 2102 complectitur.
1382 2066 1414 2088 c.
1430 2058 1461 2092 1.

220 2118 306 2151 Hoc
334 2128 482 2161 quoque
501 2117 596 2150 libro
618 2128 746 2151 rerum
765 2128 991 2151 coaevarum
1010 2117 1168 2158 notitia,
1199 2124 1309 2160 quam
1328 2113 1494 2157 alioquin
1511 2111 1602 2146 Dio-

130 2174 247 2209 dorus
264 2184 332 2218 per
348 2175 517 2218 singulos
537 2185 656 2209 annos
670 2176 841 2209 inserere
863 2175 1024 2216 solebat,
1049 2174 1191 2208 omissa
1212 2175 1281 2208 est.
1327 2170 1542 2215 Acquiescit
1560 2170 1599 2203 in

133 2231 356 2266 enarrandis
375 2233 466 2265 solis
486 2232 598 2265 rebus
616 2233 716 2266 inter
735 2233 942 2267 Alexandri
959 2233 1011 2266 M.
1033 2233 1274 2265 successores
1292 2229 1424 2273 gestis.

221 2287 320 2322 Ann.
357 2292 391 2325 2.
437 2289 606 2323 Dissidia
624 2290 662 2323 in
688 2293 862 2324 exercitu
884 2295 922 2324 et
949 2292 1050 2324 inter
1068 2289 1256 2333 principes
1277 2287 1323 2320 de
1345 2296 1463 2330 regno
1483 2285 1602 2318 admi-

132 2346 328 2381 nistrando
349 2347 401 2379 ita
419 2346 657 2388 dirimuntur,
683 2352 725 2380 ut
739 2347 1002 2389 Arrhidaeum,
1026 2345 1187 2390 Philippi
1205 2345 1336 2385 lilium,
1363 2354 1493 2387 regem
1516 2353 1600 2375 con-

133 2407 318 2444 stituant,
351 2404 460 2447 eique
487 2403 725 2446 Perdiccam,
757 2408 800 2438 ut
821 2407 926 2449 regni
945 2409 1252 2449 procuratorem,
1279 2403 1507 2443 adiungunt,
1536 2399 1601 2432 du-

132 2462 237 2495 cibus
257 2465 383 2495 autem
405 2463 541 2495 ceteris
560 2463 728 2506 singulas
746 2464 959 2506 provincias
976 2464 1185 2507 assignent.
1231 2459 1514 2494 Provinciarum
1541 2457 1602 2489 in—

131 2523 193 2553 ter
211 2519 324 2552 duces
345 2518 630 2552 distributorum
649 2530 829 2553 recensus
848 2519 1059 2553 exhibetur.
1082 2530 1112 2553 e.
1133 2522 1166 2555 2·
1188 2521 1221 2555 3.
1268 2517 1524 2549 Excutiuntur
1545 2525 1601 2547 re-

132 2578 191 2621 gis
220 2577 502 2617 commentarii,
537 2580 576 2610 ct
597 2587 693 2621 quae
721 2588 786 2611 rex
807 2578 842 2610 in
864 2582 1055 2622 posterum
1075 2574 1315 2619 suscipienda
1334 2577 1372 2607 et
1393 2581 1601 2616 exsequen-

134 2634 183 2667 da
204 2633 463 2677 designasset,
495 2635 531 2666 in
552 2634 866 2669 deliberationem
886 2636 1059 2669 veniunt:
1095 2635 1239 2678 placuit
1263 2636 1348 2665 acta
1368 2629 1601 2664 rescindere.

133 2689 338 2724 Perdiccae
366 2692 401 2723 in
427 2692 566 2725 milites
592 2697 852 2734 contumaces,
895 2695 933 2726 in
950 2693 1187 2737 Meleagrum
1207 2689 1460 2734 proditorem,
1501 2691 1539 2720 et
1565 2687 1604 2719 in

138 2747 327 2790 Graecos,
352 2749 468 2793 quiin
489 2751 685 2794 superiore
707 2752 793 2784 Asia
810 2749 1050 2792 defecerant,
1084 2748 1242 2783 consilia
1259 2757 1303 2780 ac
1322 2747 1488 2780 decreta.
1520 2755 1550 2780 c.
1569 2743 1602 2779 4.

139 2805 218 2839 lam
244 2807 416 2852 sequitur
439 2808 549 2852 regni
566 2807 802 2842 Macedonici
821 2808 1028 2853 descriptio
1053 2806 1286 2846 accuratior,
1320 2807 1359 2838 et
1383 2802 1535 2849 quidem
1565 2801 1601 2845 1)
