1891 3310
459 171 521 211 IN
557 169 668 210 [AB.
693 169 802 210 XX.
842 168 971 210 CAP.
1005 173 1200 216 8.-11.
1444 180 1559 223 335.

131 318 134 321 .
201 283 311 325 412.
336 281 516 326 95.,Διὸ
538 282 607 323 καὶ
626 287 718 329 ταῖς
737 279 922 338 πρώραις
944 274 1431 340 δίρᾘεις-’κατεπὲτασανῙ
1460 291 1553 331 Νη-»

91 341 245 380 valibus
260 343 301 379 in
317 342 499 393 praeliis5
523 348 592 378 aut
613 341 736 379 sicubi
758 340 806 378 ad
825 342 909 378 loca
929 341 1074 378 infesta·
1090 343 1250 380 classem
1270 344 1553 397 admov'ebang

89 397 173 435 fieri
196 397 234 434 id
256 400 374 436 moris
395 405 488 438 erat.
533 399 660 442 Quare
680 396 860 434 Metellus
892 396 1032 434 insulis
1055 397 1280 448 Gymnesiis
1297 403 1456 452 propius
1477 417 1538 441 se-

88 466 128 491 se
150 460 189 491 et
209 467 328 493 naves
345 456 610 502 adiuncturus,
630 451 888 494 AEPPEIE
905 451 1049 492 ἔτεινεν
1067 449 1168 507 ὑπὲρ
1187 459 1271 495 τῶν
1291 473 1540 513 καταστρω-

87 506 257 561 μάτων,
284 509 438 563 σκέπην
469 507 669 562 πρὸς-τὰς
697 506 929 563 σφενδόνας
955 511 997 548 in
1021 509 1202 549 Strabon.
1221 512 1263 550 L.
1286 513 1352 552 lII.
1372 528 1406 564 p.
1424 519 1534 559 256,

88 566 306 605 Poenorum
338 567 431 604 haec
459 568 537 604 alia
564 567 813 604 consuetudo.
859 564 1056 617 Segcstria
1075 569 1171 615 ista,
1198 582 1334 619 prorae
1353 585 1537 623 oppansa,

87 626 316 675 nigricantis
336 625 457 661 fuisse
478 624 621 660 coloris
641 622 839 669 videntur,
870 626 927 660 uti
947 625 988 660 in
1009 625 1116 661 luctu
1136 632 1250 674 atque
1271 628 1424 666 inferiis
1444 643 1536 668 usu-s

86 680 244 718 ferebat.
271 679 376 717 Hinc
397 680 510 718 navis
527 680 687 717 inferias
708 679 850 718 Achilli
870 681 1045 717 solutura
1067 679 1109 725 ἐκ
1127 679 1536 736 Θετταλίαςμέλανα

87 733 197 775 ἱστία
226 734 381 790 ,ἠρμένη
416 734 455 783 ἒς
479 735 638 786 Τροίαν
666 732 773 774 ἔπλει
802 736 902 785 apud
921 735 1145 776 Philostrat.
1166 737 1322 779 Heroic.
1340 753 1375 782 c.
1402 743 1474 784 19.
1495 757 1534 794 p.

86 793 192 834 741.
222 792 333 831 Conf.
357 799 438 831 not.
459 795 500 830 in
520 791 563 829 L.
587 791 652 832 lv.
673 793 751 833 61.
786 792 926 830 Wssss.

194 848 303 890 4'12.
339 850 428 890 15.Δ
448 844 852 901 Προκατεπεπτώκει
878 852 971 895 ταῖς
1002 850 1188 903 ψυχαῖς]
1231 851 1368 891 Verius
1396 868 1536 894 censeo

84 900 491 957 προσκατεπεπτώκει
511 918 560 943 ex
576 903 672 957 Reg.
701 907 739 945 l.
786 903 1059 954 Praeterquam
1081 909 1183 945 enim
1202 909 1304 957 quod
1324 913 1460 962 ignara
1478 915 1556 952 rei·

84 962 242 999 bellicae
261 961 467 1000 multitudo
488 968 594 1010 erat,
623 963 752 999 animo
772 972 921 1011 quoque
947 963 1180 1001 conciderat.
1227 966 1313 1009 Qua
1334 969 1374 1004 in
1395 982 1437 1006 re
1460 985 1536 1008 κα-

81 1017 296 1057 ταπίπτειν
319 1026 356 1055 et
374 1015 614 1057 ἀναπίπτειν
633 1018 761 1055 sedem
783 1017 974 1066 quandam
994 1017 1146 1057 habent.
1182 1019 1392 1061 Pausanias
1417 1025 1460 1064 L.
1481 1025 1536 1064 X.

82 1074 158 1115 20.
199 1079 288 1122 τοῖς
306 1072 356 1114 δέ
370 1071 592 1127 γε’Έλλησι
621 1070 922 1114 κατεπεπτώκει
950 1073 1027 1125 μὲν
1047 1073 1087 1121 ἐς
1107 1072 1219 1115 ἅπαν
1239 1075 1290 1116 τὰ
1311 1077 1536 1133 φρονήμα-

80 1144 145 1170 τα.
172 1130 364 1182 Synesius
384 1131 426 1169 L.
449 1131 497 1168 Π.
518 1130 675 1169 Provid.
699 1143 735 1180 p.
764 1133 866 1171 117.
889 1129 932 1168 Β.
971 1122 1085 1170 οὗτοι
1113 1131 1191 1183 μὲν
1216 1154 1266 1163 ·—
1290 1135 1388 1182 τοὺς
1408 1153 1536 1178 κατα-

78 1183 347 1234 πεπτωκότας
367 1192 458 1234 ταῖς
478 1183 662 1239 γνώμαις
681 1195 763 1234 etc.=
781 1187 967 1238 Polybius
985 1187 1167 1237 Excerpt.
1189 1201 1224 1238 p.
1246 1192 1380 1232 1430,
1409 1189 1536 1247 ἥττη-

78 1241 224 1291 &dmg
243 1243 288 1283 δὲ
307 1241 414 1283 κατὰ
435 1241 508 1283 τὸν
529 1243 718 1283 κίνδυνον
741 1240 873 1290 οὕτως
892 1241 1091 1284 ἀνέπεσον
1109 1251 1202 1292 ταῖς
1219 1253 1391 1299 ψυχαῖς.
1422 1249 1536 1290 Philo

79 1300 121 1338 L.
137 1301 172 1340 1.
193 1301 265 1338 vit.
286 1300 386 1339 Mos.
407 1314 444 1350 p.
467 1302 574 1342 630.
596 1299 641 1337 E.
672 1296 725 1340 τά
747 1315 789 1340 τε
811 1295 986 1350 σώματα
1012 1307 1229 1356 παρεῖντο,
1261 1304 1329 1343 καὶ
1351 1303 1426 1353 τὰς
1449 1316 1534 1357 ψυ-

73 1354 155 1408 χὰς
175 1352 536 1397 ἀναπεπτώκεσαν.
574 1356 660 1395 Alia
680 1357 765 1404 tibi,
795 1360 826 1395 si
851 1356 1058 1408 desideres,
1089 1355 1198 1397 dabit
1214 1362 1277 1399 vir
1297 1361 1435 1401 doctus
1454 1363 1536 1402 Mi-

76 1415 233 1452 scellan.
255 1414 419 1452 Observ.
440 1413 526 1451 Vol.
547 1412 599 1451 X.
619 1424 655 1462 p.
675 1415 784 1454 206.
817 1414 958 1454 Wnss.

189 1471 299 1511 412.
320 1472 398 1511 29.
416 1466 605 1511 Ἄννωνα
623 1468 693 1509 καὶ
713 1466 977 1524 Βορμίλκαν]
1008 1469 1462 1532 Βομίλκανηεκρυηοω
1481 1491 1538 1530 ρ.,

79 1534 124 1565 ut
141 1530 256 1565 etiam
276 1529 318 1565 in
340 1527 601 1576 sequentibus.
631 1525 769 1564 RHOD.
809 1525 895 1567 Καὶ
919 1526 1164 1581 Βομίλκαν]
1198 1527 1260 1567 Ex
1280 1530 1397 1572 Basil.
1421 1528 1536 1574 ἐκδό-

79 1598 138 1624 σει
161 1584 270 1621 ducis
289 1597 429 1621 nomen
447 1585 677 1622 instauravi.
722 1582 931 1621 Bomilcar
961 1583 1104 1622 dicitur
1131 1585 1301 1635 iustine,
1341 1601 1465 1639 neque
1494 1589 1536 1629 id

78 1653 220 1679 nomen
250 1642 364 1678 aliter
394 1643 436 1678 in
459 1641 565 1679 Livii
593 1640 704 1678 libris
733 1641 938 1688 scribitur,
975 1641 1076 1689 apud
1097 1641 1260 1692 Appian.
1277 1645 1377 1685 Pun.
1400 1659 1436 1696 p.
1455 1649 1532 1688 22.

76 1697 335 1751 Βουμίλχαρ.
365 1696 545 1735 Ceterum
564 1693 632 1736 διὰ
653 1692 731 1749 τὴν
748 1696 857 1736 ἰδίαν
875 1691 1038 1744 τούτοις
1058 1695 1254 1739 ἀπιστίαν
1274 1714 1322 1738 ex
1339 1715 1446 1740 more
1464 1717 1535 1741 ve·-

78 1755 159 1803 nit,
190 1768 265 1805 quo
288 1754 510 1791 nominibus
529 1765 640 1802 saepe
665 1754 774 1791 verbi
795 1754 879 1800 sui,
912 1755 970 1790 uti
990 1754 1138 1792 dictum
1159 1769 1275 1804 supra
1297 1758 1394 1805 fuit,
1422 1773 1533 1798 casus

77 1812 301 1849 adstruitur.
329 1810 445 1848 Aliud
466 1812 658 1860 spectavit
677 1808 733 1847 Cl.
754 1810 829 1848 Iac.
850 1808 1074 1849 Gronovius
1090 1811 1139 1848 ad
1157 1810 1343 1863 Stephan.
1364 1814 1532 1867 Byzant.

72 1868 116 1906 in
128 1865 266 1919 Ἄβαι,
295 1879 407 1917 quem
428 1867 531 1905 vide.
550 1866 691 1904 VVESS.

187 1925 297 1964 412.
322 1924 395 1965 36.
420 1918 481 1962 ‘H
491 1919 596 1976 πρὸς
618 1918 693 1968 τὰς
715 1920 916 1973 τιμωρίας
937 1920 1078 1975 πικρία
1098 1925 1182 1963 τῶν
1203 1925 1532 1979 Καρχηδονίων]

77 1978 302 2019 Certissima
329 1987 390 2017 est
420 1979 589 2017 Diodori
618 1979 917 2017 animadversio.
957 1979 1145 2030 Exempla
1175 1984 1391 2021 atrocitatis
1419 1986 1534 2024 istius

77 2040 188 2089 quasi
209 2050 275 2086 per
292 2043 462 2074 saturam
482 2036 917 2086 suppeditabuntValer.
932 2035 1091 2075 Maxim.
1115 2036 1157 2073 L.
1172 2038 1216 2074 II.
1234 2041 1272 2078 7.
1287 2047 1363 2078 ext.
1379 2043 1395 2082 1
1409 2069 1434 2088 .‚
1456 2042 1534 2079 Po-

79 2096 210 2145 lybius
229 2093 272 2130 L.
297 2094 326 2131 1.
350 2096 420 2134 ll.
442 2094 532 2141 24„
554 2092 688 2131 Livius
706 2091 809 2141 Epit.
836 2092 922 2139 50.,
944 2091 1115 2130 Iustinus
1136 2093 1253 2133 XIX.
1278 2098 1320 2136 2.
1349 2097 1463 2136 XXI.
1483 2100 1530 2140 4.

80 2154 136 2201 6.,
160 2150 346 2200 Polyaen.
363 2149 406 2187 L.
426 2150 471 2187 V.
497 2152 583 2197 ll„
613 2150 775 2198 Appian.
798 2149 892 2186 Pun.
912 2162 949 2199 p.
972 2150 1045 2189 67.
1065 2157 1138 2188 etc.
1167 2151 1306 2189 WEss.

186 2208 295 2248 413.
323 2208 394 2247 57.
424 2206 499 2253 Εἲς
517 2203 590 2246 τὸν
612 2202 721 2258 ἱερὸν
742 2201 898 2258 λόχον]
928 2204 1308 2257 Carthaginiensium
1330 2209 1533 2249 nobilissi-

75 2263 132 2302 mi
152 2270 191 2301 et
213 2263 394 2301 ditissimi
414 2263 462 2301 ad
485 2264 559 2300 duo
588 2263 709 2300 ferme
730 2263 854 2299 millia
875 2268 913 2298 et
942 2264 1174 2314 quingentos
1193 2279 1342 2304 sacram
1363 2280 1446 2305 eam
1465 2281 1532 2306 co-

72 2321 224 2359 hortem
244 2321 462 2370 explebant.
486 2319 575 2357 Vid.
594 2318 637 2356 L.
655 2317 764 2356 XVI.
786 2320 858 2359 80.
886 2318 1025 2356 wass.
1060 2318 1069 2327 '

188 2377 296 2418 413.
329 2378 402 2417 64.
435 2374 616 2416 ’Έδωκεν
631 2370 882 2428 Ἀρχαγάθῳ
903 2378 961 2430 τῷ
983 2373 1088 2430 υἱῷ]
1126 2376 1430 2428 Archagathum
1450 2380 1533 2429 ple-

76 2446 236 2484 rumque
259 2431 453 2471 Diodorus
473 2440 511 2470 et
531 2432 664 2469 lustin.
685 2431 728 2468 L.
745 2430 881 2468 XXII.
906 2433 947 2471 5.
972 2434 1158 2470 vocitant.
1193 2434 1244 2471 At
1265 2436 1429 2486 Polybio
1450 2437 1532 2474 Ex-

78 2493 198 2540 cerpti
221 2491 310 2540 Leg.
329 2488 358 2526 Ι.
380 2502 416 2538 p.
441 2490 575 2531 1087.
609 2483 875 2540 Ἀγάθαρχος
892 2495 970 2535 est,
998 2489 1184 2537 probante
1215 2490 1266 2529 H.
1293 2491 1449 2531 Valesio
1481 2492 1532 2531 ad

78 2547 213 2586 Nostri
233 2546 415 2596 Excerpt.
435 2560 470 2596 p.
492 2547 600 2586 257.
632 2543 721 2583 vid.
745 2545 848 2581 infra
868 2557 900 2581 c.
927 2546 999 2586 56.
1022 2545 1164 2584 Wnss.

191 2597 311 2644 413.'
331 2604 402 2643 75.
451 2600 517 2641 Τὰ
538 2603 623 2642 τῶν
641 2596 830 2639 ἀσπίδων
849 2598 1002 2654 ἔλυτρα
1024 2598 1196 2656 ῥάβδοις
1216 2601 1401 2654 διέτεινε]
1437 2603 1530 2643 Pari

77 2658 191 2698 modo
212 2655 439 2711 τοῦλυτρον
458 2661 532 2699 τοῦ
553 2653 731 2709 δόρατος
743 2655 1018 2706 Aristophanes
1032 2658 1201 2699 Acharn.
1222 2674 1260 2698 v.
1287 2663 1301 2701 l
1318 2663 1335 2701 1
1352 2663 1436 2707 19..
1452 2673 1530 2711 qua

83 2716 130 2752 «le
150 2729 244 2753 voce
265 2717 456 2766 copiosius
473 2718 549 2754 viri
570 2713 820 2752 eruditissimi
839 2712 889 2750 Is.
908 2711 1069 2752 Casaub.
1091 2718 1131 2752 in
1153 2715 1292 2754 Athen.
1305 2716 1335 2756 l.
1350 2719 1389 2756 7.
1404 2724 1443 2754 et
1453 2715 1529 2754 Th.

82 2771 222 2810 Gatak.
243 2772 291 2810 ad
312 2773 499 2810 Antonini
520 2772 610 2823 Imp.
627 2769 670 2807 L.
685 2768 756 2806 IX.
779 2770 820 2809 3.
840 2782 877 2819 p.
899 2771 1008 2811 266.
1030 2770 1218 2810 Solebam:
1231 2775 1373 2810 milites
1395 2780 1531 2811 eontra

82 2829 236 2877 imbres,
247 2830 634 2879 pulverem,aliasque
644 2827 806 2865 iniurias
815 2828 936 2864 scutis
947 2834 1169 2879 tegumenta
1178 2830 1351 2878 induere,
1362 2827 1413 2868 τὰ
1432 2825 1530 2869 σκύ-
