1859 3326
296 224 386 265 538
758 218 1277 262 ANNOTATIONES

289 334 553 375 Bibliothecae
573 333 738 373 Diodori
760 348 804 372 ea
820 340 954 384 parte,
981 332 1170 384 quomodo
1191 334 1375 383 scriptum
1392 333 1535 384 fuerit,
1565 342 1656 374 ante
1676 334 1752 375 So-

289 396 418 431 lonem
451 395 564 429 annis
595 403 649 429 Χ]
654 403 726 428 vu.
756 392 877 429 fuisse
897 390 1135 428 Draconem:
1175 397 1300 438 potest
1322 393 1425 430 enim
1447 392 1487 430 id
1508 396 1617 433 vario
1636 394 1751 432 modo

290 464 425 490 verum
449 449 654 498 perhiberi.
713 448 855 485 Wssss.

405 508 511 547 640.
544 507 616 546 38.
663 502 856 554 Οὐραιοῧ
880 497 1018 556 ῥάχιν]
1058 500 1146 540 Νοη
1168 503 1339 541 insolens
1360 499 1477 557 ῥυχις
1492 511 1553 542 est
1573 505 1620 542 de
1640 519 1754 544 mon..

289 566 340 602 tis
361 564 475 600 dorso
496 565 537 600 in
556 562 719 611 Polybio
743 561 785 598 L
798 560 843 597 V.
868 561 942 600 69.
977 565 1091 609 atque
1111 560 1210 597 aliis.
1265 560 1326 597 An
1346 575 1439 599 vero
1463 574 1650 600 summum
1673 563 1751 601 Pe-

289 623 447 668 m‘num,
486 620 549 657 cui
570 633 592 656 a
616 618 657 655 S.
679 616 903 654 Bernhardo
925 629 1028 653 nunc
1057 629 1196 653 nomen
1216 623 1298 667 est,
1329 631 1379 654 an
1404 630 1591 657 summam
1611 620 1751 672 Alpem

288 678 485 715 itinerarii
515 676 707 712 Antonini
739 674 977 712 intellexerit
1005 671 1220 720 Diodorus,
1272 647 1320 711 εἰεί
1346 674 1559 714 finiendum
1593 686 1751 726 prorsus

291 742 351 772 est
383 733 549 770 difficile.
609 730 640 768 V
646 731 729 778 ide,
769 732 803 768 si
830 732 930 768 tanti
961 737 1044 778 est,
1085 730 1160 768 los.
1191 729 1400 769 Simlerum
1432 730 1678 773 Conmentar.
1705 734 1753 770 de

286 792 449 840 Alpibus
473 803 508 839 p.
525 790 596 829 87.
621 798 658 825 et
680 801 714 837 p.
731 789 805 828 96.
864 787 1004 824 VVESS.

403 847 509 887 640.
536 845 610 885 45.
649 842 725 884 Ἐν
748 844 997 885 Πεσιιόὗντι
1019 844 1094 895 τῆς
1120 842 1335 897 Φουγιάς]
1379 843 1594 884 confundit
1622 846 1752 884 Palla-

288 904 414 950 dium,
454 902 556 951 quod
577 901 624 938 ad
648 901 759 938 Ilium
786 915 806 938 e
829 902 936 939 coelo
962 900 1156 950 delapsum
1176 902 1332 953 fingunt
1352 903 1453 952 apud
1474 904 1751 953 Apollodorum

284 958 470 998 Biblioth.
488 959 529 997 L.
548 958 611 996 111.
637 960 709 999 ll.
734 961 775 998 2.
768 985 796 1005 .,
847 965 885 995 et
909 957 1070 1009 Magnae
1095 931 1276 995 Matris&
1260 956 1427 1011 α’)αὶμα
1457 960 1660 1008 διοπετὲς,
1689 962 1753 998 cui

285 1018 499 1054 Pesinunte
533 1014 693 1052 Romam
728 1015 857 1052 delato
891 1028 998 1052 sacra
1025 1021 1124 1052 stato
1155 1022 1323 1064 tempore
1355 1016 1523 1064 fiebant,
1554 1018 1755 1055 referente

284 1074 509 1112 Herodiano
533 1080 571 1109 et
597 1072 800 1109 Ammiano
823 1071 1054 1109 Marcellino
1087 1070 1129 1108 L.
1149 1071 1283 1110 XXll.
1303 1074 1346 1113 9.
1406 1072 1450 1110 Id
1470 1073 1681 1111 Pesinuntc
1701 1086 1752 1111 ex

284 1133 391 1169 coelo
423 1130 633 1176 decidisse,
662 1130 825 1179 urbique
846 1142 987 1166 nomen
1007 1129 1147 1165 fecisse
1167 1128 1437 1177 perhibebant.
1489 1130 1588 1167 Vide
1612 1130 1751 1170 Nostri

282 1189 326 1228 L.
342 1187 409 1226 111.
443 1188 515 1226 59.
545 1193 584 1222 et
605 1185 856 1225 LXXXVI.
882 1185 1016 1235 Eclog.
1038 1187 1079 1224 2.
1106 1197 1140 1233 p.
1157 1186 1262 1225 537.
1316 1185 1452 1224 WESS.

397 1245 504 1283 640.
535 1245 606 1283 51.
640 1241 729 1294 Τὴν
750 1237 959 1281 Νεᾰπολιν
979 1237 1048 1295 ὑφ’
1068 1236 1640 1294 ςΙ<Ῑρακλέους--κτισθῆίὀιι]
1674 1241 1753 1280 Mi-

280 1313 349 1339 ror
377 1300 593 1338 Diodorum
612 1299 713 1337 nihil
737 1298 849 1336 huius
874 1299 1066 1336 indicasse
1095 1297 1137 1337 L.
1155 1298 1216 1335 lv.
1239 1300 1340 1346 22„
1369 1299 1436 1337 ubi
1458 1299 1640 1336 Herculis
1661 1312 1751 1348 pro-

280 1372 328 1408 pe
345 1359 528 1395 Puteolos
549 1364 586 1393 et
610 1356 801 1394 Misenum
827 1357 1068 1405 praeclarum
1095 1367 1189 1403 opus
1212 1354 1429 1406 descripsit.
1475 1356 1544 1394 Ph.
1565 1356 1750 1394 Cluverio

279 1428 343 1452 res
365 1426 515 1463 quoque
537 1414 735 1450 credibilis
757 1426 837 1449 non
858 1419 916 1449 est
929 1411 1045 1449 L.lV.
1068 1411 1152 1449 Ital.
1167 1413 1255 1450 Ant.
1278 1426 1314 1464 p.
1336 1415 1498 1462 1147.,
1523 1419 1568 1450 ut
1589 1426 1660 1451 nec
1674 1413 1746 1451 lul.

280 1470 389 1510 Caes.
409 1470 573 1518 Capacio
596 1470 697 1507 Hist.
723 1470 885 1518 Neapol.
905 1469 947 1507 L.
966 1468 993 1508 1.
1019 1470 1061 1508 3.
1117 1469 1253 1506 VVESS.

396 1529 502 1569 640.
535 1529 607 1567 58.
650 1526 831 1565 Σικελῶν
856 1525 925 1564 καὶ
959 1524 1171 1577 Σικανῶν]
1222 1525 1417 1575 Respicit,
1454 1533 1548 1575 puto
1571 1525 1614 1565 L.
1629 1527 1677 1566 V.
1705 1530 1747 1569 6.

277 1584 409 1623 Habes
430 1587 545 1622 etiam
567 1586 795 1621 coniunctos
810 1579 1005 1629 Σικελοὺς
1023 1582 1090 1622 καὶ
1109 1581 1314 1630 Σικανοὺς
1332 1583 1494 1622 L.Xlll.
1513 1586 1585 1624 59.
1624 1586 1749 1630 Quem

280 1643 434 1691 quidem
455 1644 581 1678 locum
602 1642 633 1677 si
655 1644 694 1678 in
714 1644 843 1678 animo
863 1639 1092 1677 Eustathius
1113 1639 1266 1688 habuit,
1295 1644 1452 1691 scripsit
1474 1637 1589 1684 παρά
1608 1655 1651 1682 τε
1676 1641 1748 1680 Σι-

277 1701 426 1745 neam,
456 1706 500 1735 ut
521 1697 729 1735 Diodorus.
786 1698 923 1736 Vv'ssss.

394 1757 500 1796 640.
532 1756 606 1795 74.
638 1750 687 1794 Ὁ
711 1752 880 1800 Σικελὸς
900 1747 1121 1806 Διόδωρος
1137 1748 1307 1806 γράφει]
1353 1752 1540 1792 Memoria
1561 1753 1624 1792 hic
1644 1754 1746 1792 Tze-

277 1820 369 1850 tzen
391 1813 613 1850 destituisse
636 1812 805 1850 videtur.
855 1811 1067 1848 Pausanias
1089 1818 1160 1858 est,
1191 1813 1256 1859 qui
1281 1811 1327 1847 de
1347 1811 1627 1861 Polydamante
1650 1812 1745 1849 haec

277 1872 409 1908 onmia
437 1870 641 1906 memoriae
670 1869 842 1919 prodidit
870 1868 993 1907 L.V1.
1020 1869 1059 1907 5.
1091 1875 1207 1916 atque
1240 1881 1289 1905 ex
1310 1881 1355 1904 eo
1378 1867 1520 1906 Suidas
1542 1871 1582 1905 in
1599 1869 1745 1909 Πολυ-

276 1924 427 1979 δάμας.
468 1927 609 1964 VVEss.
670 1926 787 1962 lmmo
808 1939 845 1962 v.
871 1924 961 1962 Mai.
983 1925 1030 1961 ad
1055 1924 1152 1963 Exc.
1178 1925 1264 1962 vat.
1287 1927 1412 1972 p.22.
1445 1925 1505 1965 ed.
1529 1925 1633 1975 Lips-

394 1985 500 2023 641.
545 1986 618 2024 82.
663 1978 939 2035 Ἀνῖιᾳῶντα
974 1977 1147 2033 [Biston]
1201 1981 1332 2018 Scribi
1363 1982 1501 2019 debere
1531 1981 1744 2035 Σωφίλου,

275 2039 356 2078 viri
377 2041 484 2077 docti
504 2039 645 2077 dudum
667 2039 903 2085 docuerunt,
934 2039 1051 2075 sicuti
1072 2045 1110 2074 et
1131 2037 1408 2088 Antiphontem
1430 2046 1550 2077 artem
1572 2038 1744 2076 rhetori-

276 2111 359 2133 cam
389 2099 512 2148 magis
542 2098 735 2133 excultam
762 2097 988 2144 reliquisse,
1030 2098 1269 2144 primumque
1294 2096 1341 2132 ob
1365 2096 1566 2133 defensum
1585 2097 1744 2132 alterius

276 2157 473 2204 negotium
505 2153 716 2190 mercedem
750 2154 957 2200 accepisse.
1013 2152 1109 2190 Vide
1137 2159 1290 2201 praeter
1313 2158 1463 2189 ceteros
1481 2152 1537 2192 lo.
1559 2153 1645 2189 Alb.
1667 2151 1744 2189 Fa-

275 2212 438 2249 bricium
457 2209 639 2248 Bibliotli.
664 2210 800 2246 Graec.
824 2209 865 2245 L.
881 2208 926 2244 ll.
948 2209 1024 2248 26.
1085 2208 1222 2245 VVEss.

395 2269 501 2308 641.
535 2267 606 2307 89.
654 2268 741 2305 Τοῦ
763 2262 1055 2310 Αῧδολέοντος
1073 2258 1274 2304 Παιόνων
1291 2261 1516 2317 βασιλέως]
1565 2263 1654 2302 Νοη
1675 2264 1744 2302 ob-

277 2338 430 2362 scurum
462 2327 503 2361 in
527 2322 747 2374 Lysimachi
778 2324 899 2373 gestis
937 2321 1052 2358 rebus
1082 2321 1351 2368 Autoleontis,
1401 2321 1595 2359 Paeonum
1622 2323 1743 2373 regis,

275 2394 417 2419 nomen
443 2388 511 2417 est.
568 2379 672 2417 Fieri
703 2393 794 2430 ergo
829 2381 974 2427 potuit,
1001 2385 1047 2415 ut
1069 2379 1391 2429 Xermodigestus
1417 2380 1490 2415 iste
1513 2377 1741 2428 Lysimacho

273 2441 379 2491 regis
401 2445 439 2474 et
458 2439 570 2474 amici
591 2439 650 2473 sui
671 2436 872 2473 thesauros
892 2434 1115 2485 prodiderit.
1147 2435 1233 2472 vid.
1257 2435 1299 2471 L.
1311 2433 1407 2471 XX.
1435 2437 1506 2476 19.
1549 2435 1687 2475 WVESS.

393 2496 498 2535 (ill
531 2494 605 2533 94
647 2491 758 2539 Ἰοις
782 2491 896 2544 ..capy
900 2491 1031 2531 ειτιόυ
1055 2507 1246 2544 ποταμου
1269 2490 1364 2544 ete]
1416 2492 1582 2534 Vereor,
1616 2500 1660 2529 ut
1679 2492 1742 2529 hic

275 2551 353 2589 fida
373 2550 541 2589 Tzetzae
566 2551 686 2587 fuerit
710 2563 768 2586 me
774 2550 905 2587 moria.
976 2548 1139 2586 Constat
1166 2549 1423 2597 Decebalum,
1457 2538 1648 2586 Dacorum
1680 2563 1742 2585 re-

277 2623 387 2660 gem,
423 2608 641 2659 Sargetiam
666 2607 809 2643 flumen
839 2607 1024 2644 aliorsum
1053 2607 1282 2652 abduxisse,
1323 2605 1539 2655 abditisque
1567 2608 1742 2655 captivo-

277 2680 363 2703 rum
384 2679 499 2715 opera
520 2672 559 2701 et
581 2666 620 2700 in
641 2664 803 2701 fundum
827 2663 1010 2701 demersis
1033 2663 1222 2701 thesauris
1246 2665 1346 2709 suis,
1382 2663 1482 2699 idem
1512 2666 1552 2699 in
1576 2665 1742 2712 priorem

278 2725 432 2760 alveum
461 2723 679 2769 derivasse,
723 2733 931 2768 omnesque
962 2734 1027 2757 eos
1057 2721 1323 2764 interfecisse,
1361 2731 1523 2767 quorum
1548 2733 1663 2768 opera
1693 2719 1742 2756 ad

278 2794 360 2817 eam
400 2793 480 2816 rem
509 2779 637 2815 fuerat
670 2791 775 2815 usus.
832 2778 909 2815 Dio
930 2784 967 2814 et
989 2776 1240 2826 Xiphilinus,
1279 2789 1374 2826 quos
1407 2778 1576 2813 illustrat
1600 2775 1646 2815 R.
1668 2774 1743 2812 Fa-

277 2837 429 2873 hrettus
461 2836 665 2886 Syntagm.
702 2834 748 2871 de
776 2833 966 2872 Columna
994 2833 1103 2872 Trai.
1147 2848 1179 2872 c.
1205 2838 1243 2873 8.
1278 2847 1309 2883 p.
1327 2833 1434 2872 235.
1452 2864 1462 2880 ,
1489 2840 1605 2869 testes
1629 2839 1741 2881 sunt,-

278 2894 345 2931 sed
368 2893 460 2943 quid
480 2905 545 2931 eos
565 2890 740 2931 advoco?
784 2890 951 2930 Tzetzcs
981 2894 1063 2941 ipse
1089 2889 1190 2928 Chil.
1213 2889 1262 2927 11.
1294 2904 1333 2928 v.
1357 2891 1430 2930 61.
1460 2889 1506 2926 de
1526 2889 1740 2927 Decebalo:
