1859 3326
316 178 436 210 Lxlv
947 161 1154 210 ΗΕῩΝΕ

315 277 505 310 neminem
523 266 679 317 eorum,
721 278 782 322 qui
808 276 902 310 haec
929 277 1101 320 aggressi
1127 277 1221 319 sint,
1260 276 1359 312 infra
1389 277 1640 312 Macedonum
1673 281 1765 311 tem-

315 344 409 380 pora
433 334 628 370 historiam
655 335 896 368 deduxisse-‘⁶
943 334 995 366 Hi
1020 335 1140 376 enim,
1166 335 1305 379 inquit,
1334 336 1407 377 „ad
1431 335 1612 380 Philippi,
1638 335 1692 368 illi
1716 334 1766 368 ad

314 391 518 425 Alexandri
542 403 603 425 res
628 396 779 437 gestas,
814 392 876 424 isti
911 391 958 424 ad
992 402 1232 426 successores
1264 398 1330 426 aut
1361 398 1535 437 posteros
1565 393 1766 426 deductam

314 447 497 482 historiae
532 450 648 483 telam
680 451 929 493 abruperunt,
975 459 1036 482 res
1070 454 1195 483 autem
1222 451 1268 484 ab
1294 452 1340 484 iis
1364 452 1596 496 temporibus
1621 455 1765 495 gestas,

316 510 354 539 et
381 517 536 541 numero
564 512 602 540 et
626 508 883 552 magnitudine
910 506 1008 539 haud
1031 507 1247 550 inferiores,
1280 520 1390 543 nemo
1415 510 1631 553 scriptionis
1657 509 1766 542 unius

312 563 465 603 ambitu¹
490 565 710 608 complexus
744 569 820 606 est,
856 564 923 597 sed
957 569 1046 599 sunt
1078 575 1146 599 eae
1180 577 1249 611 per
1278 558 1633 610 plui-alvolumina,
1679 576 1765 599 cum

312 631 458 654 summa
476 626 698 665 temporum,
723 632 849 655 rerum
876 626 915 655 et
937 623 1161 667 scriptorum
1183 612 1404 658 diversitate
1421 618 1629 668 dispersae,
1654 623 1766 657 adeo-

302 686 385 723 ·que
411 682 563 724 cognitu
589 679 870 712 difficillimae.“
903 680 990 723 (lib.
1011 681 1039 721 I,
1061 679 1121 724 3.)
1155 681 1253 722 Quid
1277 683 1394 726 igitur
1419 682 1572 716 noster&
1603 680 1764 726 singulo-

300 740 394 769 =rnm
419 736 691 770 tractationibus
724 737 774 769 ad
803 747 951 771 examen
975 739 1152 773 revocatis
1176 739 1364 773 historiam
1388 745 1573 773 contexere
1600 737 1765 779 decrevit,

310 805 401 837 quae
435 793 621 828 lectoribus
657 799 692 828 et
717 794 917 839 plurimum
943 796 1173 839 conduceret,
1213 804 1247 831 et
1280 796 1460 831 molestiae
1491 796 1672 831 exhiberet
1700 794 1765 829 mi-

308 851 456 885 nimum.

403 911 491 956 [97]
521 910 629 951 Quod
650 911 680 943 si
701 909 891 946 Diodorus
916 923 989 947 non
1014 917 1090 947 tam
1109 915 1321 958 generatim
1342 913 1411 948 hos
1429 918 1606 959 auctores
1626 922 1766 946 memo-

309 973 456 1010 rasset3
491 970 561 1002 etsi
583 968 652 1002 hoc
679 970 864 1003 modestia
888 971 1072 1004 adductus
1096 973 1247 1005 videtur
1273 972 1422 1014 fecisse,
1448 983 1494 1006 ne
1517 973 1613 1005 alios
1636 981 1764 1013 repre-

301 1024 478 1059 ·hendere
504 1027 542 1059 in
566 1027 690 1071 operis
717 1029 772 1060 sui
800 1029 980 1072 principio
1005 1031 1125 1063 videri
1151 1036 1301 1074 posset3
1344 1031 1410 1063 sed
1442 1031 1567 1074 potius
1592 1029 1763 1072 singulos

308 1084 565 1117 nominasset:
601 1096 681 1118 rem
707 1087 836 1130 utique
866 1087 972 1120 nobis
1000 1087 1155 1121 fecisset
1181 1089 1448 1131 gratissimam.
1500 1087 1610 1120 Nunc
1639 1088 1763 1120 conie-

309 1142 446 1175 ctando
481 1148 660 1188 quantum
695 1145 847 1188 assequi
881 1146 990 1185 licet,
1032 1145 1242 1178 adscribam
1278 1155 1407 1178 eorum
1449 1146 1619 1187 nomina,
1668 1156 1761 1190 quos

309 1201 461 1234 omnino
488 1202 524 1233 in
551 1200 711 1234 historia
734 1203 933 1235 scribenda
958 1207 1140 1248 sequutus
1164 1213 1251 1249 esse
1276 1203 1445 1237 videtur:
1470 1215 1563 1249 quos
1581 1205 1619 1236 in
1637 1205 1763 1249 singu-

306 1257 355 1291 lis
386 1258 557 1301 partibus
589 1266 763 1293 auctores
797 1258 991 1303 habuerit,
1033 1271 1116 1294 cum
1140 1261 1188 1294 ad
1216 1272 1281 1295 eas
1306 1266 1529 1305 perventum
1562 1263 1658 1304 erit,
1698 1272 1761 1298 an·

306 1317 460 1350 notabo.

399 1375 440 1407 ln
472 1373 706 1419 geographia
737 1376 888 1420 quidem
916 1377 1028 1410 Asiae
1064 1379 1103 1411 et
1135 1376 1311 1420 Europae
1341 1374 1650 1421 Agatharchidem
1677 1375 1761 1411 Cni-

308 1432 406 1466 dium
442 1438 480 1465 et
510 1432 774 1467 Artemidorum
804 1436 883 1479 ipse
916 1437 1118 1479 aliquoties
1154 1436 1302 1475 laudat,
1341 1436 1379 1468 in
1412 1440 1624 1479 temporum
1658 1439 1762 1469 nota-

307 1493 411 1525 tione
437 1491 695 1535 Apollodorum
716 1492 983 1526 Atheniensem
1012 1494 1054 1534 (l,
1078 1493 1144 1536 5.)‚
1168 1504 1305 1538 graves
1331 1496 1460 1538 utique
1487 1498 1525 1526 et
1548 1492 1761 1538 intelligen-

307 1554 367 1583 tes
391 1555 576 1585 auctores,
627 1551 683 1583 Ex
709 1551 771 1592 iis,
798 1552 859 1595 qui
884 1553 1164 1596 antiquissimas
1191 1561 1251 1584 res
1277 1553 1546 1595 perscripsere,
1572 1550 1760 1593 Cadmum,

307 1606 542 1649 Hecataeum,
574 1607 803 1641 Hellanicum
828 1614 863 1641 et
884 1608 923 1641 id
939 1620 1054 1654 genus
1081 1609 1170 1642 alios
1193 1608 1332 1652 priscos
1359 1611 1563 1653 scriptores
1587 1611 1666 1653 ipse
1696 1621 1758 1644 no-

306 1668 476 1701 minatim
498 1672 682 1700 memorat
705 1667 766 1707 (de
787 1666 884 1707 Nilo,
910 1667 936 1708 l,
964 1668 1057 1709 37.).
1088 1666 1318 1701 Hellanicmn
1343 1669 1378 1700 in
1406 1668 1676 1712 antiquissimis
1702 1678 1760 1701 re-

306 1726 377 1759 bus
406 1726 591 1759 Graeciae
615 1723 859 1766 adhibuerat,
899 1730 941 1758 ut
973 1726 1009 1758 in
1042 1725 1269 1768 Munychiae
1306 1727 1473 1769 origine,
1513 1725 1640 1758 vei-his
1677 1726 1758 1759 eius

306 1786 490 1828 appositis
518 1786 603 1826 (Fr.
628 1784 691 1816 lib.
715 1784 784 1824 Vl,
812 1794 843 1818 n.
870 1785 942 1825 7.);
979 1795 1048 1817 nec
1074 1789 1201 1817 tamen
1230 1784 1265 1816 in
1295 1795 1339 1817 eo
1367 1794 1409 1817 ac
1434 1783 1619 1816 similibus
1652 1793 1758 1826 prae*-

307 1845 451 1886 cipuam
479 1843 641 1888 aliquam
667 1852 806 1886 operae
833 1847 976 1885 partem
1007 1844 1176 1886 posuisse
1205 1843 1374 1883 videtur3
1417 1842 1447 1874 si
1483 1845 1586 1874 recte
1621 1841 1759 1882 iudico,

306 1911 379 1933 non
405 1902 506 1944 ipsos
532 1903 655 1935 fontes
683 1901 745 1933 ille
769 1901 880 1940 adiit,
925 1900 991 1933 sed
1018 1901 1218 1944 exscripsit
1244 1902 1368 1944 potius
1394 1911 1477 1941 eos,
1515 1901 1576 1944 qui
1604 1909 1649 1932 ex
1675 1900 1758 1931 istis

306 1957 485 1993 historias
510 1970 597 1991 suas
623 1956 934 2003 composuerant,
968 1959 1138 2001 inprimis
1168 1957 1426 1997 Anmristzcucnz
1457 1956 1760 2000 Lampsacenum,

308 2028 417 2062 quem
453 2019 532 2061 ipse
568 2022 697 2050 narrat
731 2017 842 2059 (XV,
871 2018 959 2060 89.)
1001 2027 1023 2049 a
1056 2017 1212 2050 deorum
1249 2022 1334 2050 ortu
1362 2021 1400 2050 et
1427 2015 1577 2048 humani
1604 2015 1758 2059 generis

305 2076 522 2118 primordiis
548 2087 723 2108 exorsum
750 2075 797 2108 ad
823 2074 1105 2118 Epaminondae
1137 2079 1295 2108 mortem
1329 2081 1367 2107 et
1391 2084 1551 2118 pugnam
1579 2073 1627 2105 ad
1653 2073 1758 2105 Man-

304 2135 445 2166 tineam
482 2133 676 2166 historiam
708 2133 933 2173 deduxisse3
979 2137 1055 2165 tum
1088 2131 1303 2176 Dionysium
1338 2130 1534 2171 Milesium,
1572 2141 1682 2174 quem
1718 2130 1758 2162 in

305 2192 495 2223 nonnullis
516 2191 657 2224 diserte
684 2191 883 2234 profitetur
906 2195 1121 2231 auctorem,
1150 2196 1191 2222 ut
1215 2190 1260 2223 de
1286 2190 1536 2223 Amazonibus
1565 2189 1645 2232 (111,
1672 2188 1754 2230 52.)

309 2254 346 2282 et
381 2250 427 2282 de
460 2248 610 2281 Baccho
636 2250 750 2293 (05.)
814 2249 889 2281 Sed
924 2248 969 2280 de
1005 2247 1061 2279 his
1097 2247 1195 2280 infra
1237 2249 1449 2281 accuratius
1494 2248 1566 2280 erit
1601 2247 1757 2280 traden-

306 2308 405 2340 dum.
462 2306 682 2339 Herodotum.
717 2308 919 2349 aliquoties
954 2305 1083 2337 laudat
1115 2306 1286 2346 nomine,
1334 2316 1418 2339 eum
1454 2306 1601 2338 curiose
1638 2303 1756 2335 multa

304 2366 518 2406 rescivisse,
547 2365 613 2398 sed
639 2368 894 2407 repugnantes
921 2365 1130 2395 sententias
1156 2363 1201 2396 de
1226 2363 1312 2396 Nilo
1335 2374 1418 2396 esse
1439 2364 1651 2407 amplexum
1673 2371 1756 2394 cen-

306 2429 365 2456 set
392 2423 437 2468 (l,
462 2422 526 2464 37,
550 2423 635 2465 38.)
665 2422 852 2466 Ephorum
878 2421 1008 2454 habuit
1033 2428 1223 2455 auctorem
1251 2423 1288 2454 in
1316 2422 1546 2466 temporibus
1571 2426 1657 2464 post
1678 2420 1755 2452 He-

303 2481 529 2514 raclidarum
558 2481 779 2513 descensum
815 2482 849 2512 in
881 2479 1202 2523 Peloponnesum,
1245 2490 1267 2512 a„
1293 2490 1364 2524 quo
1390 2480 1453 2512 ille
1478 2476 1660 2510 historiae
1686 2477 1754 2509 ini-

303 2540 394 2571 tium
417 2537 579 2579 fecerat3
609 2541 645 2570 in
664 2540 747 2571 aliis
767 2537 1018 2570 Callisthenem
1038 2543 1075 2570 et
1098 2539 1182 2582 [DS]
1209 2536 1485 2581 Theopompum,
1521 2535 1581 2580 qui
1602 2539 1753 2567 veteres

304 2595 455 2639 mythos
483 2598 689 2630 omiserant
712 2598 794 2638 (lv.
816 2601 891 2639 pr.)
921 2595 1135 2627 memorum
1160 2596 1256 2629 libro
1283 2601 1390 2629 sexto
1418 2594 1670 2635 exscripserat
1697 2592 1750 2635 (V.

302 2655 453 2697 Fragm.
479 2665 511 2697 p.
530 2653 649 2700 033.).
687 2654 760 2687 Sed
787 2655 948 2687 eundum
977 2659 1034 2686 cst
1060 2653 1108 2686 ad
1133 2655 1301 2699 singula3
1330 2653 1428 2698 quod
1449 2652 1519 2685 nisi
1536 2650 1751 2690 fecerimus,

302 2711 395 2745 nihil
420 2713 513 2744 satis
539 2716 640 2745 recte
667 2712 764 2744 tradi
791 2722 900 2755 posse
924 2712 1047 2745 video.

393 2772 482 2803 Cum
506 2780 567 2802 res
594 2779 615 2802 a
640 2780 785 2802 summa
812 2771 957 2813 origine
984 2774 1158 2813 repetere
1184 2769 1301 2803 vellet
1324 2767 1534 2808 Diodorus,
1566 2764 1604 2799 in
1628 2765 1751 2799 fronte

300 2825 386 2860 libri
420 2826 571 2872 mythos
602 2829 780 2872 persequi
812 2827 988 2863 instituit.
1045 2827 1149 2861 Nihil
1179 2828 1218 2861 in
1250 2826 1320 2862 hoc
1356 2826 1455 2872 quod
1488 2829 1592 2860 recte
1626 2833 1753 2878 repre·
