1859 3326
322 216 450 247 CXLII
631 211 915 244 OECONomA
932 250 935 251 ⁷
954 209 1222 244 IUSTORIAE
1251 211 1471 245 moDORI.

935 307 969 344 3.
1019 304 1167 343 ludia.

411 367 448 413 1)
474 365 655 411 Regionis
671 367 790 408 situs,
813 362 1051 408 magnitudo,
1079 368 1296 408 proventus.
1335 367 1423 412 Cap,
1440 367 1600 406 35—37.
1646 367 1682 413 2)
1708 367 1783 405 ΡΟ.

318 425 410 471 puli,
458 425 599 458 Omnes
618 427 704 457 sunt
723 423 938 466 indigenae.
975 421 1030 455 Ad
1059 420 1330 456 humanitatem
1354 428 1393 457 et
1416 427 1519 457 artes
1544 425 1683 458 exculti
1711 436 1779 469 per

319 481 509 517 Bacchum
536 486 574 515 et
596 481 812 515 Herculem.
863 478 945 512 Lex
965 480 1167 523 praecipua
1182 481 1424 524 aequalitatis
1443 483 1514 517 est.
1563 482 1606 515 In
1637 488 1781 527 septem

321 541 475 575 ordines
491 543 578 573 sunt
597 538 719 571 divisi.
761 538 850 580 Cap.
865 534 1027 573 38-41.
1078 536 1118 579 3)
1149 536 1342 571 Nonnulla
1360 538 1408 572 de
1431 537 1643 584 elephantis
1661 545 1700 574 et
1721 540 1785 574 ad—

319 607 503 632 venarum
522 596 654 631 tutela.
700 596 789 640 Cap.
810 594 869 634 42.

903 658 937 696 4.
985 658 1195 706 Scythae,

412 721 450 764 1)
483 718 776 763 Antiquissimae
794 716 978 752 historiae
1000 719 1196 761 particula.
1243 715 1371 751 Prima
1389 721 1428 751 et
1451 719 1589 764 exigua
1606 720 1718 754 sedes
1736 720 1784 755 ad

320 781 484 814 Araxen.
528 775 690 820 Scytha,
721 775 855 816 Palus,
888 774 1017 819 Napus
1045 780 1198 820 gentem
1230 776 1433 819 praecipue
1460 781 1648 810 auxerunt
1670 781 1708 810 et
1736 778 1784 811 ad

321 835 581 871 fortitudinem
598 833 857 865 instituerunt.
889 833 976 877 Cap.
992 832 1050 870 41.
1097 836 1134 878 2)
1162 833 1370 874 Anax-chia,
1397 838 1437 867 et
1458 844 1505 868 ex
1525 845 1571 868 ea
1590 834 1785 879 Gynaeco.

322 894 452 928 cratia.
497 893 728 925 Amazonum
747 899 863 933 gens,
896 900 1026 923 earum
1048 900 1192 931 mores,
1221 890 1420 934 disciplina
1443 890 1557 925 bella.
1598 892 1784 926 Hercules

321 962 386 985 eas
413 949 569 982 domuit.
614 947 755 981 Ultima
772 947 1003 983 Amazonum
1023 946 1288 990 Penthesilea,
1315 953 1484 992 tempore
1503 949 1594 986 belli
1614 950 1784 985 Troiani.

313 998 409 1053 cap.
426 1005 590 1043 42—46.

855 1069 887 1105 5.
934 1067 1240 1116 Hyperborei.

409 1128 551 1162 Eorum
569 1126 664 1161 situs
685 1137 732 1162 ex
751 1126 960 1164 Hecataeo.
999 1128 1117 1161 Celtis
1135 1128 1273 1162 obiecti
1294 1132 1415 1164 erant.
1447 1127 1598 1163 Latona
1615 1129 1668 1163 ihi
1686 1134 1788 1174 nata,

321 1196 480 1231 eamque
498 1185 544 1219 ob
564 1195 716 1218 causam
735 1185 944 1229 Apollinem
964 1186 1166 1230 praecipue
1182 1189 1426 1226 venerantur,
1470 1186 1648 1228 Graecis,
1674 1197 1783 1231 prae-

320 1245 452 1278 sertim
478 1239 836 1277 Atheniensibus'ac
855 1241 997 1284 Deliis,
1027 1242 1171 1280 favent.
1191 1257 1195 1261 ,
1217 1242 1421 1286 Imperium
1440 1253 1558 1288 penes
1575 1244 1784 1289 Boreadas,

319 1301 470 1336 Boreae
489 1299 726 1346 progeniem.
775 1299 864 1345 Cap.
881 1299 939 1337 47.
1761 1294 1763 1296 ’

349 1376 352 1377 ’
910 1369 943 1403 6.
990 1363 1181 1400 Arabes.

411 1423 538 1458 Pauca
566 1423 612 1457 de
639 1424 715 1457 situ
742 1424 1051 1468 praemittuntur.
1097 1424 1133 1465 1)
1168 1422 1356 1457 Nabataei
1381 1422 1551 1458 sterilem
1569 1428 1710 1459 terram
1731 1425 1785 1459 in-

319 1482 448 1518 colunt
472 1486 510 1515 et
534 1480 744 1515 latrociniis
771 1481 914 1514 vivunt.
961 1480 1078 1514 Petra
1104 1481 1265 1525 insignis
1292 1480 1539 1515 describitur.
1570 1483 1662 1516 item
1680 1483 1785 1517 lacus

316 1542 489 1576 bitumen
509 1537 732 1584 proferenS,
756 1538 978 1574 balsamum.
1022 1539 1111 1581 Cap.
1129 1536 1186 1575 48.
1233 1540 1272 1581 2)
1309 1537 1469 1572 Arabiae
1499 1538 1622 1573 felicis
1647 1551 1787 1575 memo-

317 1598 473 1634 rabilia:
504 1597 643 1639 stirpes
670 1595 879 1640 frugiferae
906 1599 945 1629 et
975 1594 1204 1630 odoriferae.
1240 1595 1328 1638 Cap.
1349 1594 1404 1632 49.
1449 1595 1589 1629 Aurum
1612 1607 1784 1640 apyrum.

318 1655 544 1691 Animalium
561 1663 706 1697 genera
727 1653 925 1687 nobiliora.
962 1653 1048 1695 Cap.
1064 1655 1120 1689 50.
1148 1654 1206 1687 51.
1251 1650 1418 1695 Lapides
1433 1654 1590 1696 pretiosi
1611 1663 1693 1686 cum
1712 1654 1784 1687 dis-

317 1714 515 1758 putatione
543 1710 590 1744 de
620 1721 751 1744 eorum
780 1710 1029 1755 generatione
1056 1714 1094 1742 et
1110 1709 1345 1752 proprietate
1370 1710 1530 1743 aliarum
1559 1720 1686 1743 rerum
1713 1713 1784 1747 ori.

320 1771 398 1803 enti
426 1768 692 1803 subiectarum.
737 1768 826 1812 Cap.
843 1770 898 1804 52.
924 1769 980 1804 53.
1027 1766 1064 1808 3)
1106 1766 1250 1800 Arabes
1277 1766 1467 1800 Scenitae.
1510 1768 1549 1812 4)
1584 1768 1784 1811 Agricolae

320 1832 359 1861 et
380 1830 633 1867 mercatores,
668 1829 708 1859 et
728 1825 861 1871 quibus
887 1824 1112 1857 animalibus
1131 1833 1259 1858 eorum
1276 1824 1384 1868 regio
1401 1828 1583 1868 praestat.
1624 1826 1713 1871 Cap.
1729 1826 1786 1863 54.

503 1895 538 1928 7.
583 1889 753 1924 Insula
778 1888 1029 1936 incognita
1054 1887 1098 1922 in
1128 1889 1248 1923 mari
1274 1888 1595 1924 meridionali.

410 1949 645 1994 Supererant
674 1949 739 1982 alii
769 1944 886 1982 Asiae
910 1946 1058 1992 populi,
1090 1951 1132 1980 ut
1150 1946 1292 1981 Persae
1314 1951 1391 1981 cet.
1411 1957 1566 1992 quorum
1586 1945 1785 1982 historiam

321 2007 432 2042 alteri
451 2007 577 2052 operis
594 2006 691 2050 parti
709 2005 901 2039 Diodorus
918 2004 1143 2038 servandam
1161 2004 1281 2039 duxit.
1319 2004 1395 2038 Sed
1414 2004 1462 2037 ad
1482 2004 1685 2048 mythicam
1703 2016 1786 2050 par-

316 2071 395 2099 tem
424 2066 617 2110 pertinere
641 2062 843 2096 videbatur
869 2061 1028 2096 Iambuli
1055 2060 1183 2094 fabula
1209 2061 1256 2094 de
1276 2060 1410 2094 insulis
1430 2061 1554 2095 beatis
1579 2062 1618 2094 in
1635 2062 1786 2096 Oceano

319 2121 560 2157 meridionali
576 2121 680 2161 sitis,
711 2119 844 2152 ultimo
861 2119 943 2153 loco
963 2118 1189 2152 adiicienda.
1237 2117 1275 2152 Is
1296 2128 1377 2151 cum
1397 2123 1635 2152 mercaturae
1657 2124 1696 2152 et
1717 2130 1787 2152 na-

317 2179 502 2224 vigationi
521 2186 675 2222 operam
693 2175 884 2216 dedisset,
919 2176 1040 2219 primo
1062 2175 1108 2208 ab
1125 2175 1330 2216 Arabibus,
1362 2174 1500 2208 deinde
1526 2175 1572 2208 ab
1596 2175 1787 2220 Aethiopi-

318 2235 390 2269 bus
416 2239 568 2279 captus,
601 2233 807 2267 secundum
833 2233 929 2265 ritus
949 2241 1078 2265 eorum
1101 2232 1202 2264 inter
1220 2231 1378 2265 devotos
1398 2241 1510 2265 verso
1528 2233 1566 2264 in
1589 2233 1788 2267 meridiem

320 2302 431 2325 cursu
455 2291 546 2323 navi
577 2290 617 2322 in
643 2289 875 2324 fortunatam
902 2288 1062 2322 insulam
1081 2288 1231 2321 delatus
1251 2293 1319 2323 est.
1375 2287 1548 2322 Peractis
1569 2288 1620 2322 ibi
1639 2293 1788 2333 septem

323 2350 433 2383 annis
457 2348 634 2381 dimissus
656 2347 799 2380 difficili
819 2347 957 2380 itinere
985 2345 1101 2379 rediit
1129 2345 1169 2378 in
1194 2343 1419 2386 Graeciam,
1454 2349 1493 2379 et
1510 2345 1557 2379 de
1573 2345 1643 2379 hac
1662 2346 1788 2381 insula

320 2407 511 2452 rebusque
530 2404 669 2438 Indicis
686 2404 804 2438 multa
822 2406 911 2437 ante
929 2402 1122 2446 incognita
1141 2401 1264 2435 literis
1280 2402 1486 2437 mandavit.
1519 2404 1610 2447 Cap.
1623 2406 1666 2440 55
1679 2423 1717 2429 -—
1730 2409 1788 2442 60.

321 2511 395 2551 111.
454 2509 787 2561 Aethiopum,
831 2506 1104 2555 Afrorum,
1143 2507 1468 2555 Amazonum,
1514 2507 1784 2546 Atlanteo-

480 2591 614 2626 rum,
646 2576 898 2624 historia,
937 2575 1073 2614 libro
1106 2575 1196 2615 III.
1232 2574 1624 2626 comprehensa.

410 2664 655 2710 Superiorum
669 2662 851 2696 librorum
867 2664 1095 2706 argumenta
1114 2672 1212 2696 nova
1233 2661 1482 2705 repetitione,
1514 2661 1683 2706 quamvis
1706 2663 1781 2695 tur-

319 2722 408 2756 bato
438 2723 591 2764 ordine,
626 2722 895 2765 proponuntur.
951 2719 1059 2753 Tunc
1084 2719 1132 2753 ad
1155 2718 1358 2764 Aethiopes
1381 2723 1420 2754 et
1445 2718 1612 2765 reliquos
1631 2717 1779 2764 Libyae

320 2780 478 2826 populos
496 2777 742 2825 progreditur
763 2775 981 2812 historicus.
1030 2777 1119 2822 Cap.
1140 2780 1172 2814 1.
