1859 3326
330 196 525 232 LXXVIII
945 193 1158 226 HEYNE

330 298 483 343 vulgari
515 295 637 337 fama,
669 304 719 329 an
752 303 801 328 ex
829 291 1071 327 sacerdotum
1097 291 1340 334 narratione,
1369 294 1408 326 et
1433 301 1482 326 ex
1504 292 1610 326 euius
1634 291 1787 336 collegii

330 357 530 400 opinione3
562 351 814 387 discernenda
847 360 993 394 quoque
1031 353 1224 393 tempora,
1260 360 1330 382 nee
1363 350 1578 394 antiquiora
1611 348 1785 382 habenda

333 414 470 449 eodem
494 413 578 445 loco
606 414 644 444 et
669 409 824 448 ordine,
846 417 918 451 quo
945 407 1178 448 recentiora3
1204 406 1407 439 discrimen
1433 416 1544 450 porro
1571 405 1784 439 faciendum

328 471 433 506 inter
470 459 536 511 da,
569 476 665 512 quae
700 465 765 497 uni
798 467 837 497 et
866 463 978 496 alteri
1012 462 1133 496 Nomo
1165 466 1204 496 et
1235 463 1319 495 urbi
1350 463 1388 495 in
1427 473 1531 496 more
1563 462 1691 496 habita
1720 467 1786 495 ant

330 531 489 564 narrata
511 526 629 559 fuisse
657 524 850 562 dicuntur,
875 520 921 553 ab
946 521 1011 561 iis,
1039 530 1135 563 quae
1160 521 1229 553 toti
1255 521 1447 563 Aegypto:
1473 520 1643 564 inprimis
1669 520 1785 554 omni-

331 598 382 622 no
405 583 616 620 dirimenda
651 591 717 621 ea,
751 588 847 623 quae
875 577 921 610 de
946 576 1142 610 Thebaide
1170 581 1209 610 et
1235 577 1282 610 de
1308 576 1490 610 inferiore
1513 579 1686 621 Aegypto
1711 581 1785 609 tra-

332 644 493 684 duntur3
524 642 672 674 restant
706 646 773 678 ea,
808 645 903 680 quae
939 645 996 668 exv
1022 636 1277 668 monumentis
1310 635 1473 679 antiquis
1498 634 1672 668 dicuntur
1699 643 1784 667 esse

329 703 475 747 petita,
508 706 603 742 quae
627 696 758 738 utique
784 693 964 737 pleraque
999 692 1047 725 ad
1072 690 1408 736 hieroglyphorum
1431 693 1786 735 interpretationem

329 760 513 797 redeunt,
551 754 656 787 cuius
685 752 892 784 auctoritas
926 760 1000 783 non
1032 749 1170 794 ubique
1205 759 1288 782 esse
1320 749 1472 782 videtur
1506 751 1599 782 satis
1642 751 1784 793 gravis,

328 816 501 862 inprimis
533 821 616 845 cum
646 810 867 854 plerumque
893 808 940 840 ad
969 812 1139 851 systema
1170 807 1396 850 religionum
1429 808 1609 852 cuiusque
1633 806 1786 850 collegii

330 875 432 909 facta
469 881 514 905 ea
552 871 618 910 sit;
659 877 732 911 qua
766 866 916 911 quidem
948 866 1010 897 via
1043 866 1125 908 ipsa
1150 863 1365 907 mythorum
1395 864 1566 897 doctrina
1591 865 1687 898 adeo
1713 863 1785 896 fuit

327 929 572 978 perturbata,
609 935 690 958 cum
716 935 749 959 v.
771 934 801 956 e.
836 924 1002 956 seriores
1028 923 1074 955 ad
1101 922 1239 955 isidem
1270 926 1308 955 et
1341 922 1530 955 Osiridem
1557 923 1682 954 omnia
1710 927 1785 954 tra·-

328 990 477 1025 herent.
525 985 620 1018 Sunt
650 986 779 1015 tamen
814 982 897 1025 ipsa
923 984 1186 1021 monumenta,
1228 979 1299 1013 hoc
1323 983 1381 1012 est
1425 980 1683 1013 aedificiorum
1711 980 1783 1012 rui-

329 1058 427 1088 nae,
463 1046 593 1088 signa,
623 1038 858 1084 anaglypha,
884 1039 1076 1081 picturae,
1102 1037 1280 1078 obelisci,
1307 1049 1373 1081 pro
1400 1036 1624 1081 argumente
1650 1037 1783 1069 multa-

326 1116 412 1141 rum
436 1111 585 1141 rerum,
617 1108 709 1143 quas
746 1100 919 1129 narratas
952 1096 1145 1136 videmus3
1180 1096 1315 1137 partim
1356 1106 1401 1128 ea
1436 1096 1511 1127 alia
1542 1105 1657 1138 super
1678 1095 1783 1137 inge-

330 1165 404 1198 niis
449 1159 634 1194 institutis
679 1159 717 1189 et
768 1153 1016 1198 religionibus
1052 1153 1325 1196 Aegyptiorum
1357 1152 1618 1196 suppeditant,
1662 1162 1782 1195 pauca.

328 1221 481 1267 quidem
516 1217 610 1250 satis
642 1213 859 1257 explorata,
894 1220 941 1244 ex
974 1210 1106 1258 quibust·
1137 1216 1265 1242 tamen
1307 1209 1485 1242 iudicium
1522 1209 1648 1243 facere
1679 1210 1782 1250 licet,

327 1286 484 1325 prorsus
510 1275 698 1308 diversam
723 1281 791 1314 per
806 1273 864 1302 tot
891 1271 1039 1301 aetates
1065 1266 1181 1300 fuisse
1208 1267 1335 1311 populi
1357 1267 1404 1300 ad
1423 1277 1571 1300 omnem
1589 1265 1782 1300 hominum

326 1335 550 1371 memoriam
575 1333 786 1364 memoratu
808 1327 911 1370 digni
939 1323 1151 1365 fortunam,
1173 1335 1243 1358 nce
1263 1325 1413 1358 litteras
1439 1325 1605 1365 easdem,
1633 1333 1704 1357 nee
1723 1335 1782 1358 re-

326 1395 512 1438 ligiones,
546 1399 616 1422 nec
649 1388 844 1425 instituta,
878 1393 947 1417 nec
975 1384 1134 1416 eundem
1167 1383 1316 1415 omnino
1343 1381 1588 1416 humanitatis
1611 1384 1781 1427 ingenio-

324 1460 485 1495 rumque
513 1448 652 1481 cultum
676 1455 744 1489 per
770 1443 895 1476 omnia
919 1441 1047 1474 secula
1072 1441 1294 1473 obtinuisse.

422 1508 455 1551 [l
473 1506 539 1549 19]
554 1505 630 1537 lam
647 1508 688 1537 ut
707 1502 755 1535 ad
766 1500 974 1533 Diodorum
992 1499 1159 1540 redeam,
1185 1509 1295 1542 quem
1316 1496 1494 1532 historias
1508 1498 1782 1542 Aegyptiorum

329 1578 378 1603 ex
397 1566 555 1600 Graecis
575 1562 740 1596 fontibus
770 1559 944 1592 hausisse
976 1557 1066 1597 dixi,
1101 1567 1181 1589 eum
1203 1558 1299 1589 iniis
1319 1556 1498 1600 pleraque
1533 1557 1579 1588 ad
1613 1557 1781 1590 Graecas

326 1615 502 1660 rationes>
523 1624 652 1654 essent
679 1618 840 1658 inflexa,
868 1617 907 1647 in
933 1625 977 1647 eo
1006 1617 1132 1647 tamen
1158 1615 1195 1646 in
1215 1614 1366 1646 diversa
1392 1614 1540 1646 abirent
1564 1615 1782 1657 scriptores,

327 1687 372 1716 ut
405 1682 469 1715 alii
508 1677 692 1723 mythice,
730 1675 795 1707 alii
828 1672 983 1717 physice
1021 1673 1272 1715 Aegyptiacas
1314 1670 1493 1704 historias
1536 1672 1782 1714 explicarent,

326 1740 393 1773 alii
423 1738 597 1782 politicas
625 1739 663 1768 et
688 1732 940 1777 pragmaticas
966 1731 1203 1762 narrationes
1228 1730 1492 1770 instituerent3
1516 1728 1707 1762 Diodorus
1733 1729 1783 1763 ad

327 1797 481 1841 singula
521 1794 602 1827 fere
645 1800 789 1836 genera
827 1788 1085 1820 narrationem
1128 1786 1174 1819 de
1212 1787 1410 1829 Aegyptiis
1457 1786 1781 1822 accommodatam

326 1855 478 1899 scriptis
515 1853 593 1885 suis
627 1848 887 1892 consignavit3
918 1845 1089 1889 inprimis
1122 1854 1213 1877 vero
1243 1844 1291 1876 ad
1323 1844 1496 1876 ultimum
1521 1854 1661 1887 genus,
1694 1854 1783 1887 pra-

325 1912 526 1960 gmaticum
553 1908 647 1942 illud
672 1907 794 1947 dicas,
818 1907 972 1936 narrata
996 1898 1195 1935 refinxisse
1223 1901 1537 1945 deprehenditur,
1570 1901 1681 1945 idque
1712 1912 1781 1945 pro

327 1980 467 2015 operae
505 1978 596 2001 suae
632 1965 810 2005 consilio,
848 1973 930 1995 cum
966 1961 1014 1993 ad
1047 1959 1250 1992 utilitatem
1285 1960 1384 1994 vitae
1411 1970 1559 1992 onmem
1583 1957 1782 1993 historiam

326 2029 503 2063 referret.
552 2026 608 2057 lta
636 2023 776 2056 factum
805 2025 882 2061 est,
915 2024 958 2052 ut
991 2018 1199 2062 Aegyptias
1225 2017 1404 2051 historias
1430 2027 1479 2051 ex
1506 2018 1602 2062 suis,
1629 2027 1705 2051 non
1733 2027 1782 2052 ex

323 2085 597 2130 Aegyptiorum
622 2080 836 2113 notionibus
861 2078 1067 2121 digereret.

420 2141 544 2174 Primo
571 2139 721 2183 quidem
745 2137 828 2170 loco
856 2136 902 2180 (l,
924 2138 939 2168 l
956 2135 986 2167 l.
1010 2133 1088 2177 12.)
1112 2133 1339 2166 sententiam
1373 2130 1420 2164 de
1446 2131 1596 2174 primis,
1626 2136 1783 2176 praeter

329 2199 519 2234 Osiridem
555 2202 593 2229 et
622 2195 779 2240 Isidem,
815 2194 977 2237 quinque
1021 2191 1292 2234 Aegyptiorum
1328 2188 1399 2220 diis
1444 2191 1641 2233 proponit,
1687 2202 1781 2235 quos

329 2269 421 2292 sane
458 2256 655 2301 physicum
686 2256 857 2297 systema
888 2250 1117 2282 constituere
1152 2246 1393 2280 manifestum
1428 2245 1482 2278 fit.
1539 2246 1655 2281 Modo
1684 2248 1781 2282 illud

327 2314 520 2349 Diodorus
555 2322 629 2345 non
659 2310 705 2343 ad
745 2309 893 2341 fabulas
926 2307 1092 2339 Graecas
1129 2314 1309 2338 revocare
1339 2304 1553 2337 maluisset:
1585 2315 1670 2337 nam
1697 2315 1783 2340 cum

329 2372 456 2407 Solem
482 2375 521 2404 et
546 2370 693 2402 Lunam
718 2368 756 2400 in
782 2365 932 2398 Osiride
960 2367 999 2398 et
1025 2363 1123 2397 lside
1150 2368 1253 2396 recte
1276 2363 1496 2403 invenisset,
1520 2361 1716 2396 aetherem
1740 2364 1781 2398 in

327 2431 478 2471 Iovem,
510 2429 638 2473 ignem
673 2427 711 2458 in
744 2424 972 2463 Vulcanum3
1006 2425 1149 2454 terram
1182 2421 1220 2452 in
1250 2419 1517 2461 Demeterem‚
1547 2419 1588 2453 τὸ
1612 2417 1718 2466 ὑγρὸν
1739 2421 1782 2454 in

330 2489 535 2526 Oceanum,
567 2482 608 2517 τὸ
627 2481 729 2529 ξηρὸν
757 2482 795 2514 in
823 2480 995 2514 Athenen
1025 2478 1292 2519 transformat3
1315 2487 1385 2510 nee
1409 2477 1501 2510 illud
1524 2477 1674 2521 quidem
1698 2488 1788 2511 nlo--

328 2550 417 2587 net,
449 2544 584 2588 quibus
606 2540 818 2575 nominibus
844 2538 889 2570 ab
913 2538 1112 2581 Aegyptiis
1147 2535 1242 2569 haee
1267 2536 1449 2578 insignita
1473 2534 1625 2568 fuerint.
1669 2538 1717 2568 At
1740 2536 1781 2568 in

330 2601 576 2646 sequentibus
597 2610 665 2632 seu
686 2597 890 2639 Diodorus,
916 2605 984 2631 seu
1009 2600 1053 2635 is,
1079 2603 1189 2639 quem
1219 2597 1399 2637 sequutus
1425 2595 1495 2632 est,
1520 2598 1664 2634 auctor,
1687 2593 1780 2626 alte-

329 2670 413 2693 rum
449 2659 660 2692 fabularum
696 2660 867 2700 systema
901 2655 945 2687 ab
973 2652 1288 2696 interpretatione
1318 2648 1528 2693 profectum
1554 2650 1780 2692 ingreditur,

329 2721 372 2750 ut
399 2717 448 2750 ad
480 2716 698 2749 historicam
731 2714 919 2747 rationem
954 2716 1110 2745 revocet
1142 2719 1208 2751 ea,
1241 2717 1336 2751 quae
1362 2713 1513 2740 veteres
1535 2710 1643 2739 erant
1663 2705 1780 2751 philo-

331 2774 479 2818 sophati
504 2784 573 2818 per
605 2771 857 2816 hieroglypha
890 2780 1004 2814 super
1038 2779 1164 2802 rerum
1199 2765 1518 2808 humanitatisque
1551 2764 1672 2797 cultus
1707 2766 1779 2797 ori-

330 2833 432 2877 gine.
476 2832 634 2878 ltaque,
654 2840 737 2864 cum
762 2828 861 2864 Solis
884 2838 1015 2863 cursus
1039 2837 1108 2874 per
1133 2824 1294 2863 Osiridis
1318 2823 1593 2870 profectionem
1617 2831 1684 2867 per
1705 2825 1780 2857 ter-
