1891 3310
638 182 1022 217 PRAEFATIO.
1453 192 1559 225 XXV

101 282 264 323 pretatio
301 281 354 314 ita
385 280 563 322 sordeat,
600 282 664 315 vel
693 292 851 321 novam,
886 285 925 316 et
958 280 1108 327 quidem
1142 292 1231 324 suo,
1273 284 1371 328 quod
1409 286 1559 331 dicitur,

102 336 228 371 Marte
256 339 512 378 elaboratam,
551 339 663 381 dare,
700 340 761 373 vel
788 340 833 372 ad
859 341 1023 383 priorem
1051 341 1216 381 reverti,
1261 346 1375 386 atque
1409 345 1462 379 ita
1495 358 1558 380 no-

102 400 218 428 stram
247 394 343 429 hanc
369 397 474 429 nobis
500 397 643 429 salvam
671 401 710 429 et
735 397 996 430 intaminatam
1023 397 1239 441 relinquere
1264 399 1446 437 iubemus.

195 452 303 485 Nunc
327 453 373 486 de
399 454 503 494 aliis,
542 464 638 496 quae
665 458 927 494 accesserunt,
963 464 1080 498 pauca
1107 455 1292 499 quaedam
1318 458 1557 505 subiungam,

101 507 399 552 Marginalibus,
437 511 586 555 quando
614 521 695 543 cum
723 522 818 543 novo
843 521 968 543 rerum
995 516 1188 555 gestarum
1214 523 1312 547 anno
1339 525 1473 550 novum
1501 529 1560 552 ca-

103 573 168 609 put
195 568 386 609 incoatur,
438 579 620 601 annorum
649 567 776 600 mundi
803 574 840 600 et
863 569 1126 611 Olympiadum
1152 572 1385 605 notationem
1414 574 1559 610 adieci:

103 628 144 656 ut
169 624 301 658 lectori
330 627 469 665 statim,
498 626 544 658 ad
571 636 667 670 quae
694 630 865 669 tempora
892 624 1027 658 referri
1052 626 1218 661 debeant
1237 629 1398 673 singula,
1421 642 1560 677 cogno-

103 691 210 714 scere
247 683 283 714 in
317 688 490 727 promptu
526 682 636 716 foret.
684 682 757 715 liic
790 687 915 715 autem
948 683 1203 717 ABRAHAMI
1232 685 1561 724 Rucnonci-:Rz

103 741 428 783 supputationem,
464 744 505 773 ut
536 741 807 778 certissimam,
841 749 923 772 cum
953 741 1110 774 eruditis
1137 747 1290 777 nostrae
1322 749 1561 788 tempestatis

102 795 317 830 hominibus
341 808 499 842 sequor:
533 798 599 830 scd
624 798 697 838 ita,
730 803 772 829 ut
797 797 948 830 interim
978 797 1243 844 Chronologiis
1267 802 1425 836 aliorum
1450 803 1563 848 bene,

103 854 149 886 do
176 853 246 886 hoc
272 855 399 887 studio
425 856 668 894 meritorum,
702 853 795 887 nihil
821 855 870 887 sit
894 854 1116 898 derogatum
1144 862 1210 890 aut
1235 858 1459 895 detractum.
1503 863 1559 896 Ad

106 911 265 944 eandem
293 912 477 956 applicavi
504 913 616 944 ctiam
644 922 791 953 rerum,
833 912 871 944 in
895 911 1043 955 duplice
1069 914 1115 947 ad
1142 916 1253 949 finem
1281 916 1558 964 Chronologiae

106 971 265 1003 strictim
293 974 578 1010 anwtatarnm,
622 970 767 1013 capite,
804 980 877 1003 una
910 981 991 1003 cum
1025 974 1310 1015 magistratibus
1342 975 1561 1014 Atheniens.

103 1027 433 1072 Romanorumque
472 1032 511 1060 et
543 1027 827 1071 Olympionicis.
885 1026 1005 1066 Quam
1036 1039 1210 1072 operam,
1254 1032 1369 1065 veluti
1404 1035 1562 1068 corolla-

103 1087 200 1120 rium
229 1097 302 1119 non
325 1094 668 1129 supervacaneum,
695 1085 784 1118 boni
810 1085 1004 1126 consules,
1030 1084 1300 1121 humanissime
1323 1090 1462 1133 lector,
1501 1104 1562 1128 eo-

105 1153 178 1188 que
205 1143 381 1176 damnum
412 1143 457 1175 ab
487 1144 625 1176 erratis
648 1141 859 1186 profectum
885 1143 1159 1186 compensabiS.
1205 1144 1374 1180 Graecus
1406 1149 1562 1195 insuper

104 1205 253 1242 textus,
294 1201 366 1234 etsi
398 1210 536 1245 magna
569 1200 756 1233 industria
790 1203 829 1233 et
862 1199 1092 1234 dexteritate
1125 1201 1298 1245 plurimis
1329 1205 1367 1238 in
1395 1205 1488 1240 locis
1513 1209 1561 1242 ab

103 1258 153 1290 ll.
179 1257 438 1290 STEPHANO
466 1257 688 1291 emendatus
713 1257 803 1290 fuit:
843 1267 916 1291 non
942 1258 1284 1294 minimam-tamen
1319 1267 1465 1306 partem
1499 1264 1563 1299 ha·

104 1315 240 1357 bebat,
267 1325 362 1360 quae
389 1319 555 1349 nostram
584 1314 707 1348 adhuc
731 1315 1099 1350 animadversionem
1122 1320 1351 1362 requireret.
1404 1323 1451 1355 At
1477 1333 1563 1356 nus-

106 1384 216 1417 quam
252 1374 423 1414 aliunde,
465 1377 729 1418 praeterquam
767 1374 1093 1415 ex'coniecturis,
1131 1377 1324 1418 remedia,
1360 1379 1462 1411 vitiis
1487 1380 1562 1413 illis

106 1431 341 1473 adhibenda,
376 1441 527 1464 sumere
553 1431 670 1463 licuit.
716 1431 806 1464 Ideo
840 1430 900 1464 hic
933 1432 1047 1466 etiam
1081 1433 1181 1477 quod
1214 1435 1368 1478 ingenio
1403 1436 1564 1471 facultas

105 1491 297 1533 permisit,
330 1488 507 1521 effectum
532 1487 632 1522 dedi.
676 1489 728 1522 Ac
753 1492 856 1522 certe
883 1487 1024 1523 vel‘hic
1047 1490 1175 1531 labor,
1204 1502 1313 1536 quam
1337 1504 1452 1537 saepe
1475 1493 1563 1529 hae-

105 1548 294 1580 sitandum
319 1546 454 1587 fuerit,
489 1556 598 1591 quam
623 1545 827 1579 difficulter
852 1557 945 1591 opus
970 1548 1299 1592 interpretationis
1322 1554 1566 1596 processerit,

106 1604 195 1638 mihi
223 1606 478 1639 testimonium
507 1603 732 1648 perhibebit.

200 1663 339 1707 Magno
363 1668 491 1696 tamen
517 1662 647 1696 labore
672 1672 743 1697 uec
767 1662 850 1695 sine
878 1661 1064 1696 molestiis
1086 1664 1235 1697 collecti
1264 1667 1303 1697 et
1327 1664 1365 1697 in
1393 1665 1565 1700 ordinem

107 1719 252 1753 redacti
279 1723 367 1752 sunt
393 1730 415 1752 a
440 1730 499 1753 me
525 1720 681 1761 indices,
709 1730 791 1752 cum
815 1718 1094 1763 phraseologia‚
1117 1731 1190 1766 qua
1207 1721 1378 1756 Graecae
1395 1721 1568 1766 Linguae

109 1778 322 1811 amantibus
357 1776 453 1810 hanc
487 1787 626 1810 navare
663 1787 837 1823 operam,
885 1782 927 1811 ut
957 1781 1112 1820 praeter
1142 1779 1396 1823 cognitionem
1427 1788 1567 1822 graece

109 1835 288 1880 loquendi
316 1834 536 1870 facultatem
571 1835 643 1867 sibi
677 1835 843 1878 aliquam
878 1838 1163 1878 compararent,
1205 1835 1376 1870 studiose
1410 1842 1567 1871 conatus

111 1903 205 1927 sum.

202 1950 260 1983 De
289 1951 506 1983 Eonocis
534 1949 604 1983 hoc
629 1949 765 1991 obiter,
803 1949 848 1989 ὡς
871 1951 907 1984 ἐν
931 1948 1136 1997 προσθήκης
1158 1952 1266 1995 μέρει,
1295 1950 1480 1994 significo,
1506 1960 1567 1985 me

111 2008 173 2041 diu
201 2018 338 2052 magno
362 2008 448 2042 illas
474 2007 665 2040 desiderio
695 2010 939 2051 expetivisse.
984 2007 1156 2041 'I‘andem
1182 2018 1286 2048 vero,
1323 2007 1391 2040 sed
1414 2007 1567 2041 diverso

110 2070 302 2110 tempore,
339 2067 484 2109 copiam
517 2064 648 2099 harum
682 2064 772 2098 mihi
808 2065 945 2099 factam
979 2076 1076 2099 esse.
1125 2063 1221 2098 Nam
1246 2075 1333 2109 pars
1363 2074 1410 2097 ex
1434 2064 1570 2098 ultima

110 2124 264 2157 Decade
298 2123 383 2156 libri
417 2122 574 2155 Diodori
608 2127 871 2166 excerptorum
905 2125 941 2156 in
968 2132 1102 2156 manus
1127 2127 1277 2155 nostras
1312 2122 1435 2163 venit,
1484 2132 1568 2155 cum

111 2178 290 2213 Pam-11
322 2179 613 2221 bibliothecam,
655 2191 765 2225 quam
794 2181 1021 2227 μυριόβιβ).ον
1055 2189 1129 2213 non
1160 2179 1303 2213 frustra
1335 2179 1569 2223 appellitant,

114 2236 205 2270 mihi
233 2237 387 2269 donavit
410 2239 711 2271 ABRAHAMUS
737 2239 1141 2278 DRENTWEDIUS,
1171 2239 1434 2279 Augustanus,
1468 2237 1572 2270 iuve-

114 2296 173 2328 nis
200 2296 365 2338 ingenio,
402 2295 636 2337 eruditione,
675 2297 811 2341 piaque
845 2295 1078 2329 humanitate
1112 2295 1284 2338 insignis.
1333 2294 1447 2326 Cuius
1481 2294 1571 2326 ami-

116 2364 199 2387 cam
226 2352 285 2385 hic
311 2354 538 2386 mentionem
565 2358 607 2385 ut
631 2354 815 2393 inseram,
853 2352 1010 2386 Gratiae
1036 2363 1095 2386 me
1119 2352 1344 2387 admonent:
1377 2360 1469 2395 quas
1497 2361 1570 2383 non

116 2413 240 2444 minus
268 2410 434 2444 fideliter
457 2411 558 2450 colit,
598 2421 707 2455 quam
735 2410 770 2446 S.
796 2409 1032 2456 Theologiae
1056 2410 1227 2455 Linguas
1254 2414 1293 2444 et
1316 2410 1426 2443 Artes
1457 2407 1574 2453 philo-

118 2469 292 2514 sophicas
318 2468 502 2500 industrie
526 2467 710 2511 adiungit.

208 2526 374 2559 Alteram
401 2524 536 2557 deinde
563 2530 729 2568 partem,
773 2525 956 2568 temporis
982 2524 1114 2558 ordine
1139 2528 1267 2558 tamen
1293 2523 1481 2567 priorem,
1527 2531 1574 2554 ex

119 2583 274 2616 Dccade
300 2583 434 2623 tertia,
469 2583 757 2615 communicavit
780 2593 925 2615 mecum
953 2592 972 2615 e
989 2581 1213 2615 Bbliotheca
1237 2591 1305 2614 sua
1330 2582 1386 2613 vir
1412 2581 1455 2614 cl.
1484 2581 1576 2622 opti-

120 2651 256 2685 meque
282 2640 328 2673 de
353 2639 523 2672 Graecae
537 2638 707 2682 Linguae
727 2640 861 2672 studiis
880 2649 1112 2683 promerens,
1138 2638 1294 2671 DAvio
1324 2637 1576 2671 [loncscflic.

121 2706 245 2729 mus.
292 2697 362 2737 Qui
386 2697 486 2729 inter
509 2697 582 2729 alia
608 2703 778 2730 veterum
800 2698 1031 2732 Graecorum
1056 2697 1207 2740 scripta,
1234 2703 1343 2738 quae,
1365 2704 1446 2728 cum
1470 2694 1575 2737 igno-

121 2756 268 2788 rantiae
294 2765 337 2787 ac
363 2754 563 2787 oblivionis
585 2754 767 2795 tenebris,
793 2756 942 2798 situque
965 2765 1009 2787 ac
1032 2754 1160 2786 blattis
1184 2751 1453 2789 conflictantia,
1478 2752 1579 2785 eruit

124 2817 235 2856 atque
263 2812 451 2852 emendat,
487 2815 525 2844 et
552 2822 633 2844 rum
661 2813 948 2856 eniptatissimo
974 2813 1043 2844 τῶν
1067 2809 1290 2855 φιλομούσων
1315 2807 1438 2843 fructu
1464 2807 1501 2841 in
1526 2807 1578 2842 lu-
