1891 3310
0 213 19 1149 .ff—w-mm*-
11 164 20 188 ᾼ,
11 79 21 86 Ι
11 0 23 37 Ι-

440 161 504 206 [N
532 160 646 201 un.
679 159 805 222 xvi.
836 158 968 205 cAr.
1000 161 1222 213 ιιι-14.
1503 164 1561 210 85

101 282 262 331 gustum
283 280 326 317 et
344 277 416 315 vix
435 275 562 315 stadio·
580 274 707 313 unius.
751 271 829 312 Sed
860 284 983 322 neque
1013 272 1053 314 id
1081 273 1174 315 satis
1203 271 1359 312 arridet.
1406 272 1562 313 Mallem

100 331 232 382 πολὺν
255 330 377 372 ἐποίει
396 325 539 384 φόνον·
562 329 604 369 ἓν
625 328 781 383 σταδίῳ
803 327 849 369 δὲ
867 328 935 368 καὶ
959 326 1081 382 ὀλίγῳ
1104 324 1352 380 διαστήματι
1369 335 1454 378 etc.‚
1483 333 1562 369 nisi

101 391 316 430 consultius
334 393 456 433 esset,
488 386 707 423 fideliorum
727 384 847 422 Codd.
865 399 973 435 opem
994 391 1228 434 exspectare.
1257 384 1391 424 WEss.

213 446 291 485 91.
328 444 397 485 15.
437 440 750 496 Ἐναπελείφθη
770 437 900 492 μόνος
928 442 986 494 τῷ
1023 436 1205 492 πλήθει]
1243 438 1407 477 Dubites
1432 448 1560 481 utrum

100 507 322 552 praeoptas,
369 498 442 536 hoc
473 511 522 536 an
564 494 861 551 ἓναπελὴφθη,
895 497 996 546 quod
1029 496 1161 546 Steph.
1194 499 1395 545 expressit.
1434 496 1560 545 Supra

100 559 143 597 L.
168 556 257 595 XV.
279 556 355 596 48.
386 553 427 594 οἱ
454 553 818 607 ἐναποληφθέντες
845 559 933 600 τοῖς
966 548 1185 603 πτώμασιν
1213 553 1399 590 conmode
1430 554 1560 593 sedem

99 616 198 653 tueri
221 617 403 662 possunt:
427 609 490 648 hie
511 624 596 648 cum
617 613 826 660 interprete
846 613 952 658 prius
972 611 1086 660 eligo.
1120 608 1258 648 WVESS.

213 670 289 709 92.
323 668 395 708 19.
438 668 539 714 Τοῖς
567 666 777 716 πολεμίοις
803 663 900 716 παρ’
940 663 1077 717 ὀλίγον
1106 660 1340 718 ὑποχείριος
1370 662 1557 717 ἐγένετο]

97 723 209 763 Haec
230 724 386 761 uberius
406 723 508 772 apud
526 722 627 760 Plut.
647 721 765 760 Dion.
794 735 831 773 p.
853 723 959 762 971.
980 720 1027 758 D.
1057 721 1192 759 WEss.

211 781 287 822 92.
312 780 387 820 43.
416 777 486 820 Ἐν
505 775 694 833 τοσούτῳ
724 776 770 818 δὲ
797 775 845 818 τὸ
880 775 1024 818 λοιπὸν
1044 776 1145 828 etc.]
1176 777 1440 828 Negliguntur
1459 775 1558 814 Dio-

97 839 161 877 nis
184 836 255 874 hae
281 842 384 873 artes
413 836 461 873 ab
487 836 600 884 aliis,
638 834 824 885 Dionysii
851 841 979 872 tamen
1005 834 1185 882 fraudes,
1222 834 1361 884 quibus
1386 836 1488 871 inter
1516 847 1556 870 se

96 892 202 931 Dion
227 899 266 930 et
291 891 530 943 Syracusani
556 891 691 928 collidi
718 892 844 939 coepti
863 898 976 937 sunt,
1005 903 1084 927 non
1112 890 1455 940 praetereuntibus.
1492 888 1558 927 ln-

97 951 203 1001 'spice
224 949 326 986 Plut.
346 946 464 987 Dion.
490 961 524 998 p·
548 949 657 987 972.
690 954 729 984 et
751 947 936 997 Polyaen.
956 946 999 984 L.
1022 947 1067 984 V.
1088 948 1131 986 2.
1158 949 1198 987 8.
1232 946 1370 984 Wess.

209 1007 284 1045 92.
314 1005 387 1045 57.
413 1004 537 1050 Ναῦς
557 1000 723 1055 μακρὰς
749 1000 906 1049 πολλὰς
927 998 1115 1054 ἔχοντες]
1157 1004 1263 1047 Quae
1284 1003 1468 1039 continuo
1495 1013 1558 1037 se-

96 1069 288 1111 quuntur,
336 1062 591 1111 praesentiam
620 1059 792 1112 negandi
820 1061 928 1099 vocis
958 1071 1039 1097 non
1071 1060 1224 1098 ferunt:
1261 1058 1353 1097 hine
1383 1070 1467 1096 eam
1494 1059 1558 1095 in·-

99 1118 205 1157 duxi.
230 1117 368 1154 Wnss.

210 1175 285 1215 92.
312 1173 388 1214 63.
422 1170 507 1212 Καὶ
527 1173 611 1212 τῶν
631 1167 789 1225 ταύτης
809 1168 1004 1226 ἀδελφῶν
1021 1169 1120 1222 eta]
1159 1171 1262 1209 Addi
1292 1171 1474 1208 debuerat
1490 1169 1559 1207 Pi·

96 1229 269 1278 tholaus,
296 1231 434 1279 quippe
452 1230 704 1267 consiliorum
724 1236 764 1265 et
783 1229 911 1267 caedis
931 1231 1135 1279 particeps.
1163 1227 1384 1278 Xenophon
1403 1226 1556 1264 Hellen.

96 1286 141 1324 L.
163 1286 231 1325 Vl.
256 1299 291 1336 p·
315 1287 436 1332 470„
465 1285 566 1322 Plut.
590 1292 692 1325 extr.
713 1285 844 1334 Pelop.
869 1288 973 1333 vita,
1001 1284 1136 1322 Conon
1155 1284 1269 1323 Narr.
1297 1285 1384 1330 50..
1421 1282 1556 1320 Cicero

95 1343 146 1381 'de
175 1342 285 1380 offic.
317 1342 361 1380 L.
393 1341 440 1378 11.
466 1343 506 1381 7.
545 1348 584 1379 et
610 1341 727 1381 ovid.
756 1341 814 1381 lb.
846 1356 889 1381 v.
909 1343 1017 1382 323.
1047 1341 1222 1379 ordinem
1251 1347 1425 1391 patratae
1451 1341 1556 1376 necis

98 1405 372 1448 exsequuntur.
398 1397 534 1435 Wssss.

210 1456 285 1494 93.
314 1456 388 1495 66.
419 1450 622 1506 ΖΙἸεγὰλης
651 1448 875 1507 ἐτύγχανον
902 1450 1140 1506 ἀποδοχῆς]
1179 1453 1304 1492 Erant
1332 1466 1352 1490 e
1384 1452 1556 1498 senibus,

92 1514 161 1561 qui
195 1510 355 1548 Theben
386 1510 653 1560 dignissimam
678 1512 907 1559 censebant,
940 1512 1002 1548 cui
1032 1513 1215 1559 templum
1243 1509 1494 1555 conderetur,
1520 1510 1556 1545 si

91 1568 236 1605 *Sel-ino
259 1567 355 1603 fides
376 1566 477 1615 apud
498 1566 550 1604 lo.
570 1565 679 1604 Stob.
702 1565 782 1604 Tit.
802 1566 886 1604 Vll.
906 1579 942 1615 p.
967 1568 1044 1607 91.
1086 1565 1166 1604 Sed
1186 1568 1254 1603 illa
1273 1568 1410 1603 marito
1432 1567 1556 1602 inter-

91 1625 198 1662 fecto
227 1624 390 1660 retinuit
422 1622 745 1669 dominationem,
776 1623 925 1660 adscito
955 1625 1111 1660 nomine
1151 1629 1266 1659 tenus
1293 1623 1414 1660 fratre
1443 1619 1556 1659 Tisi-

94 1680 245 1730 phono,
275 1680 392 1716 sicuti
410 1678 632 1728 Xenophon
652 1686 692 1716 et
709 1678 845 1716 Conon
865 1686 1068 1716 testantur.
1095 1678 1233 1716 VVE‘SS.

209 1737 284 1775 93.
317 1736 389 1775 70.
437 1732 489 1774 Οἳ
521 1732 566 1772 δ’)
592 1731 808 1773 Ἀλευάδαι
846 1730 1124 1787 καλοῦμενοι]
1169 1734 1257 1772 Vid.
1285 1733 1328 1770 L.
1354 1732 1441 1770 XV.
1478 1734 1551 1771 5’T'..

92 1791 370 1830 Demosthenis
398 1788 531 1826 Schol.
563 1793 690 1827 omnia
713 1792 790 1827 alia
817 1791 937 1827 refert
959 1790 1004 1827 (le
1029 1790 1234 1837 Aleuadis,
1260 1789 1553 1839 Philippumque

95 1854 231 1886 contra
251 1859 338 1892 eos,
366 1846 587 1896 tyrannidis
604 1847 820 1893 studiosos,
849 1860 871 1883 a
894 1845 1093 1884 Thessalis
1114 1847 1235 1884 fuisse
1257 1848 1404 1883 auxilio
1426 1858 1554 1882 arces-

94 1906 224 1950 situm,
252 1902 300 1939 ad
320 1901 480 1952 Olynth.
504 1901 533 1938 1.
553 1905 644 1950 p.8.
668 1908 708 1939 et
730 1902 780 1941 11.
801 1915 836 1951 p.
862 1903 947 1950 14„
981 1915 1127 1949 errans,
1153 1904 1212 1940 uti
1236 1904 1384 1952 opinor.
1413 1901 1550 1940 Wrss.

207 1959 282 1999 93.
311 1959 383 1998 76.
422 1957 748 2010 Κατεπολέμησε
776 1955 874 2005 τοὺς
903 1955 1161 2012 τυράννους]
1198 1956 1312 1998 conf.
1331 1957 1445 1995 huius
1462 1957 1555 1996 libri

91 2029 128 2054 c.
149 2016 221 2056 37.
251 2021 291 2051 et
311 2014 496 2064 Polyaen.
515 2013 634 2052 Str-at.
655 2014 699 2054 L.
721 2013 785 2051 IV.
805 2016 847 2054 2.
878 2016 951 2055 19.
979 2015 1115 2052 wass.

206 2071 281 2112 93.
310 2072 381 2112 82.
425 2067 514 2110 Τὸν
552 2069 895 2124 παραλειφθέντα
927 2066 1110 2121 πόλεμον
1136 2065 1322 2110 73πότοῦ
1360 2065 1552 2122 πατρὸς]

87 2127 198 2166 'Hinc
216 2127 317 2178 apud
345 2125 488 2163 Athen.
517 2126 562 2164 L.
580 2126 646 2166 Vl.
667 2127 713 2166 4.
740 2123 925 2179 ’Έφορος
943 2123 969 2178 ἢ
991 2122 1243 2181 Δημόφιλος
1261 2122 1281 2166 ὃ
1310 2123 1401 2173 υἱὸς
1421 2123 1552 2164 αὐτοῦ

92 2183 134 2224 ἓν
153 2186 203 2238 τῇ
223 2184 446 2236 τριακοστῇ
470 2184 553 2222 τῶν
575 2180 768 2237 ἱστοριῶν
784 2183 874 2236 περὶ
893 2184 970 2222 τοῦ
994 2182 1232 2236 ἒνΔελφοΐς
1256 2180 1379 2234 ἱεροῦ.
1410 2181 1554 2219 Caussa

87 2242 195 2279 enim
224 2252 292 2277 cur
325 2239 496 2286 dubitet,
535 2252 579 2280 ea
607 2246 687 2286 est,
730 2239 833 2287 quod
865 2239 1044 2288 Ephorus
1073 2239 1167 2277 belli
1208 2238 1321 2276 huius
1351 2238 1551 2276 historiam

89 2297 174 2334 filio
195 2295 466 2346 pertexendam
484 2297 700 2344 reliquerit.
740 2294 895 2332 Monuit
924 2297 1041 2333 etiam
1061 2295 1115 2333 Io.
1146 2295 1298 2332 Ionsius
1331 2295 1376 2331 de
1401 2294 1548 2341 Script.

91 2352 196 2390 Hist.
224 2351 326 2390 Phil.
352 2350 395 2389 L.
419 2350 448 2388 1.
467 2352 510 2391 9.
531 2354 573 2392 2.
588 2381 600 2401 ‚
633 2351 700 2389 sed
726 2350 946 2400 haesitans,
971 2358 1102 2402 utpote
1125 2350 1262 2389 horum
1283 2350 1449 2388 Diodori
1470 2361 1550 2387 non

84 2407 326 2446 reeordatus.
356 2406 496 2444 wass.

205 2465 280 2504 93.
310 2465 383 2503 87.
409 2460 510 2515 ’Έτη
540 2461 707 2510 ἕνδεκα]
749 2462 853 2502 Anni
885 2464 981 2501 bene
1012 2463 1231 2511 habebunt,
1271 2465 1303 2500 si
1326 2463 1417 2500 belli
1447 2461 1550 2499 sacri

91 2520 202 2558 initia
224 2521 265 2556 in
286 2519 387 2556 hunc
406 2532 547 2556 annum
567 2522 713 2557 referas
734 2534 819 2557 cum
842 2520 1008 2558 Pausan.
1034 2519 1080 2560 1..
1102 2519 1157 2558 X.
1174 2522 1218 2560 2.
1252 2519 1395 2557 Nostro
1418 2525 1548 2554 tamen

85 2577 196 2614 aliud
219 2578 345 2625 placet
369 2577 598 2625 principium
619 2590 650 2612 c.
671 2577 746 2615 23.
775 2576 907 2613 Wnss.

205 2633 281 2672 93.
312 2633 387 2671 90.
423 2631 510 2670 Καὶ
544 2630 823 2686 κατέστροφεν
852 2632 908 2679 εἷς
936 2628 1012 2685 τὴν
1042 2627 1279 2684 κατάληψιν
1307 2631 1382 2670 τοῦ
1407 2626 1545 2683 ἱεροῦ]

90 2686 236 2727 Eadem
255 2694 428 2724 extremo
450 2687 493 2726 L.
517 2687 623 2725 xlv.
653 2687 789 2725 Wsss.

206 2745 283 2785 93.
313 2745 388 2784 92·
436 2742 619 2790 Δι’ϋλλος
642 2740 683 2782 δ”
719 2739 740 2783 ὅ
767 2740 993 2796 Ἀθηναῖος
1010 2738 1111 2795 etc.]
1151 2738 1291 2793 Ἀνὴρ
1309 2738 1546 2792 Ἀθηναῖος,

93 2797 142 2839 οὐ
160 2802 245 2839 τῶν
264 2797 618 2852 παρημελημένον
636 2795 678 2839 ἓν
698 2795 861 2857 ἱστορίᾳ
879 2795 1077 2847 Δι’ϋλλος,
1098 2798 1199 2848 apud
1215 2799 1315 2835 Plut.
1339 2797 1384 2833 de
1402 2795 1546 2834 Herod.
