1891 3310
498 188 562 229 IN
591 188 622 228 1.
643 186 714 227 113.
743 187 874 230 XVI.
909 187 1035 231 CAP.
1072 191 1110 232 1.
1139 192 1183 232 2.
1474 196 1533 236 75

88 321 208 362 agens
227 316 371 354 xzvn„
405 303 559 343 Iustino
579 307 735 340 auctore
754 300 797 339 L.
821 300 891 340 IX.
918 304 957 343 8.
997 301 1131 352 Itaque
1158 316 1244 342 cum
1265 311 1374 354 pater
1390 306 1538 358 Amyn-

87 374 148 404 tas
176 379 279 404 anno
308 364 422 401 tertio
442 360 596 410 OlymP·
619 369 687 397 (311.
710 365 935 406 moreretur,
959 372 1103 397 annum
1123 362 1262 398 aetatis
1280 373 1374 400 xm.
1396 367 1539 415 attige-

86 430 161 462 rat.
211 420 288 458 Fac
316 421 392 457 iam
421 424 510 454 aute
541 416 636 463 duos
663 422 792 453 tresve
823 428 969 463 annos,
997 429 1120 467 neque
1139 419 1242 455 enim
1263 425 1411 467 tempus
1431 427 1538 458 certo

89 485 252 524 constat,
267 476 312 513 ob
325 476 527 513 adversam
539 473 638 510 bello
660 471 817 522 Illyrico
839 473 1034 509 fortunam
1056 486 1078 510 a
1098 480 1205 522 patre
1224 476 1439 513 victoribus
1457 490 1540 514 esse

89 535 288 580 traditum,
314 539 352 569 et
374 543 530 581 puerum
553 528 755 566 admodum
777 528 933 566 habebis
948 529 1167 579 Philippum
1194 537 1307 579 atque
1334 532 1383 568 ad
1411 531 1540 582 philo-

91 590 287 640 sophicam
314 588 645 638 Pythagoreorum
678 585 923 635 disciplinam
951 598 1019 634 per
1046 593 1212 625 aetatem
1239 590 1367 625 minus
1396 595 1538 638 aptum

91 647 202 686 Certe
233 641 358 700 φύσιν
385 642 453 682 καὶ
485 644 556 696 qm)
561 640 754 689 07102t‘ms‚
791 648 835 679 ut
856 644 1023 679 auctoris
1044 643 1163 681 verba
1192 656 1463 693 annumerem,
1494 645 1543 682 ad

93 704 221 742 studia
242 716 287 740 ea
308 701 484 739 conferre
505 712 549 735 eo
570 705 737 748 tempore
756 711 780 735 v
785 699 825 734 ix
846 701 1018 747 potuisse
1038 700 1205 738 videtur.
1243 699 1366 749 Adde,
1395 704 1435 739 in
1460 701 1543 739 Ma-

93 761 253 799 cedonia
272 770 362 796 mox
386 771 408 794 a
427 756 598 805 parentis
616 761 738 791 morte
757 754 975 804 Philippum
996 756 1118 793 fuisse
1139 763 1177 794 et
1195 771 1218 795 a
1239 764 1360 795 matre
1374 757 1545 807 Iphicra-

91 820 143 855 tis
162 816 336 868 genubus
356 813 574 858 admotum,
600 824 647 848 ex
666 810 845 848 Aeschin.
870 812 936 848 Or.
957 811 1048 863 περὶ
1069 813 1270 866 Παραπρ.
1290 827 1324 863 p.
1349 816 1421 855 31
1465 813 1544 852 Sed

93 874 243 911 dederit
265 885 350 909 eum
373 871 493 907 frater
513 868 753 915 Alexander,
782 875 895 918 atque
915 867 987 905 hoc
1006 871 1167 920 pignore
1186 871 1301 908 fidem
1323 871 1545 908 obstrinxe-

88 932 144 969 rit
161 928 370 974 Thebanis,
391 939 479 963 ecce
497 926 573 962 alia
595 924 838 961 inconmoda.
860 923 1033 975 Contigit
1054 939 1098 963 ea
1122 927 1270 965 obsidis
1291 928 1451 965 traditio
1472 941 1544 965 an-

90 1000 142 1025 no
163 986 316 1036 Olymp.
334 993 401 1020 cn.
422 983 478 1028 4.,
498 984 709 1030 aetatisque
722 980 887 1031 Ph111pp1
899 981 1031 1030 λης
1061 994 1135 1032 quo
1156 991 1325 1034 tempore
1344 987 1437 1035 quin
1458 984 1543 1034 phi-

90 1042 286 1092 losophiae
320 1040 518 1077 admoveri
550 1040 741 1086 potuerit,
772 1038 947 1087 equidem
975 1051 1054 1076 non
1085 1039 1230 1078 dubito.
1270 1040 1320 1079 At
1347 1044 1428 1078 eius
1446 1043 1543 1079 artis

93 1101 284 1140 aemulum
313 1104 351 1134 et
375 1095 680 1144 condiscipulum
708 1093 887 1132 habuisse
913 1095 1243 1145 Epaminondam,
1272 1100 1338 1147 qui
1360 1096 1540 1135 credam?

93 1156 189 1195 Erat
211 1162 293 1193 tum
315 1154 381 1190 ille
411 1152 523 1189 annis
554 1162 608 1188 xl.
640 1154 783 1198 maior,
810 1155 949 1201 quippe
969 1156 1110 1190 aetatis
1132 1164 1197 1190 xl..
1223 1155 1337 1192 rebus
1360 1155 1542 1206 gerendis

92 1215 308 1262 inpositus,
340 1215 441 1246 teste
469 1208 570 1246 Plut.
601 1206 648 1245 T.
671 1207 721 1246 11.
752 1220 788 1256 p.
814 1210 949 1249 1129.
971 1207 1011 1246 C.
1046 1209 1328 1260 Reportaverat
1358 1214 1433 1249 iam
1463 1217 1544 1248 tum

94 1271 264 1309 nobilem
282 1269 390 1307 illam
407 1265 647 1304 Leuctricam
664 1266 889 1313 victoriam,
920 1268 1036 1315 inque
1055 1281 1100 1304 eo
1122 1280 1208 1305 cum
1230 1270 1394 1306 maxime
1425 1281 1544 1305 occu-

94 1327 279 1377 pabatur,
305 1331 348 1361 ut
366 1336 501 1374 agrum
524 1321 757 1370 Spartanum
780 1324 1090 1373 populationibus
1113 1332 1246 1376 ageret
1263 1331 1301 1361 et
1320 1326 1451 1362 ferret.
1493 1324 1546 1361 Et

97 1397 183 1422 eum
210 1382 379 1419 dicemus
407 1380 515 1430 pueri
544 1379 715 1428 Philippi
748 1391 792 1415 ea
822 1386 1045 1429 tempestate
1073 1381 1193 1418 fuisse
1214 1379 1546 1430 condiscipulum?

95 1439 184 1478 Huc
206 1439 396 1488 adiunge,
425 1435 608 1486 Lysidem
627 1437 737 1473 illum
755 1434 1055 1488 Pythagoreum,
1081 1433 1321 1490 προστάτην
1339 1440 1415 1490 τῆς
1442 1435 1548 1490 ἄγω-

96 1498 172 1552 γῆς
195 1493 263 1534 καὶ
284 1491 470 1538 παιδείας
489 1492 782 1542 Epaminondae
806 1500 844 1529 et
861 1492 1049 1543 Philippi,
1068 1497 1126 1531 uti
1146 1497 1300 1542 volunt,
1310 1508 1413 1532 anno
1434 1506 1549 1543 quar-

98 1560 139 1591 to
161 1553 405 1603 Olymp.c11.
431 1551 533 1587 inter
551 1563 576 1587 v
581 1550 666 1587 ivos
687 1547 789 1587 haud
807 1549 941 1588 fuisse.
974 1550 1137 1588 Mortem
1159 1553 1307 1589 obierat
1336 1565 1380 1588 ea
1400 1557 1549 1599 tempe-

2 1606 11 1627 *
65 1642 70 1643 γ
98 1616 215 1656 state,
246 1621 321 1657 qua
340 1605 519 1643 Thebani
538 1607 692 1643 exsules
710 1606 930 1654 redierant,
963 1609 1230 1658 oppressisque
1252 1610 1398 1658 patriae
1420 1607 1551 1658 prodi-

96 1666 270 1713 toribus,
309 1663 454 1702 'lhebis
483 1663 701 1700 libertatem
731 1669 844 1712 atque
875 1660 1127 1715 αὐτονομίαν
1157 1667 1430 1711 restituerant,
1468 1667 1551 1701 sive

99 1735 202 1761 anno
223 1721 378 1772 Olymp.
398 1730 431 1756 c.
458 1721 500 1760 3.
542 1719 728 1770 Apertum
751 1718 824 1756 hoc
848 1732 896 1756 ex
914 1721 1008 1769 illis,
1040 1732 1136 1769 quae
1162 1719 1345 1758 Theanor
1365 1725 1551 1757 memorat

100 1779 201 1829 apud
222 1778 323 1815 Plut.
356 1777 402 1814 de
425 1775 578 1813 Socrat.
604 1775 702 1812 Gen.
731 1787 766 1824 p.
791 1776 896 1816 584.
939 1777 1024 1821 Qua
1052 1790 1144 1828 ergo
1172 1779 1322 1815 ratione
1349 1777 1551 1826 Philippus

99 1835 234 1885 Lysim
269 1837 388 1871 istum
417 1831 749 1883 Pythagoreorum
785 1845 926 1870 arcana
954 1834 1209 1883 explicantem
1238 1833 1372 1871 audire
1399 1830 1551 1884 potuit?

101 1891 292 1939 Equidem
317 1891 399 1928 sive
418 1902 440 1926 a
459 1895 566 1939 patre
589 1888 779 1939 Amynta,
808 1891 891 1927 sive
915 1890 961 1927 ab
983 1890 1206 1928 Alexandro
1237 1891 1362 1928 fratre
1406 1890 1552 1927 obsidis

103 1950 189 1987 loco
217 1946 414 1984 Thebanis
445 1947 673 1996 permissum
703 1945 926 1993 arbitreris,
963 1947 1081 1983 sicuti
1113 1953 1202 1985 ante
1233 1960 1317 1984 sum
1345 1947 1555 1996 professuS,

103 2003 196 2042 hinc
217 2017 276 2040 me
297 2015 376 2040 non
401 2004 563 2041 extrico.
607 2001 685 2038 Sed
706 2001 869 2039 necdum
889 2003 992 2040 finis.
1032 2003 1179 2041 Auctor
1199 2003 1305 2051 dicit,
1334 2003 1557 2052 Philippum

105 2063 260 2112 cognita
277 2061 411 2098 fratris
432 2059 547 2097 caede
574 2070 622 2096 ex
643 2058 818 2096 custodia
838 2058 1023 2097 Thebana
1043 2062 1213 2110 elapsum
1230 2062 1345 2112 regui
1364 2073 1494 2097 curam
1515 2062 1558 2096 in

104 2132 144 2156 se
167 2118 435 2154 transtulisse:
476 2123 515 2152 at
535 2113 771 2166 Speusippus
793 2116 893 2166 apud
913 2116 1051 2154 Athen.
1075 2116 1201 2155 L.XI.
1222 2130 1257 2167 p.
1273 2118 1378 2158 506.
1397 2115 1441 2154 F.
1468 2117 1559 2161 Pla-

103 2182 234 2214 tonem
255 2173 430 2223 perhibet
448 2172 496 2209 ad
518 2171 744 2210 Perdiccam
765 2174 963 2224 ablegasse
980 2173 1225 2224 Euphraeum
1252 2174 1413 2222 Oritem,
1439 2186 1560 2210 unum

106 2245 126 2270 e
148 2231 361 2284 discipulis,
389 2230 456 2278 qui
478 2231 567 2280 regi
584 2232 819 2277 persuaserit
846 2228 1095 2296 ἀπομερίσαι
1123 2228 1216 2270 τινὰ
1240 2226 1385 2284 χώραν
1413 2228 1561 2269 Φιλίπ-

53 2309 56 2312 <
105 2303 182 2328 πω.
218 2284 452 2340 ὁιατρέφωι
484 2283 525 2324 δ’
562 2284 750 2325 ἒιταῦθα
782 2281 978 2338 δύναμιν,
1012 2282 1067 2334 ὡς
1095 2284 1279 2328 ἀπέθανε
1309 2285 1561 2340 Περδίκκας,

106 2342 149 2392 ἐξ
170 2340 336 2394 ἕτοιμου
364 2344 440 2394 τῆς
460 2336 712 2392 ὃυνοέ,ιι.εωςς
691 2339 980 2395 υπαρχοὺσης,
1009 2341 1173 2383 ἐπέπεσε
1195 2340 1446 2397 (Φίλιππος)
1475 2346 1563 2388 τοῖς

106 2397 209 2452 norst)
211 2411 333 2450 μασι.
361 2398 453 2437 Fuit
470 2399 630 2449 proinde
646 2398 877 2450 Philippus
867 2414 907 2437 in
920 2400 1148 2438 Macedonia
1168 2402 1238 2438 sub
1256 2408 1405 2449 tempus
1426 2399 1562 2436 mortis

106 2458 330 2503 fraternae,
369 2467 512 2503 suaque
540 2456 582 2492 in
604 2456 786 2506 regione,
819 2468 932 2506 quam
951 2458 1154 2495 Perdiccas
1185 2456 1363 2508 precibus
1385 2456 1562 2493 Platonis

100 2519 352 2564 ‘expugnatus
374 2511 622 2559 condonaret,
638 2515 849 2552 exercitum
870 2514 1009 2551 alebat.
1035 2514 1260 2562 Enimvero,
1279 2521 1321 2551 ut
1345 2515 1476 2561 paucis
1495 2512 1563 2548 de·-

46 2575 50 2578 '
109 2571 276 2624 fungar,
317 2567 419 2605 haud
455 2571 689 2605 inconcinne
719 2582 843 2618 neque
872 2571 1124 2620 inprudenter
1154 2570 1415 2621 superioribus
1442 2567 1566 2606 Athe-

109 2639 236 2666 naeus
242 2625 445 2721 adstruit,
476 2627 599 2664 τοῖτο
634 2622 674 2664 ‹)’
709 2623 819 2681 εἴπερ
850 2625 983 2674 ου’τως
1012 2624 1215 2680 ἀληθείας
1245 2624 1344 2679 ἔχει,
1385 2622 1486 2672 θεὸς
1517 2620 1567 2663 ἂν

113 2682 235 2735 εἰδείη
339 2691 406 2717 rss

213 2698 301 2779 η82.
336 2738 408 2778 73.
439 2737 705 2788 Πτολεμαῖος
725 2732 746 2777 ὅ
761 2734 1012 2792 Ἀ’7ωριτης]
1044 2739 1199 2788 Modus,
1228 2753 1303 2790 quo
1325 2739 1568 2777 Ptolemaeus

112 2796 181 2834 ille
202 2795 370 2833 Alorites
390 2793 655 2831 Alexandrum
675 2796 840 2843 occidit,
873 2797 1014 2848 dignus
1035 2804 1118 2834 erat
1138 2797 1352 2835 recenseri.
1392 2807 1479 2831 eum
1498 2806 1571 2830 nos

119 2852 232 2891 docet
241 2850 463 2890 Athenaeus
475 2850 518 2891 L.
531 2849 639 2892 XlV.
654 2852 694 2893 7.
712 2849 794 2890 Sub
807 2855 932 2904 specie
956 2855 1177 2893 saltationis
1188 2852 1384 2892 cuiusdam
1393 2849 1575 2890 Macedo-
