1859 3326
349 189 446 231 220
808 180 1334 238 ANNQTATmNEs

349 305 393 341 in
411 299 684 352 Xenophontis
701 295 842 351 Ἀναβ.
863 299 908 341 L.
930 298 960 341 1.
978 312 1014 352 p.
1038 298 1141 342 196.
1169 298 1228 356 μὴ
1250 298 1504 355 θαυμάζετε,
1534 298 1598 352 ὅτι
1611 305 1805 356 χαλεπῶς

351 357 445 412 φέρι
495 363 582 404 τοῖς
616 359 795 412 παροῦσι
823 352 1047 410 πράγμασι·
1086 364 1198 407 atque
1229 361 1283 397 ita
1311 360 1411 411 apud
1449 373 1535 399 eum
1566 363 1804 409 scriptorem,

348 415 450 454 l'aus
475 417 581 452 niam
603 422 641 455 et
662 413 864 464 losephuin
882 426 1163 464 saepenumero.
1203 410 1291 455 Ἐπὶ
1311 421 1399 464 τοῖς
1428 411 1630 462 τοιούτοις
1649 413 1804 469 ἀνάγκη

350 471 435 511 ἐστὶ
454 472 647 522 χαλεπῶς
666 468 803 523 φέρειν
823 469 953 507 isaeus
970 471 1092 519 princ.
1113 469 1221 511 Orat.
1241 471 1287 509 de
1307 470 1456 512 Cimon.
1473 471 1648 513 Hei-edit.
1669 479 1707 512 et
1725 473 1808 513 No-

350 535 429 566 ster
450 527 493 565 L.
514 527 622 564 le.
645 527 718 567 (il.
740 533 810 563 etc.
837 525 971 563 Wnss.
1808 576 1811 577 γ

463 585 570 625 248.
602 584 643 623 9.
680 580 772 621 'En'
806 578 1006 635 ἄρχοντος
1028 579 1070 621 δ’
1097 577 1316 637 Ἀθῆνῃσι
1347 580 1606 631 Σωσικλέους
1622 584 1721 638 etc.]
1759 584 1806 624 In

351 640 411 679 his
439 641 622 677 audaciae
651 640 840 688 specimen
871 637 1050 688 adparet,
1082 649 1156 687 qua
1183 641 1246 678 usi
1265 646 1356 677 sunt
1382 643 1424 678 in
1446 642 1621 692 augenda
1641 641 1807 680 Diodori

348 696 589 734 Bibliotheca
606 695 903 733 confidentiores
923 695 1083 732 librarii.
1114 694 1335 733 obtrudunt
1356 697 1467 734 nohis
1480 698 1717 737 Archontem
1735 698 1806 735 At-

350 755 491 800 ticum,
522 765 710 801 nusquam
733 753 896 798 lectum,
924 752 1141 801 iterantque
1164 754 1407 790 consulatum
1437 753 1480 792 L.
1504 753 1675 801 Cornelii
1703 754 1806 792 Len-

348 811 421 847 tuli
448 816 486 847 et
525 811 572 853 Q.
599 808 779 859 Publilii,
817 819 891 857 quo
920 810 1093 857 superior
1123 821 1248 846 annus
1287 822 1357 846 suo
1394 809 1477 847 iure
1512 812 1680 862 insignis
1711 817 1804 850 erat.

349 864 532 903 Caussam
553 864 781 912 habuerunt,
806 863 905 913 quod
928 866 1070 913 alioqui
1084 863 1238 915 Olymp.
1255 876 1372 905 exul.
1395 872 1702 914 praetermorem
1724 873 1805 905 tres

349 922 538 964 duntaxat
549 920 764 959 Archontes
787 920 964 958 habitura
985 928 1097 961 esset.
1127 920 1178 958 At
1196 923 1359 960 nimium
1379 922 1531 960 sedulos
1551 922 1715 961 Criticos
1737 925 1806 961 in-

348 980 475 1030 signis,
496 977 622 1016 hiatus
636 977 738 1027 fugit
753 979 793 1014 in
811 989 917 1026 capp.
942 978 1014 1018 83.
1034 984 1072 1015 et
1086 978 1173 1023 84,
1203 979 1268 1016 ubi
1288 992 1466 1028 magnam
1486 986 1633 1029 partem
1652 993 1696 1017 ea
1711 980 1805 1018 defi-

349 1037 478 1082 ciunt,
509 1046 603 1084 quae
625 1032 848 1083 Hegemone
868 1033 1062 1071 Archonte
1089 1040 1128 1071 et
1148 1032 1254 1072 Coss.
1276 1033 1320 1072 L.
1341 1035 1506 1073 Aemilio
1528 1043 1567 1074 et
1586 1034 1626 1073 C.
1649 1035 1805 1076 Plautio

348 1090 522 1128 Deciano
543 1091 811 1128 administrata
829 1091 998 1131 fuerunt.
1029 1092 1153 1134 Quam
1172 1091 1324 1139 quidem
1344 1091 1532 1130 iacturam
1555 1093 1590 1129 si
1609 1099 1676 1129 aut
1697 1099 1806 1130 vete-

348 1160 411 1186 res
432 1149 491 1185 illi
510 1155 575 1185 aut
593 1147 829 1185 recentiores
850 1146 899 1184 ad
926 1149 1094 1185 animum
1115 1153 1387 1196 revocassent,
1416 1159 1613 1196 nunquam
1631 1149 1805 1198 profecto

348 1204 514 1242 absurda
530 1203 624 1240 haec
645 1205 770 1242 invito
790 1204 1046 1254 ingessissent
1065 1204 1271 1252 scriptori,
1298 1215 1420 1252 neque
1441 1217 1596 1252 operam
1616 1204 1806 1254 perdidis-

344 1267 437 1310 sent
454 1263 496 1299 in
515 1259 686 1299 Diodoro
708 1273 795 1296 cum
813 1262 950 1298 ceteris
967 1272 1095 1298 rerum
1114 1259 1326 1300 Alexandri
1348 1261 1571 1298 auctoribus
1591 1262 1805 1299 concilian-

350 1317 411 1356 do.
454 1316 561 1367 Opus
593 1319 695 1354 enim
716 1317 817 1354 falce
850 1315 914 1353 hic
942 1323 1001 1353 est
1027 1318 1185 1363 critica,
1225 1316 1513 1367 ablegandaque
1539 1319 1668 1354 omnia
1697 1324 1803 1366 sunt,

346 1373 450 1412 unde
470 1375 612 1412 malum
631 1372 765 1422 pedem
784 1374 1019 1419 intulerunt,
1047 1372 1198 1410 deserta
1218 1374 1504 1411 conciliationis
1524 1375 1601 1412 via.
1628 1372 1726 1411 Vide
1746 1381 1805 1412 ta-

347 1443 439 1472 men
467 1430 520 1468 10.
551 1429 764 1468 Meursium
796 1429 841 1466 de
867 1428 1053 1466 Archont.
1082 1429 1125 1467 L.
1147 1427 1213 1468 IV.
1238 1430 1309 1470 14.
1345 1435 1384 1467 et
1411 1428 1462 1469 H.
1483 1428 1730 1468 Dodwellum
1757 1431 1802 1466 de

339 1486 452 1537 *CycL
470 1500 508 1538 p,
533 1487 638 1527 730.
674 1485 909 1524 Chremetem
926 1484 1088 1523 Diodori
1105 1484 1338 1523 Archontem
1359 1492 1398 1524 et
1419 1484 1683 1537 Hegemonem
1709 1485 1804 1523 Dio-

346 1545 464 1594 nysii,
493 1542 680 1592 huiusque
699 1541 935 1579 Chremetem
955 1548 992 1578 et
1003 1541 1137 1579 Nostri
1162 1543 1367 1589 Anticlcm,
1391 1549 1471 1580 tum
1492 1543 1686 1580 Anticlem
1706 1542 1803 1580 Diu-

345 1601 452 1650 nysii
476 1603 517 1637 in
540 1597 739 1636 Dinarcbo
768 1611 805 1647 p.
835 1600 936 1641 116.
965 1605 1003 1635 et
1030 1600 1222 1645 intrusum
1243 1600 1353 1637 illum
1384 1597 1574 1638 Sosiclem
1597 1601 1700 1637 inter
1720 1613 1803 1636 sese

346 1657 476 1695 labore
495 1657 715 1694 frustraneo
735 1655 1021 1692 contendentes.
1051 1655 1191 1692 XVESS.

461 1714 569 1754 243.
599 1713 669 1755 17.
706 1709 766 1753 «Oi
795 1710 1005 1751 Χαλδαῖοι
1033 1706 1307 1765 καλούμενοι]
1345 1709 1459 1750 conf.
1485 1709 1530 1751 L.
1561 1710 1612 1750 Π,
1630 1712 1709 1753 29.
1729 1719 1803 1749 etc.

344 1768 480 1809 Wrzss.

460 1826 571 1870 248,
593 1825 669 1866 27.
704 1821 793 1865 Tor
811 1822 1104 1879 καθῃρημένον
1127 1844 1177 1854 —-
1195 1824 1270 1863 τοῦ
1289 1819 1431 1876 Βήλου
1452 1818 1607 1876 τάφον]
1635 1822 1803 1870 Xerxes,

347 1895 397 1922 ex
423 1883 573 1921 infelici
599 1885 641 1919 in
677 1880 847 1919 Graecos
875 1882 1117 1931 expeditione
1145 1881 1294 1930 redux,
1327 1887 1540 1929 everterat,
1575 1883 1608 1917 si
1636 1880 1801 1917 Arriano

343 1940 440 1978 fides
474 1938 518 1979 L.
549 1938 632 1976 VH.
669 1940 761 1985 17„
799 1939 840 1976 id
871 1945 1066 1988 praeterea
1096 1938 1335 1986 adstruenti,
1376 1937 1558 1973 metuisse
1589 1934 1802 1973 Chaldaeos

345 2009 395 2034 ne
416 1995 636 2033 Alexander
656 1995 696 2031 id
729 1994 814 2045 Beli
833 2001 1120 2032 monumentum
1147 1994 1390 2031 instauraret.
1428 1992 1515 2031 Vid.
1545 1992 1591 2029 de
1611 2006 1656 2030 eo
1686 2005 1803 2041 supra

344 2052 389 2090 L.
414 2052 461 2090 11.
481 2053 521 2092 9.
545 2058 583 2088 et
601 2051 647 2087 de
669 2050 895 2100 Babyloniis
923 2064 946 2088 a
966 2050 1101 2090 Xerxe
1119 2051 1162 2088 in
1180 2049 1356 2089 ordinem
1384 2048 1549 2088 redactis
1567 2048 1672 2089 Plut.
1697 2049 1801 2101 Apo-

345 2108 543 2159 phthcgm.
570 2119 607 2156 p.
635 2109 738 2148 173.
764 2107 904 2144 Wssss.

454 2165 562 2204 248.
594 2164 669 2203 32.
701 2159 877 2216 Νεάρχῳ
899 2158 943 2202 δ’
964 2157 1022 2202 ἑνὶ
1042 2163 1126 2203 τῶν
1147 2156 1243 2213 etc]
1274 2160 1384 2199 Nihil
1400 2173 1560 2198 caussae
1579 2158 1708 2209 video,
1733 2173 1802 2198 cur

346 2220 394 2260 ab
418 2220 490 2258 hac
519 2222 709 2268 scriptura
741 2220 974 2256 discedatur.
1018 2218 1240 2256 Nearchum
1271 2217 1482 2255 Chaldaeos
1518 2230 1632 2265 super
1659 2218 1727 2253 ilia
1758 2230 1800 2254 re

344 2278 595 2323 convenisse,
629 2275 845 2313 adscribere
867 2274 969 2312 haud
993 2277 1166 2326 neglexit
1191 2275 1292 2312 Plut.
1326 2274 1436 2314 Alex.
1470 2286 1507 2323 p.
1528 2273 1635 2312 703.
1659 2272 1798 2312 ῊῙΕεεε.

458 2333 566 2374 249.
594 2332 670 2371 43,
707 2329 759 2372 Οἳ
779 2331 871 2383 περὶ
891 2329 964 2371 τὸν
983 2326 1269 2382 ’Λνάξαρχον]
1303 2328 1472 2366 Dederat
1500 2329 1800 2381 Interpresplti»

345 2390 499 2442 losoplii
515 2389 790 2437 Anaxagorae
816 2389 1004 2437 dogmata
1025 2389 1222 2438 conplexi,
1250 2388 1358 2423 nulla
1375 2388 1570 2424 versionis
1589 2386 1719 2423 addita
1737 2400 1799 2423 ra-

345 2450 463 2486 tione.
490 2445 649 2482 Factum
669 2444 959 2494 imprudentius,
989 2444 1090 2491 quod
1111 2443 1286 2492 equidem
1309 2441 1522 2480 emendavi.
1550 2441 1801 2480 Anaxarchus

347 2510 386 2541 et
405 2503 581 2551 quicum
610 2513 655 2538 eo
687 2507 797 2538 erant
824 2499 1063 2551 philosophi,
1091 2502 1168 2537 nisi
1196 2505 1238 2536 tu
1271 2500 1395 2536 solum
1419 2500 1621 2544 malueris,
1649 2500 1799 2535 intelli-

344 2567 504 2612 guntur.
532 2558 707 2605 Namque
727 2570 813 2594 eum
833 2556 1056 2593 Alexandro
1073 2558 1114 2593 in
1129 2556 1301 2593 Orientis
1320 2558 1498 2606 regiones
1518 2556 1697 2591 comitem
1716 2567 1799 2591 sese

347 2616 566 2660 addidisse,
596 2614 770 2650 dubitare
792 2619 927 2650 vetant
947 2611 1142 2663 Diogenes
1167 2612 1342 2649 Laertius
1361 2611 1402 2648 L.
1425 2609 1497 2647 IX.
1521 2612 1593 2658 58.
1621 2617 1660 2647 et
1682 2609 1797 2647 Iusti-

346 2683 420 2710 nus
440 2672 484 2710 L.
507 2669 596 2707 ΧΠ.
622 2671 691 2710 13.
704 2697 716 2716 ‚
746 2672 811 2717 qui
830 2668 962 2706 eadem
983 2670 1111 2705 onmia
1129 2668 1175 2705 de
1195 2666 1437 2705 Anaxarcho.
1462 2665 1600 2703 wass.

463 2728 570 2768 249.
604 2725 680 2767 48.
709 2725 794 2764 Καὶ
818 2728 905 2771 τοῖς
930 2745 978 2752 —--
1003 2718 1137 2777 λόγοις
1157 2718 1394 2776 ὑγιασθεὶς]
1423 2723 1655 2776 Legitimum
1675 2722 1715 2758 in
1736 2720 1797 2757 his

347 2785 513 2834 Appiani
533 2784 574 2821 L.
595 2781 660 2819 lli.
692 2782 736 2818 de
763 2779 876 2820 Civil.
898 2780 978 2818 Bel.
1006 2793 1042 2830 p.
1067 2782 1173 2821 894.
1194 2791 1341 2828 semper
1362 2778 1460 2825 fuit,
1488 2777 1525 2832 ᾧ
1543 2776 1593 2829 δὴ
1613 2773 1795 2828 μάλιστα

348 2836 603 2891 ὑπαχθέντες
623 2833 772 2878 ἔδοσάν
789 2841 861 2889 μοι
881 2835 954 2878 τὸν
981 2833 1173 2891 στρατόν.
1211 2835 1287 2874 Hic
1306 2836 1339 2873 si
1356 2830 1559 2886 ὖπαχθεὶς
1577 2836 1796 2882 exscriptis
