1891 3310
350 196 424 227 DE
461 196 774 230 FONTIBUS
813 198 976 229 HIsT.
1011 198 1298 231 DloDoRI.
1381 190 1552 227 LXXXV

109 292 222 326 urbes
262 293 494 333 maritimas,
534 293 704 338 inprimis
735 294 963 336 Naucratim
1003 294 1252 337 insederant,
1295 297 1342 340 (ο.
1375 293 1464 328 178.
1496 290 1552 332 9.)

110 351 244 393 partini
269 351 330 395 qui
355 350 400 383 ab
423 349 575 383 Ionibus
601 354 639 383 et
663 352 833 394 Caribus,
857 351 925 384 sub
945 351 1222 386 Psaunmeticho
1238 353 1415 396 receptiS,
1443 349 1553 382 eraut

108 407 278 449 oriundi,
321 417 344 440 a
377 407 527 441 Pelusio
570 407 776 453 Memphim
817 409 982 442 traducti
1018 419 1050 444 c.
1081 408 1171 444 134.
1215 411 1277 454 qui
1315 411 1353 441 in
1392 405 1549 440 urbibus

106 464 245 506 passini
273 467 462 496 mercatus
494 474 628 496 caussa
652 466 924 508 versabantur3
959 476 1115 511 quorum
1135 477 1294 511 magnus
1318 470 1397 498 tum
1424 471 1551 497 nume-

106 530 171 552 rus
201 519 319 554 fuisse
352 521 513 554 videtur.
555 532 588 553 v.
616 522 761 556 Herod.
794 523 839 565 11,
861 523 928 558 39.
981 524 1102 559 Valde
1128 524 1294 557 absurda
1319 523 1365 557 ab
1390 523 1437 555 iis
1465 529 1548 552 nar-

106 580 211 618 rata,
239 581 282 610 ut
307 577 354 611 de
379 577 578 622 pyramide
603 589 626 612 a
647 578 870 624 Rhodopide
897 586 1070 615 extructa
1096 592 1126 615 c.
1150 581 1240 615 134.

195 634 304 674 Quod
335 635 487 668 tandem
520 645 619 669 vana
653 636 840 680 religione
865 642 1060 672 contaetus
1085 638 1306 672 Herodotus
1330 634 1448 668 multa
1472 630 1548 664 elo-

104 693 167 737 qui
191 693 332 732 noluit,
365 703 440 726 non
463 697 541 726 tam
573 693 763 727 initiatum
790 704 875 728 eum
908 706 993 730 esse
1027 697 1222 741 mysteriis
1252 702 1415 739 arguere
1452 688 1547 722 iudi-

105 761 168 792 co,
214 760 325 795 quam
367 751 494 794 potius
550 749 768 793 hominem,
812 753 875 796 qui
920 754 1046 786 omnia
1090 754 1337 787 assimulahat
1369 746 1546 783 Graecis,

105 808 292 852 (adeoque
342 808 532 841 osiridem
574 806 743 850 Baccho,
785 809 915 842 Cereri
947 802 1124 852 lsi'dem,)
1166 821 1325 844 arcanas
1356 804 1549 841 doctrinas

101 877 124 899 a
156 866 418 899 sacerdotibus
450 868 625 908 acceptas
659 865 792 898 eodeni
818 866 901 899 loco
945 865 1123 902 habuisse
1163 878 1246 901 c-um
1280 866 1398 900 initiis
1431 860 1549 894 Grae-

100 934 252 965 corum,
284 923 457 965 adeoque
492 922 618 966 eloqui
655 932 787 955 ausum
814 933 888 956 non
915 933 1013 959 esse.
1038 925 1122 959 Vid.
1143 935 1173 960 c.
1198 925 1262 960 81.
1290 924 1381 958 171.
1424 918 1546 963 Igitur

100 982 253 1014 nomina
285 982 431 1012 tantum
455 977 571 1023 [130]
602 979 794 1012 numinum
830 990 872 1012 se
904 979 1048 1024 profari
1084 982 1184 1015 velle
1209 983 1283 1023 ait,
1309 979 1548 1014 arbitratum,

99 1048 232 1073 omnes
259 1037 394 1071 eodem
424 1036 537 1070 modo
567 1035 615 1069 de
638 1035 698 1069 his
724 1037 936 1070 nominibus
959 1041 1150 1081 statuere,
1180 1043 1223 1072 ut
1245 1049 1312 1083 pro
1335 1035 1470 1069 iisdem
1494 1031 1547 1063 ni-

99 1098 236 1130 mirum
267 1095 340 1128 diis
384 1104 467 1128 cum
500 1093 700 1136 Aegyptiis
732 1092 899 1127 habeant
914 1100 945 1128 ¹.
992 1094 1226 1139 Religiosum
1249 1103 1396 1140 quoquc
1424 1091 1459 1124 ei
1484 1088 1547 1121 ha-

98 1154 240 1194 bitum,
282 1152 383 1184 idern
420 1150 519 1197 quod
553 1149 741 1184 Pindarus
777 1151 824 1185 de
863 1162 904 1185 se
938 1152 1142 1197 aliquoties
1176 1157 1358 1192 testatur,
1400 1149 1447 1181 de
1473 1145 1546 1178 (1115

97 1212 224 1255 turpia
249 1209 393 1254 eloqui:
416 1209 545 1252 itaque
566 1218 640 1241 non
668 1207 777 1241 effari
798 1208 879 1241 vult
903 1207 1051 1242 fabulas
1075 1209 1124 1243 de
1147 1208 1249 1243 Pane
1275 1206 1548 1252 Aegyptiorum

99 1280 128 1302 c.
155 1269 222 1302 (54.
257 1277 326 1300 nec
362 1276 428 1298 cur
461 1275 566 1298 suem
604 1265 812 1308 plenilunio
843 1266 1041 1299 immolent
1068 1276 1097 1299 c,
1125 1267 1194 1303 47,
1238 1277 1308 1301 nee
1340 1266 1387 1298 de
1411 1260 1546 1308 phanis

98 1338 128 1360 c.
149 1324 202 1359 48
225 1327 322 1357 extr.
358 1333 427 1355 nec
451 1322 497 1355 de
532 1331 667 1355 caussa
690 1323 863 1366 plane-tus
886 1323 924 1355 in
947 1324 1069 1359 saeris
1091 1324 1201 1358 Isidis
1228 1324 1316 1368 (hoc
1336 1323 1435 1357 enim
1459 1327 1545 1352 esse

95 1383 296 1418 τύπτεσθαι
325 1381 399 1412 iam
439 1379 528 1412 olim
564 1381 747 1413 monitum
787 1380 834 1413 ad
869 1379 1008 1415 Tibull.
1038 1380 1069 1422 1,
1094 1382 1130 1423 7,
1162 1383 1244 1427 28.)
1303 1392 1333 1414 c.
1361 1379 1425 1414 61.
1452 1375 1546 1410 132.

96 1451 169 1474 nec
193 1439 240 1472 de
273 1448 408 1471 caussa
441 1437 681 1475 lucernarum
714 1437 930 1471 ardentium
954 1437 993 1469 in
1028 1439 1147 1471 sacri-s
1167 1438 1366 1472 Minervae
1390 1432 1546 1470 Saitidis

97 1509 127 1532 c.
158 1498 224 1532 62.
262 1496 308 1529 de
342 1495 513 1536 caussis,
557 1504 624 1527 eur
666 1495 876 1527 animantia
924 1495 1125 1539 Aegyptiis
1162 1507 1271 1530 sacra
1316 1496 1540 1529 habeantur.

96 1566 127 1591 e.
156 1554 219 1590 (35.
259 1554 342 1598 quis
366 1553 416 1585 sit
446 1552 498 1592 iS,
532 1561 642 1596 quem
676 1552 813 1586 melior
840 1551 1040 1585 condiendi
1073 1554 1171 1588 ratio
1205 1554 1400 1587 referebat
1429 1547 1545 1583 mse.

97 1616 136 1647 et
168 1612 273 1645 cuius
305 1609 518 1654 sepulcrum
555 1610 594 1642 in
636 1609 779 1653 templo
820 1609 916 1642 deae
953 1607 1118 1645 Saiticae
1149 1615 1233 1646 erat
1262 1622 1293 1649 e.
1330 1611 1423 1646 170.
1453 1605 1545 1642 171-

95 1670 169 1704 etsi
194 1667 303 1700 valde
328 1667 478 1701 obvium
506 1670 565 1699 est
591 1666 638 1701 de
664 1667 815 1700 Osiride
841 1677 927 1700 eum
954 1676 1083 1710 age-re.

183 1727 327 1761 Verum
358 1724 454 1757 haee
484 1725 523 1756 in
554 1725 789 1769 Aegyptiaca
821 1725 1062 1768 exspatiandi
1094 1725 1211 1759 libido
1248 1736 1271 1759 a
1293 1723 1462 1759 Diod-oro
1489 1723 1543 1753 iia

93 1794 156 1818 me
189 1783 369 1823 abduxit,
404 1786 446 1814 ut
475 1781 623 1825 reliqua
651 1782 698 1815 de
728 1782 894 1825 Assyriis
930 1782 1144 1826 ceterisque
1171 1782 1342 1814 barbaris
1367 1780 1544 1825 gentibus

94 1852 168 1886 qua
200 1839 275 1874 fide
310 1843 348 1873 et
378 1838 606 1872 auctoritate
640 1848 664 1871 a
698 1838 870 1872 Diodoro
913 1838 1058 1872 tradita
1093 1841 1189 1878 sint,
1228 1836 1542 1872 contractioribus

92 1899 190 1932 velis
211 1896 473 1942 exsequenda,
495 1897 535 1930 in
560 1896 666 1931 aliud
688 1900 837 1943 tempus
860 1894 953 1931 mihi
975 1896 1188 1932 differenda
1214 1907 1299 1930 esse
1318 1895 1541 1938 intelligam.

184 2063 204 2097 1
226 2061 373 2114 νομίζων
407 2058 544 2099 πάντας
585 2057 799 2107 ἀνθρώπους
838 2063 914 2096 ἴσον
937 2061 1015 2106 περὶ
1045 2058 1177 2095 αὐτέων
1209 2061 1337 2103 (antec.
1367 2072 1412 2093 ‘ue
1439 2054 1544 2093 0510-

91 2120 186 2152 ματα
209 2104 338 2141 ιιὺτέωι
361 2119 408 2142 sc,
437 2107 505 2140 τῶν
529 2109 638 2141 θείων
677 2108 903 2141 ἐπίστασθαι.
954 2109 1087 2141 Herod.
1117 2109 1161 2148 ll,
1194 2110 1225 2143 3.
1261 2108 1396 2150 pergit:
1443 2117 1540 2150 quae

93 2160 217 2187 autem
242 2154 285 2186 de
309 2155 398 2207 ipses
417 2155 487 2187 dns
509 2155 720 2193 mesznero
749 2165 824 2186 non
851 2155 926 2187 nasi
949 2167 988 2186 re
1012 2155 1070 2186 ita
1091 2153 1312 2197 postulante
1329 2164 1366 2184 ιη
1386 2165 1438 2183 me
1429 2153 1540 2183 (imm

94 2200 262 2241 afferam
318 2197 361 2233 τὰ
388 2196 426 2232 δ’
459 2199 503 2232 (ἲν
525 2199 730 2243 ἒπιμνηοθῶ
753 2200 901 2239 αῦτεων,
926 2197 995 2233 ὑπὸ
1018 2200 1083 2232 τοῦ
1096 2199 1169 2253 ιλόγ
1171 2212 1212 2230 ου
1237 2201 1269 2234 ἐξ
1264 2197 1541 2241 -αῑαγκαζομειος

92 2243 407 2298 ἐπιμνησθήσομαι.
450 2246 501 2277 Ita
535 2246 654 2276 locum
682 2245 764 2278 satis
792 2246 1006 2289 impeditum
1032 2246 1180 2289 accipio,
1227 2245 1301 2279 Nee
1334 2246 1402 2277 alia
1425 2246 1540 2276 nem-

92 2290 194 2323 dotus
216 2293 349 2325 ratione
376 2292 415 2325 iu
438 2291 506 2324 his
513 2292 639 2335 utitur,
663 2291 742 2337 ipso
764 2293 844 2325 loco
873 2303 903 2327 e.
921 2293 976 2328 51.
1012 2292 1057 2328 cf.
1086 2303 1117 2329 c,
1143 2292 1199 2328 65.
