1891 3310
439 213 503 252 ΙΝ
533 212 857 252 LlB.XV111.
887 213 1015 253 CAP.
1047 216 1281 258 29.-—34.
1509 220 1600 260 245

141 327 306 366 Luciani
336 325 385 364 D.
416 324 534 364 Deor.
555 324 685 365 XXV.
711 327 750 369 Ι.
780 333 819 365 et
843 325 894 366 H.
914 326 1041 366 vales.
1063 328 1105 366 in
1126 326 1294 402 Eusebii·
1310 327 1354 370 1..
1378 327 1431 370 X
1456 329 1504 367 H.
1525 331 1602 369 Ec-

142 387 234 422 cles.
258 397 294 432 p.
324 384 427 424 192.
459 382 594 422 WEss

254 442 361 481 282.
388 441 463 479 60.
482 435 602 478 ζὈσοι
621 433 845 488 βούλονται
866 446 939 482 etc
954 437 972 494 ]
1003 437 1145 478 Non‘'
1124 454 1215 482 οσοι
1247 436 1363 480 sed⁰
1343 456 1436 482 οποι
1462 443 1599 493 legen..

142 497 232 535 dum
256 498 441 545 suspicor.
479 493 636 531 STEPH.

253 554 361 593 282.
394 552 469 591 61.
505 550 591 591 Καὶ
620 546 779 590 δόντων
805 549 880 597 τὰς
910 548 978 591 διὰ
998 553 1082 592 τῶν
1112 548 1248 604 ὅρκων
1271 550 1452 605 πίστεις]
1485 553 1598 592 Corn.

138 608 269 657 Nepos
291 607 453 644 Eumen.
476 619 507 643 c.
528 607 572 647 4.
611 607 803 645 Pedester
836 610 1061 657 exercitus,
1092 610 1198 659 quod
1227 611 1268 646 in
1302 623 1349 646 ea
1384 611 1474 647 loca
1508 619 1602 648 erat

141 667 356 710 deductus,
389 670 436 701 ut
456 664 578 702 invito
605 662 778 701 Eumene
801 665 909 702 elabi
928 679 1003 702 ηοπ
1029 672 1186 716 posset,
1218 679 1364 717 pacem
1384 667 1432 703 ab
1459 679 1502 703 eo
1525 681 1600 718 pe-

139 724 217 759 tiit.
256 721 384 767 Quam
403 733 519 771 quum
540 723 797 771 inpetrasset,
828 724 868 759 in
882 723 970 770 fide
999 735 1075 759 ηοη
1098 725 1256 770 mansit,
1291 730 1331 760 et
1349 736 1403 770 se,
1429 725 1598 761 simulac

130 780 289 830 potuit,
318 777 376 815 ad
400 777 660 829 Antipatrum
685 779 852 829 recepit.
890 779 1037 823 Quibus
1067 791 1148 816 non
1174 779 1380 816 dissimilia
1408 778 1598 817 Arrianus

138 835 239 886 apud
262 833 455 872 Photium
463 847 498 883 p.
520 835 627 874 221.
669 832 807 873 'WEss.

251 892 359 931 282
383 892 456 930 67.
482 884 658 939 Ἐπεβά)
663 904 727 929 ero
748 888 823 940 μὲν
844 884 1019 929 κολάσαι
1044 906 1120 942 την
1138 887 1335 943 ἀθεσίαν]
1367 892 1463 943 Legi
1481 893 1598 930 etiam

134 953 265 996 potest
284 961 360 997 την
380 943 542 985 ἀθέίαν.
572 945 710 985 RHOD.
738 946 892 983 Nollem
914 947 1000 984 viro
1020 948 1132 985 docto
1155 948 1376 985 excidisset.
1407 948 1478 985 Cui
1493 951 1598 987 enim

138 1003 240 1040 bono
260 1015 305 1039 ea
323 1000 635 1044 animadversio?
672 1000 858 1042 Aeeten
881 1017 979 1049 τους
997 1000 1146 1056 ὅρκους
1169 1004 1237 1043 καὶ
1257 1019 1333 1056 την
1353 1003 1489 1044 πίστιν
1511 1019 1596 1042 sae-

136 1072 184 1110 pe
195 1058 381 1109 Polybius
403 1058 450 1096 de
472 1066 598 1109 spreta
617 1059 872 1098 iurisiurandi
892 1061 1105 1111 religione,
1135 1059 1218 1097 Lib.
1238 1060 1311 1097 Xl.
1329 1063 1404 1102 27.
1426 1061 1514 1099 XV.
1543 1064 1595 1109 l.‚

136 1123 175 1155 et
192 1113 392 1165 ἀθεσίαν,
422 1129 508 1152 cum
541 1115 587 1152 de
619 1116 781 1164 perfidia
811 1129 936 1153 sermo
959 1123 1018 1153 est
1046 1115 1344 1156 L.11.32.111.
1370 1120 1465 1165 78.;
1497 1130 1595 1167 quae

136 1176 219 1210 eius
238 1174 323 1209 loca
344 1170 515 1209 Suidas·
505 1185 547 1210 in
561 1169 735 1213 Αθεσιά
753 1175 979 1222 exscripsit.
1008 1179 1092 1210 tum
1105 1172 1148 1210 L.
1160 1172 1224 1210 111.
1236 1175 1309 1213 49.
1332 1171 1399 1213 διὰ
1418 1189 1463 1213 το
1491 1176 1596 1227 πλῆ-

135 1230 218 1275 θος
236 1227 305 1267 καὶ
324 1225 400 1280 τὴν
421 1225 601 1268 ἀθεσίαν
628 1230 712 1268 τῶν
733 1225 1036 1269 κατοικούντων
1065 1243 1163 1276 τους
1181 1225 1335 1274 τόπους
1352 1198 1595 1284 βαρβάρων.

136 1293 176 1323 et
196 1298 278 1335 cap.
304 1285 378 1325 70.
408 1280 485 1337 τήν
505 1299 548 1324 τε
567 1287 651 1324 τῶν
674 1286 845 1325 Κελτῶν
870 1282 1048 1325 ἀθεσίαν
1070 1283 1144 1326 οὐκ
1164 1284 1349 1337 ἐμμενεῖν
1378 1286 1420 1325 ἐν
1447 1289 1496 1340 τῆ
1523 1285 1593 1325 πί*

137 1356 233 1382 στει.
276 1340 482 1391 Polybium
511 1343 640 1378 solens
660 1341 802 1380 Noster
822 1343 1036 1379 aemulatur
1065 1345 1179 1380 etiam
1199 1345 1239 1380 in
1260 1342 1442 1393 Excerpt.
1463 1343 1494 1380 V
1498 1345 1592 1382 ales.

136 1411 174 1448 p.
199 1399 307 1439 338.
335 1394 540 1449 χρώμειοι
575 1398 619 1436 δὲ
648 1401 698 1452 τῆ
733 1394 906 1450 ‹xviij-ih!
938 1404 1026 1445 τοῖς
1047 1398 1211 1451 Κρησιν
1240 1396 1408 1440 siff-§ola
1441 1407 1481 1436 et
1508 1406 1595 1449 post

135 1468 257 1505 pauca
279 1469 316 1493 οι
336 1456 411 1505 τῆς
430 1469 537 1494 κατα
558 1451 656 1501 τοὺς
676 1453 875 1507 Σιφνίοις
895 1453 1071 1502 ἀθεσιάς
1089 1453 1147 1507 μὴ
1173 1441 1463 1507 μετασχόντες.
1491 1455 1594 1493 Con-

136 1514 247 1550 venit
265 1510 528 1548 Hebraeorum
547 1521 653 1560 vum,
688 1511 736 1547 ad
756 1512 858 1562 quod
882 1511 1030 1548 Graece
1053 1513 1325 1561 explicandum
1346 1526 1458 1561 saepe
1482 1512 1593 1550 adhi-

135 1569 246 1605 betur
264 1562 310 1604 ab
333 1565 497 1617 Aquila,
526 1567 639 1605 docto
661 1569 882 1620 interprete.
917 1567 1002 1606 Vid.
1023 1568 1340 1608 Psa11n.XXlV.
1364 1571 1404 1610 7.
1438 1569 1592 1607 Daniel.

135 1624 207 1663 lX.
228 1624 306 1664 24.
337 1623 474 1663 Wssss.

247 1682 356 1721 282.
381 1682 453 1720 77.
493 1674 701 1732 Πυθόμεν
705 1694 750 1726 ος
777 1695 854 1732 την
880 1676 986 1720 κατὰ
1015 1678 1089 1721 τὸν
1109 1677 1276 1733 Εὐμένη
1299 1680 1445 1735 νίκην]
1475 1681 1593 1719 Putes

133 1737 201 1789 agi
221 1737 268 1774 de
287 1738 479 1783 victoria,
520 1748 634 1785 quam
655 1736 701 1773 de
722 1735 882 1774 Cratero
904 1744 942 1774 et
962 1737 1216 1787 Neoptolemo
1232 1741 1368 1776 retulit
1386 1738 1591 1775 Eumenes.
1635 1779 1640 1781 ‚

136 1794 217 1832 Sed
236 1805 299 1831 res
318 1791 433 1829 habet
450 1794 574 1830 aliter.
609 1792 709 1829 Nam
732 1795 814 1829 eius
838 1800 971 1842 partae
1000 1797 1160 1831 nuntius
1183 1802 1265 1832 tum
1297 1795 1448 1832 demum
1469 1797 1592 1843 venit,

135 1864 223 1888 cum
242 1849 448 1887 Perdiccas
468 1861 624 1885 suorum
642 1850 819 1886 manibus
840 1853 1021 1898 perierat,
1041 1853 1124 1900 ipso
1145 1858 1241 1889 teste
1261 1850 1433 1888 Diodoro
1456 1865 1488 1888 c.
1503 1853 1592 1898 37.,

134 1920 207 1944 nec
229 1904 435 1942 Plutarcho
458 1903 618 1942 Eumen.
641 1917 676 1953 p.
703 1906 808 1946 587.
829 1907 1092 1944 dissentiente.
1144 1906 1202 1944 Ea
1224 1908 1384 1957 proinde
1407 1915 1487 1954 est,
1516 1920 1592 1957 qua

135 1963 270 1999 diebus
291 1968 382 1998 ante
401 1963 650 2011 posteriorem
671 1961 770 1999 hanc
792 1963 921 2000 decem
934 1963 1174 2013 Neoptolemi
1193 1959 1353 2001 conatus
1371 1964 1589 2003 disiecerat.

134 2019 272 2057 Paullo
292 2025 379 2055 ante
403 2032 536 2069 προη)
539 2033 579 2056 εν
599 2017 661 2056 ἐπι
682 2018 872 2057 Κιλικίαν
893 2032 972 2056 non
992 2027 1113 2069 muto,
1139 2023 1297 2058 tametsi
1316 2019 1380 2059 ἐπὶ
1400 2019 1592 2067 Κι)ικιάς

135 2077 252 2127 longe
273 2077 402 2112 tritius
426 2075 489 2110 sit.
509 2073 629 2111 codd.
650 2075 818 2112 obstant.
850 2075 983 2113 WEss.

248 2133 356 2171 282.
390 2131 462 2171 84.
506 2129 592 2171 Και
619 2127 698 2183 γὰρ
729 2129 900 2184 φονικὸς
924 2124 1004 2184 ἢν]
1033 2131 1284 2183 Imperiosum
1302 2139 1339 2170 et
1360 2138 1474 2171 atrox
1495 2132 1592 2170 Per-

135 2187 297 2226 diccae
286 2189 487 2238 ingenium
507 2194 694 2224 notarunt
714 2187 886 2226 lustinus
906 2188 949 2226 L.
968 2188 1078 2226 ΧΙΙΙ.
1099 2192 1139 2231 8.
1170 2197 1208 2227 et
1236 2189 1425 2228 Arrianus
1452 2193 1494 2227 in
1523 2189 1591 2228 Bi-

135 2243 270 2283 blioth.
287 2243 401 2282 Phot.
423 2257 458 2294 p.
480 2246 587 2284 221.
609 2244 745 2282 WESS.

247 2301 355 2342 283.
382 2301 426 2340 4.
446 2298 500 2340 ιῸ
520 2294 846 2353 προσηγορεύετο
871 2297 1088 2353 Καμήλων
1107 2300 1272 2355 τεῖχος]
1307 2302 1432 2353 Saepe
1458 2305 1591 2353 τεῖχος

137 2355 185 2394 de
214 2370 301 2394 arce
329 2363 444 2406 atque
473 2359 644 2394 castello.
687 2356 775 2394 Vid.
800 2358 849 2394 ad
871 2356 913 2394 L.
934 2357 1044 2396 Xlll.
1067 2359 1139 2399 69.
1183 2358 1329 2396 Statim
1351 2361 1494 2396 rectius
1516 2361 1591 2396 erit

135 2409 375 2466 ἡγουμένων
393 2411 469 2463 μὲν
482 2441 493 2460 ,
520 2421 700 2451 monente
717 2415 760 2450 in
779 2420 860 2452 not.
883 2414 1067 2451 Auctario
1093 2414 1386 2454 Rhodomanno.
1416 2416 1551 2453 WVESS.

250 2470 356 2510 283.
385 2471 426 2509 9.
464 2467 549 2515 Οὓς
567 2469 758 2509 διενοεῖτο
781 2468 953 2520 πέμπειν
972 2475 1059 2517 τοῖς
1082 2471 1172 2524 περὶ
1192 2469 1265 2511 τὸν
1290 2467 1588 2523 Πτολεμαῖον]

136 2525 292 2564 Mallem
311 2528 512 2574 conposito
532 2524 768 2577 ἐπιπέμπειν
787 2528 916 2564 locum
938 2527 1120 2574 dedisset,
1145 2535 1188 2565 ut
1208 2530 1325 2565 simili
1350 2530 1388 2565 in
1408 2542 1449 2565 re
1463 2527 1589 2564 Hero-

138 2583 276 2620 dianus
304 2581 346 2618 L.
377 2581 442 2619 lll.
468 2582 508 2622 5.
541 2580 752 2633 ἐπιπέμπει
781 2597 872 2629 ταις
903 2579 1071 2623 πόλεσιν
1100 2582 1358 2638 ἆμᾳοτέοαις
1376 2585 1589 2637 ΖΗαυρου-

138 2638 252 2685 σίους
272 2653 314 2678 τε
348 2634 593 2684 ἀκοντιστάς
611 2645 684 2675 etc.
715 2638 850 2676 VVEss.

252 2697 359 2736 283.
379 2697 453 2735 21
495 2694 578 2734 Km
600 2691 675 2740 τὰς
700 2691 883 2741 ἐπαλξεις
907 2692 1153 2748 ἓῤῥίπτουν]
1183 2693 1414 2749 ’Έῤῥηκτον
1441 2709 1590 2733 nonne-

139 2764 226 2798 mo,
260 2752 326 2790 cui
354 2753 425 2788 etsi
461 2753 693 2799 patrocinari
723 2752 905 2789 videatur
933 2753 1116 2802 frequens
1149 2755 1234 2791 τῶν
1265 2751 1515 2805 άνέῤῥηττον
1552 2759 1591 2789 et

141 2805 386 2860 ἀνέρῥιπτον
407 2807 601 2855 confusio,
622 2820 700 2844 non
721 2807 874 2845 accedo.
901 2807 1109 2859 vulgatum
1131 2808 1230 2846 nibil
1247 2809 1376 2854 habet,
1397 2822 1465 2845 cur
1484 2821 1589 2858 sper-

141 2866 183 2902 ni
205 2865 351 2902 debeat.
385 2862 496 2902 Conf.
521 2862 668 2913 loseph.
691 2864 734 2902 in
754 2862 854 2901 Belli
872 2863 1021 2903 Histor.
1038 2864 1081 2902 L.
1103 2865 1169 2902 Ill.
1195 2868 1232 2906 1.
1254 2867 1295 2905 9.
1330 2866 1463 2902 wi2ss.
