1891 3310
522 209 585 249 ΙΝ
626 206 1043 247 FRAGMENTA.
1430 211 1522 253 539

145 324 267 378 Πρὸς
287 321 523 379 Ἀργεντίαν
551 318 744 375 ποταμὸν
775 317 874 368 τοὶ-ς
892 317 1140 373 θησαυροὺς
1159 316 1440 375 συγκρύπτων.

64 386 132 424 uhi
162 386 194 421 si
228 381 502 435 Σαργεντίαν,
539 387 583 418 ut
604 386 773 430 oportet,
804 379 1028 427 scripseris,
1062 379 1161 415 idem
1187 378 1345 417 habebis
1368 380 1524 420 flumen.

64 444 222 493 Ergone
254 441 354 489 quod
386 439 548 476 Traiani
573 444 696 474 aetate
725 444 954 473 conmentus
993 444 1051 471 est
1079 434 1314 484 Decebalus,
1355 445 1526 488 tempore

64 497 285 550 Lysimachi
308 498 452 534 factum
474 498 589 532 etiam
612 494 658 531 ab
679 493 909 530 Autoleonte
931 490 1126 530 dicemus?
1171 493 1377 531 Praeterea
1397 496 1527 533 Auto-

66 559 234 594 leontem
257 556 297 591 in
319 554 455 591 intima
475 551 598 589 Dacia
616 551 729 601 regni
750 552 810 587 sui
828 550 955 586 sedem
977 546 1182 586 habuisse?
1222 549 1436 599 Utrumque
1459 567 1529 591 ve..

62 615 258 653 rissimum
291 613 387 659 erit,
425 612 459 648 si
485 610 671 646 memoria
701 607 876 645 Tzetzen
905 619 986 644 non
1006 606 1207 656 destituit,
1233 607 1279 644 de
1301 621 1376 659 qua
1394 622 1464 661 ego
1485 623 1529 648 re

66 670 212 708 dubito.
271 667 407 706 XVESS.

179 747 286 789 641.
321 747 364 787 3.
401 740 620 800 Ἀδελφός
639 738 909 795 Πτολεμαίου
940 744 1016 783 τοῦ
1039 737 1219 796 Λάγου]
1268 744 1533 785 Ptolemaeum

65 804 283 843 Ceraunum
302 805 502 854 intellige,
532 805 640 840 cuius
661 802 818 838 fratrem
839 801 959 837 fuisse
984 799 1241 851 Meleagrum,
1285 805 1396 839 testis
1424 804 1532 840 locu-

67 865 149 913 ples
176 869 235 899 est
262 860 502 910 Porphyrius
526 862 567 897 in
599 858 792 908 scaligeri
812 857 1032 905 Excerptis.
1079 857 1227 895 Firmat
1246 857 1441 910 Georgius
1461 873 1533 897 no-

67 928 158 966 ster,
183 918 446 955 Ptolemaeum
465 919 581 956 istum
597 912 670 956 τὸν
681 914 843 968 Λαι”γου
862 916 1005 967 passim
1026 913 1240 965 adpellans.
1266 915 1356 954 vid.
1374 917 1533 968 p.2l5.

68 976 210 1015 Wess.

118 1086 120 1089 ,
183 1054 291 1095 641.
321 1057 361 1095 8.
386 1049 490 1106 ’Έτη
514 1049 610 1104 τρία
631 1047 737 1091 κατὰ
754 1046 828 1092 τὸν
845 1043 1089 1102 Διόδωρον]
1131 1048 1240 1088 Haec
1258 1064 1354 1090 vero
1378 1066 1538 1103 prorsus

69 1115 293 1150 consentire
312 1111 476 1148 dubites.
523 1109 618 1146 Vide
638 1122 771 1160 regum
794 1107 932 1144 horum
955 1109 1251 1145 successionem.
1291 1109 1537 1149 Ptolemaeus

70 1168 292 1217 Ceraunus,
331 1181 418 1205 cum
447 1180 514 1216 per
541 1169 736 1217 integrum
766 1178 909 1202 annum
931 1170 968 1202 et
989 1167 1157 1214 quinque
1179 1178 1329 1204 menses
1348 1167 1537 1204 Macedo-

70 1229 174 1264 niam
213 1226 544 1271 administrasset,
593 1237 615 1261 a
644 1224 768 1261 Gallis
797 1224 949 1260 occisus
982 1229 1059 1259 est:
1106 1224 1294 1260 successit
1328 1223 1538 1276 Meleager,

70 1295 182 1332 quem
197 1310 208 1329 ,
237 1282 340 1331 quod
358 1295 480 1332 regno
503 1280 687 1331 indignus
710 1286 825 1326 esset,
858 1285 944 1329 post
965 1278 1061 1315 duos
1081 1292 1233 1316 menses
1256 1281 1427 1318 eiusdem
1450 1295 1540 1332 pos-

72 1342 246 1378 sessione
266 1338 497 1377 Macedones
519 1337 751 1375 deiecerunt.
807 1336 909 1374 Tum
933 1335 1138 1385 Antipater
1167 1338 1311 1385 lectus,
1355 1341 1417 1376 cui
1450 1344 1540 1388 post

71 1407 169 1434 XLV.
199 1396 302 1445 dies,
344 1408 434 1433 nam
463 1396 504 1432 in
533 1393 720 1445 Syncello
746 1405 782 1442 p.
801 1394 910 1433 215.
942 1395 1107 1441 pessime
1128 1395 1273 1445 legitur
1293 1392 1397 1446 μετὰ
1423 1394 1541 1435 πέντε

71 1450 245 1506 ἡμέρας,
279 1466 441 1504 regnum
464 1454 581 1500 eripit
602 1448 834 1498 sosthenes,
856 1451 917 1488 illi
938 1449 1028 1486 dein
1050 1452 1091 1488 in
1117 1450 1213 1488 duos
1233 1465 1357 1489 annos
1382 1465 1542 1502 praepo-

75 1514 182 1549 situs.
226 1510 334 1548 Haec
355 1508 597 1560 Porphyrius
616 1510 657 1545 in
681 1508 888 1557 Excerptis
910 1506 1122 1558 scaligeri,
1150 1521 1228 1546 non
1251 1510 1414 1546 multum
1432 1508 1545 1559 Syn-

75 1570 173 1606 cello
199 1567 466 1604 dissentiente.
525 1564 642 1603 Dices
662 1567 853 1602 mensium
871 1565 1067 1602 rationem
1086 1578 1109 1602 a
1129 1563 1303 1603 Diodoro
1323 1579 1401 1603 non
1423 1568 1545 1603 fuisse

75 1624 264 1662 habitam:
307 1623 408 1673 quod
438 1636 573 1661 verum
602 1636 685 1660 esse
714 1628 867 1671 posset,
911 1624 954 1659 ni
977 1621 1022 1657 de
1043 1621 1291 1670 Alexandro,
1321 1621 1546 1671 Cassandri,

76 1688 121 1719 ut
143 1690 247 1731 puto,
273 1681 367 1729 filio,
389 1688 426 1718 et
438 1679 590 1731 Pyrrho
610 1679 742 1717 itidem
766 1685 1041 1726 memorasset3
1070 1690 1233 1727 quorum
1252 1683 1364 1730 regni
1379 1683 1547 1730 spatium

78 1741 112 1776 si
134 1740 176 1776 in
197 1752 405 1784 summam,
438 1740 495 1775 uti
516 1743 690 1785 oportet,
729 1736 911 1784 accedat,
938 1735 1064 1772 tribus
1087 1739 1200 1773 annis
1222 1739 1385 1785 amplius
1409 1750 1548 1774 exsur-

75 1802 156 1847 get.
214 1795 371 1846 Ergone
394 1792 463 1845 ἔτη
484 1792 671 1844 τέσσαρα
693 1795 878 1841 scriptum
902 1790 1003 1829 suit?
1051 1791 1117 1829 Sic
1142 1800 1339 1842 putarem,
1368 1796 1446 1831 nisi
1465 1794 1548 1831 Eu-

79 1853 208 1889 sebius
232 1852 444 1890 Ptolemaei
475 1849 644 1889 Cerauni
673 1863 837 1902 regnum
856 1849 1056 1887 mensibus
1076 1860 1135 1887 lx.
1169 1853 1549 1902 circumscripsisset.

81 1909 222 1947 VVEss.

196 1988 303 2027 641.
336 1986 408 2028 14-
440 1987 606 2040 Κρατεΐ
622 1981 887 2027 Μακεδόνων
910 1981 979 2038 ἔτη
1008 1980 1089 2036 ιβ’]
1122 1984 1304 2024 Totidem
1327 2000 1452 2024 annos
1470 1985 1554 2024 An-

80 2045 205 2096 tigoni
232 2043 403 2082 Dosonis
436 2058 557 2096 regno
587 2044 694 2081 dedit
725 2043 986 2093 Porphyrius,
1028 2044 1095 2080 sed
1115 2046 1252 2082 melior
1269 2044 1431 2083 Diodori
1463 2058 1554 2082 sen-

82 2105 224 2149 tentia,
257 2109 295 2138 et
315 2109 530 2150 temporum
553 2102 682 2140 ordini
705 2102 1008 2151 congruentior,
1038 2101 1202 2139 docente
1225 2102 1448 2141 doctissimo
1472 2101 1555 2139 Ru·-

84 2166 192 2210 perto
213 2158 260 2196 ad
281 2157 487 2196 Besoldum
508 2160 664 2210 p.250.
723 2158 864 2196 *WESS-

199 2239 305 2280 641·
329 2240 405 2279 20.
437 2235 562 2278 Κατὰ
579 2232 754 2284 τούτους
771 2234 951 2290 ἤρξαντο
973 2231 1073 2283 τοὺς
1090 2232 1293 2291 χρόνους]
1323 2241 1440 2289 Atqui
1456 2237 1556 2289 Cap-

84 2295 272 2345 padocum
286 2309 448 2347 regnum
462 2296 609 2333 Punico
627 2298 664 2337 1.
684 2296 799 2343 bello,
822 2294 896 2331 huc
918 2295 1018 2331 enim
1032 2296 1211 2344 pleraque
1224 2298 1434 2345 pertinent,
1454 2309 1552 2345 quae

86 2354 140 2389 ibi
163 2353 355 2403 Georgius
379 2352 610 2400 monachus,
639 2354 772 2390 multis
791 2353 904 2389 annis
926 2353 1031 2399 prius
1053 2359 1123 2390 est.
1179 2353 1262 2390 Nec
1290 2355 1458 2392 absurda
1490 2362 1551 2391 ta-

87 2423 174 2446 men
199 2409 291 2446 haec
315 2410 572 2457 videbuntur,
599 2410 713 2447 modo
735 2409 980 2446 considerare
1003 2411 1124 2458 velis,
1153 2421 1250 2460 quae
1275 2411 1325 2449 ad
1351 2411 1488 2464 Eclog.
1514 2412 1556 2452 3.

87 2466 304 2505 L-XXXI.
325 2478 362 2515 p.
378 2467 483 2507 517.
503 2473 639 2504 notata
659 2472 763 2503 sunt.
822 2465 960 2503 XVESS.

203 2547 310 2588 641.
342 2546 417 2585 25.
454 2542 719 2597 Ἀσδροῦβαλ
747 2542 970 2597 βασιλεὺς]
1012 2545 1115 2598 Lege
1148 2546 1344 2598 adscripta
1371 2547 1414 2586 L.
1437 2547 1554 2586 Xlll.

91 2604 167 2644 43.
224 2602 324 2641 Dedi
347 2611 476 2640 autem
500 2602 560 2640 his
582 2605 710 2641 locum
741 2605 843 2640 inter
865 2602 1031 2640 Diodori
1054 2605 1294 2655 fragmenta,
1328 2607 1482 2643 tametsi
1512 2608 1554 2643 in

92 2661 168 2698 fine
195 2659 414 2711 Dionysius
442 2660 602 2698 Siculus
630 2668 874 2698 memoretur.
933 2660 1038 2698 Iusta
1065 2664 1165 2699 enim
1199 2665 1369 2711 suspicio
1402 2663 1558 2700 videtur

93 2718 308 2755 doctissimi
337 2716 556 2767 Xylandri,
606 2718 692 2755 loco
720 2713 944 2763 Διονύσιος
975 2712 996 2756 ὃ
1029 2715 1278 2771 Σικελιώτης
1308 2721 1428 2757 fuisse
1464 2721 1557 2756 olim

95 2770 313 2827 Aussd'wpog
345 2769 365 2812 ὅ
397 2769 656 2825 Σικε7.ι(ι’)της.
717 2774 858 2812 Nullus
887 2781 989 2812 certe
1016 2782 1106 2824 post
1135 2781 1324 2826 tyrannos
1347 2776 1558 2827 Dionysios

97 2834 261 2881 scriptor
281 2830 495 2881 Dionysius
514 2831 692 2879 Siculus,
734 2833 773 2868 in
796 2843 907 2880 quem
926 2830 1018 2868 haec
1039 2835 1297 2880 conveniant,
1336 2832 1411 2870 huc
1439 2845 1559 2882 usque

99 2891 181 2926 erui
211 2900 258 2925 ex
282 2888 441 2926 latebris
472 2890 610 2941 potuit.
667 2888 766 2927 Vide
788 2888 961 2928 lensium
978 2887 1080 2927 Hist.
1103 2889 1203 2928 Phil.
1219 2890 1263 2930 L.
1278 2889 1347 2928 111.
1369 2892 1411 2932 8.
1447 2897 1485 2928 et
1504 2890 1558 2928 lo.
