1875 3310
415 207 705 240 onconomm
734 204 1008 238 HISTORIAE
1043 206 1271 239 D10DOR1.
1424 213 1562 246 CLvu

102 305 298 350 communi}
315 304 671 350 frequentarentur,
710 312 847 344 rerum,
869 305 1064 347 gestarum
1085 303 1249 346 veritas,
1284 304 1444 350 pristino
1471 307 1563 341 scri-

104 368 238 407 pturae
257 372 403 406 genere
435 361 657 403 obscurata,
693 362 819 395 animo
844 361 986 394 rectius
1013 359 1176 404 percipi,
1214 364 1254 394 et
1281 362 1411 396 verbis
1435 365 1560 408 aptius

103 420 302 460 declarari,
322 429 367 452 ac
381 419 539 462 proinde
556 418 778 452 scribendae
797 417 997 459 historiae,
1023 418 1174 461 proprie
1191 417 1331 461 dictae,
1359 421 1560 455 consilium

102 478 182 520 capi
210 477 343 521 potuit,
393 477 513 516 Quam
541 475 588 509 ob
614 485 715 517 rem,
750 475 900 509 etiamsi
923 478 1090 518 tempus,
1124 484 1196 519 quo
1220 475 1407 509 scribendi
1430 488 1492 511 ars
1518 478 1560 512 in

100 544 207 567 usum
230 533 425 578 vulgarem
447 533 661 574 transierit,
695 536 734 567 et
752 532 918 577 mythica
938 531 1053 566 dictio
1073 530 1321 574 obsoleverit,
1360 535 1474 567 certis
1499 543 1558 574 ar-

100 592 291 635 gumentis
317 595 356 624 et
381 591 528 624 indiciis
553 589 703 623 deliniri
725 594 905 635 nequeat,
960 599 1042 622 cum
1073 592 1201 621 tamen
1226 589 1468 623 manifestum
1496 593 1559 633 sit,

99 654 201 682 certe
219 652 306 682 ante
321 648 413 682 belli
430 648 586 681 Troiani
608 652 780 691 tempora
796 648 877 680 eius
893 647 948 680 rei
966 647 1006 679 in
1027 645 1188 679 Graecia
1205 647 1307 679 nulla
1334 646 1445 680 obvia
1470 658 1556 682 esse

98 706 282 749 vestigia,
314 710 446 738 contra
476 715 567 738 vero
595 708 674 736 tum
704 704 913 746 scripturae
936 703 1196 747 alphabeticae
1220 713 1328 737 usum
1347 705 1558 747 vulgarem,

99 768 177 796 tum
204 763 388 796 orationis
411 762 608 807 prosaicae
634 764 673 794 et
698 759 880 793 historiae
904 760 1127 794 scribendae
1155 761 1275 805 prima
1297 761 1467 805 pericula
1492 762 1557 795 vel.

100 821 305 865 specimina
327 821 365 852 in
396 829 530 852 aevum
548 818 650 852 bello
664 818 831 851 Troiano
851 817 973 850 serius
994 818 1149 860 cadere,
1173 818 1273 862 quod
1296 818 1483 862 ambiguis
1500 819 1556 851 in-

99 878 271 911 tervallis
294 877 355 910 vel
382 877 534 920 propius
553 875 615 909 vel
631 875 815 908 remotius
832 885 854 907 a
873 874 974 908 bello
993 876 1160 909 Troiano
1175 876 1359 916 abfuerit3
1395 879 1556 919 apparet

97 936 246 978 utique,
280 932 489 967 Diodorum
514 932 673 966 idoneas
699 930 876 964 habuisse
902 941 1054 973 (χι-ηεαδ,
1087 937 1266 977 recteque
1286 937 1325 967 et
1340 939 1556 977 temporum

96 990 305 1023 rationibus
329 990 601 1022 convenienter
626 988 773 1032 egisse,
808 989 870 1032 q-ui
888 987 1028 1021 bellum
1047 990 1253 1023 Troianum
1273 994 1449 1035 tanquam
1478 1000 1556 1023 me-

97 1052 172 1081 tam
196 1048 295 1081 inter
313 1044 516 1091 mythicam
534 1045 735 1078 dictionem
760 1049 798 1078 et
817 1044 1039 1078 historicum
1070 1047 1197 1079 stilum
1225 1049 1414 1091 posuerit,
1439 1047 1553 1091 idque

95 1105 216 1148 ipsum
236 1103 417 1147 temporis
436 1106 665 1135 momentum
685 1101 889 1136 historicae
907 1103 1123 1146 scriptionis
1147 1104 1325 1148 epocham
1351 1105 1556 1138 constitue-

97 1163 161 1196 rit.
206 1161 335 1206 ltaque
356 1160 480 1194 Partis
496 1160 673 1201 alterius,
697 1164 845 1202 tempus
863 1158 1083 1193 historicum
1101 1171 1170 1194 seu
1189 1162 1276 1194 stilo
1293 1159 1472 1194 historico
1490 1161 1555 1194 de-

96 1219 275 1262 scriptum
301 1218 548 1259 continentis,
577 1217 723 1249 initium
752 1219 915 1249 sumtum
942 1225 965 1248 a
991 1218 1173 1260 proxi-mis
1193 1223 1278 1261 post
1295 1218 1436 1251 bellum
1454 1219 1555 1251 Tro—

94 1276 222 1310 ianum
247 1276 397 1309 seculis.
445 1274 537 1307 Inde
565 1272 723 1307 historia
749 1283 868 1317 usque
896 1273 945 1306 ad
967 1273 1126 1308 Diodori
1142 1273 1257 1308 Siculi
1282 1279 1447 1309 aetatem
1469 1286 1554 1320 per-

95 1334 227 1374 ducta,
260 1337 299 1366 et
319 1332 357 1364 in
384 1331 485 1365 bello
504 1331 679 1365 Caesaris
693 1330 877 1363 adversus
896 1330 1027 1364 Gallos
1052 1330 1171 1366 finita.
1218 1332 1317 1365 Illud
1333 1333 1552 1366 universum

93 1390 275 1434 temporis
302 1389 619 1432 spatiumjannos
640 1390 654 1409 ¹
688 1386 957 1422 MCXXXVIII
992 1387 1266 1431 complectitur.
1325 1389 1553 1424 Contentum

91 1453 220 1481 autem
247 1450 330 1480 erat
353 1446 460 1479 libris
485 1445 644 1489 reliquis
667 1443 852 1487 XXXIV,
880 1454 906 1479 a
929 1445 1090 1489 septimo
1109 1455 1228 1491 usque
1245 1445 1293 1479 ad
1310 1446 1554 1491 quadragesi-

299 1503 385 1535 uibu

91 1513 407 1605 mums’ugeffstiless
422 1564 509 1593 sum
533 1557 605 1601 XI,
630 1557 723 1600 XlI,
746 1557 861 1602 xm,
880 1556 989 1601 XIV,
1014 1556 1107 1600 XVv
1128 1556 1241 1601 XVI,
1266 1557 1391 1603 XVn’
1415 1559 1553 1605 XVIn’

185 1616 521 1717 ΙηιεῖἓέιὲιίΧῖξῐ,
542 1672 654 1715 VIII,
677 1671 751 1716 IX,
771 1670 819 1707 X.
843 1691 891 1700 —-
914 1673 1053 1710 deinde
1072 1672 1164 1709 XXI
1180 1673 1286 1708 —ad
1308 1673 1378 1708 XL
1397 1675 1550 1710 omnino

268 1742 413 1770 Osslnes.

95 1838 292 1891 Operis
323 1838 470 1876 ratio
498 1838 749 1876 universa
775 1836 1105 1876 describitur
1141 1842 1192 1875 et
1215 1837 1545 1889 expenditur.

181 1923 410 1958 posterioris
425 1923 544 1968 partis
559 1921 759 1958 methodus
777 1934 800 1957 a
817 1924 953 1968 prloris
969 1924 1118 1958 ratione
1134 1924 1287 1957 diversa
1303 1926 1372 1957 est.
1418 1922 1463 1956 In
1481 1923 1549 1957 illa

89 1981 252 2025 scriptor
280 1981 450 2025 singulos
476 1981 634 2025 populos
661 1981 885 2026 singulaque
909 1991 1029 2026 regna
1052 1983 1257 2026 separatim
1290 1984 1550 2014 recensuerat.

86 2038 426 2083 Regnabatitaque
446 2039 538 2072 ordo
559 2037 888 2082 ethnographicus.
931 2039 1015 2073 Filo
1041 2039 1225 2083 temporis
1252 2037 1477 2078 destitutus,
1507 2039 1548 2071 in

87 2096 311 2139 colligendis
336 2095 476 2140 mythis
504 2096 551 2129 de
586 2096 746 2139 singulis
764 2096 910 2139 populis
929 2096 1193 2138 acquieverat,
1224 2098 1267 2127 ut
1293 2095 1331 2126 in
1355 2094 1437 2138 ipsa
1454 2103 1548 2137 reg-

86 2163 220 2186 norum
249 2156 287 2186 et
310 2153 519 2196 principum
542 2153 662 2194 serie,
701 2153 883 2197 temporis
906 2153 1203 2197 qualemcunque
1226 2151 1377 2195 quidem
1401 2161 1548 2184 succes-

86 2211 231 2243 sionem
248 2209 486 2251 observaret,
524 2220 643 2244 annos
660 2214 786 2244 autem
805 2220 880 2243 non
900 2214 1130 2244 numeraret.
1174 2209 1298 2242 Huius
1315 2211 1441 2240 autem
1462 2218 1547 2251 par-

85 2266 135 2297 tis
165 2265 309 2309 operis,
340 2277 450 2311 quam
481 2266 698 2310 historicam
722 2267 1015 2312 appellavimus,
1047 2267 1331 2300 fundamentum
1357 2269 1446 2298 sunt
1471 2275 1548 2298 am-

84 2322 209 2366 pliora
227 2325 408 2367 temporis
425 2325 567 2368 spatia,
590 2322 744 2368 epochis
763 2324 843 2357 sive
863 2324 1170 2358 memorabilibus
1191 2323 1337 2357 eventis
1355 2322 1545 2364 distincta,

84 2380 170 2423 ipsa
190 2379 277 2412 dein
298 2381 336 2413 in
355 2382 501 2416 minora
517 2383 640 2425 spatia
658 2382 797 2425 divisa,
822 2392 918 2427 quae
942 2382 1113 2424 tandem,
1136 2381 1184 2414 ad
1202 2380 1468 2425 Olympiadum
1488 2389 1546 2413 or-

86 2437 210 2469 dinem
223 2460 232 2477 ,
256 2437 293 2469 in
314 2438 483 2482 singulos
500 2448 619 2472 annos
634 2439 887 2472 resolvuntur.

175 2493 229 2526 Ad
250 2495 548 2537 cognoscendum
570 2499 696 2529 autem
715 2497 841 2539 operis
860 2495 1057 2529 consilium
1070 2519 1080 2535 ,
1113 2504 1240 2528 rerum
1257 2493 1464 2533 delectum,
1489 2496 1545 2526 at-

86 2560 157 2594 que
176 2560 241 2583 eas
262 2550 483 2593 disponendi
502 2552 674 2593 modum,
698 2552 879 2586 nonnulla
895 2552 971 2584 alia
984 2552 1188 2585 ohservare
1210 2551 1396 2591 convenit,
1422 2551 1543 2594 prius-

84 2617 194 2652 quam
215 2607 261 2641 de
278 2609 455 2642 universa
471 2610 591 2653 partis
608 2609 832 2653 posterioris
850 2608 1262 2643 oeconomiaiudicium
1285 2611 1455 2641 nostrum
1479 2605 1544 2640 ad-

176 2755 196 2790 1
227 2754 257 2787 Ε
279 2754 540 2799 computatione
555 2753 708 2788 Diodori
723 2753 824 2791 lib,1.
842 2765 872 2790 c,
884 2755 918 2791 5.
