1891 3310
267 202 319 241 IN
351 201 633 243 EXCERI'TA
664 205 848 246 PHOTII
875 209 969 247 ΜΒ.
991 211 1169 252 XXXII.
1204 215 1402 256 XXXIV.
1475 224 1567 264 425

120 327 214 352 rosc.
240 328 275 365 p.
297 317 403 356 614.
465 315 606 354 Statim
627 317 929 359 Rhodomannus
959 319 1079 377 ὄρείῳ
1103 324 1183 380 βίῳ
1209 327 1398 382 συνήθης
1422 329 1568 388 σι’·νερ-
1600 376 1602 378 ,

117 386 189 420 7⁰²¹
219 377 319 421 εῖχεν
349 375 391 410 ἰη
421 380 502 412 not.
526 372 784 424 Correction.‚
815 379 917 428 quod
936 386 974 416 et
994 382 1123 429 paullo
1143 384 1329 423 audacius
1358 395 1396 425 et
1411 393 1568 429 minime

119 432 385 467 necessarium.
443 430 576 467 IVESS.

232 486 334 524 524.
367 488 407 525 6.
452 486 535 525 Καὶ
557 484 643 526 κατ’
667 484 787 535 ἀξίαν
811 509 859 518 —·
895 488 1009 545 ἐξῇρε
1031 497 1119 539 τοῖς
1142 490 1318 551 δώροις]
1372 499 1566 541 Videban-

116 545 178 575 tur
207 539 300 577 haec
329 554 437 590 posse
465 544 636 580 tolerari.
692 546 743 582 At
772 546 872 583 unde
895 546 1113 599 ἐξαιρέτοις
1134 548 1282 604 δώροις
1303 563 1432 594 natum
1456 559 1564 598 dice-

115 595 222 633 mus?
268 597 329 634 An
356 611 484 635 errore
515 598 679 636 calami?
733 601 814 639 Imo
849 617 943 641 vero
984 618 1092 642 secus
1132 606 1257 649 habet.
1327 612 1563 664 Ostendant,

115 653 204 698 quid
227 661 360 690 auctor
383 654 531 691 dederit
549 658 649 705 ipse,
685 658 867 695 videlicet
894 658 980 698 κατ’
1004 659 1122 707 ἀξίαν
1142 668 1272 715 τιμῶν
1291 666 1389 715 τοὺς
1408 668 1561 722 ἄνδρα·

110 705 382 759 ςἀθὴσαντας
403 709 620 760 ἐξαιρέτοις
644 709 804 765 (δώροις.
844 715 994 765 Inspice
1008 717 1190 772 Excerpt.
1204 721 1370 762 Peiresc.
1389 728 1561 778 p‚34(3·,

110 771 149 800 et
168 765 305 802 falsum
328 779 386 802 me
405 768 576 817 negabis.
633 768 767 807 wass.
1531 783 1540 789 “’

223 833 326 872 524.
361 835 431 872 10.
479 832 689 874 Οἰ’·ὶ“τέλιον
710 835 822 892 αὐτῷ
844 842 1043 879 namma.
1067 843 1257 899 στρατιῇ]
1297 846 1373 885 Pro
1400 850 1557 890 Vitellio

109 887 213 925 Flori
233 889 412 936 Epitome
442 888 563 941 (Epit.
590 891 691 930 Livii
716 894 894 947 lib.LIl.)
925 897 1002 933 cdit
1020 897 1074 935 M,
1103 901 1297 940 Vetilium.
1346 904 1557 948 Οὖὲτίλιον

107 957 198 994 ergo
229 946 482 983 scribendum.
523 946 661 987 RHOD.
726 948 936 990 Οὗετίλιον
964 953 1160 1002 Appianus
1193 958 1289 997 lber.
1318 974 1355 1009 p.
1379 964 1485 1003 490.
1517 973 1556 1003 et

108 1000 271 1037 Orosius
302 1001 344 1039 L.
364 1002 409 1041 V.
441 1004 483 1042 4.
513 1004 644 1041 itidem
665 1005 885 1055 adpellant,
913 1009 978 1045 sed
1000 1009 1062 1046 hic
1079 1013 1172 1063 fuga
1194 1028 1277 1052 cum
1299 1020 1429 1066 paucis
1451 1023 1555 1072 elap-

103 1069 184 1093 sum
215 1057 342 1104 addit,
384 1059 486 1107 quod
512 1058 730 1110 Diodorus,
769 1063 926 1111 Livius,
954 1065 1150 1116 Appianus
1170 1071 1398 1112 infitiantur.
1457 1078 1552 1116 Vide

102 1114 207 1150 viros
240 1116 473 1152 clarissimos
499 1114 647 1154 Duker.
671 1126 709 1155 et
727 1117 1019 1158 Drakenborch.
1043 1124 1090 1160 ad
1113 1125 1215 1163 Livii
1234 1128 1335 1176 Epit.
1361 1141 1427 1168 Lu.
1472 1133 1553 1172 Do-

102 1172 295 1207 ctissimus
311 1170 548 1209 Freinshem.
569 1174 615 1210 ad
637 1173 741 1212 Flori
765 1174 807 1211 L.
823 1176 867 1213 II.
894 1179 962 1217 17.
983 1180 1075 1216 alibi
1096 1186 1265 1220 animum
1285 1185 1416 1225 habuit
1437 1203 1552 1228 occu-

100 1232 251 1273 patum,
290 1240 376 1263 cum
399 1228 604 1266 Claudiam
633 1230 893 1280 Vnimanum,
929 1246 1040 1283 quem
1068 1236 1266 1277 Viriathus
1297 1245 1412 1282 simili
1444 1248 1550 1285 clade

101 1285 301 1329 oppressit,
330 1297 350 1319 a
372 1283 545 1322 Diodoro
569 1287 766 1325 Vitellium
784 1293 997 1338 nuncupari
1016 1302 1212 1333 memorat.
1255 1297 1389 1337 Wcss.
1442 1302 1550 1341 Scri-

97 1345 232 1386 pturac
258 1336 490 1387 Ofimmzog
511 1341 690 1380 Suetonii
716 1345 762 1381 de
785 1344 857 1383 hoc
875 1347 1032 1385 Vitellio
1066 1352 1262 1391 silentium
1284 1354 1417 1393 Vitell.
1448 1373 1478 1395 c.
1509 1362 1547 1400 1.

98 1397 255 1443 opponit
292 1395 486 1434 Beckerus
518 1398 772 1438 Commentat.
814 1403 861 1455 dc
898 1404 1073 1443 Viriatho
1103 1421 1138 1457 p.
1164 1411 1266 1450 112.
1321 1413 1445 1462 Atque
1483 1419 1549 1454 ille

96 1463 245 1500 quoque
268 1452 445 1490 Vitellius
478 1456 543 1504 qui
567 1456 734 1493 Gracchi
757 1466 871 1508 caput
891 1461 1055 1500 abscidit
1073 1465 1178 1502 infra
1197 1479 1232 1518 p.
1247 1469 1353 1508 604.
1383 1471 1455 1511 59.
1480 1475 1548 1512 uni

94 1505 267 1544 Diodoro
291 1510 348 1545 sic
369 1510 531 1558 dicitur,
563 1514 723 1562 reliquis
746 1513 1035 1563 Septimuleius.

209 1576 314 1616 524.
351 1578 421 1617 14.
463 1574 570 1617 Εἶτα
596 1575 845 1633 ἀναλαβὼν]
882 1583 987 1621 Defit
1005 1581 1165 1628 ἔαυτόν.
1214 1588 1273 1628 De
1302 1591 1421 1631 Fabio
1452 1595 1546 1634 Ser-

91 1631 239 1669 viliano
279 1636 433 1682 eiusque
472 1638 594 1684 gestis
635 1650 708 1686 qua
734 1643 927 1690 prosperis
965 1654 1040 1690 qua
1070 1645 1244 1683 adversis
1283 1650 1322 1686 in
1357 1650 1547 1701 Hispania

88 1688 203 1724 rebus
248 1696 285 1725 et
324 1690 478 1727 foedere
517 1705 602 1730 cum
631 1693 831 1744 Viriatho,
886 1700 1019 1748 aequis
1056 1701 1344 1743 conditionibus
1382 1713 1542 1759 sociato,

91 1742 251 1794 Appian.
275 1745 425 1797 Iberjp.
442 1748 551 1788 497.
611 1748 747 1791 lVESS.

205 1814 309 1852 524.
345 1816 415 1855 16.
451 1811 574 1853 'Am
600 1812 667 1870 ὅγε
688 1817 908 1871 Σκηπίων]
942 1818 1119 1860 Restitue
1139 1837 1187 1862 ex
1206 1825 1313 1865 Flori
1339 1828 1441 1868 L.II.
1468 1835 1540 1875 17,

86 1866 285 1917 Κηπίων,
312 1872 376 1906 vel
402 1870 607 1910 Καιπίων.
665 1873 813 1912 Adhibe
847 1880 962 1915 etiam
991 1877 1034 1918 C.
1054 1878 1210 1931 Sigonii
1240 1884 1543 1928 Commentarios

89 1921 133 1958 de
155 1923 256 1961 Fast.
275 1924 382 1962 Rom.
404 1926 452 1965 U.
475 1925 515 1963 C.
539 1941 630 1967 ann.
653 1939 810 1968 lacxm.
854 1930 1082 1984 Ταύταμον
1109 1938 1306 1987 Appianus
1334 1941 1542 1986 Tantalum

86 1987 212 2017 vocat.
254 1980 393 2021 Ruon.
450 1980 571 2022 ’Am‘
605 1981 671 2037 ὅγε
704 1986 924 2040 Καιπίων]
976 1990 1042 2027 Sic
1067 1996 1225 2043 scripsi,
1261 1996 1385 2035 Fastis
1405 2011 1541 2048 postu-

86 2036 266 2074 lantibus.
324 2038 509 2076 Librariis
531 2054 642 2090 saepe
661 2056 731 2080 usu
750 2046 884 2091 venit,
922 2054 986 2094 ut,
1025 2057 1152 2097 spreto
1176 2051 1385 2104 Caepionis
1416 2063 1541 2097 nomi-

85 2104 147 2139 ne,
177 2095 306 2131 notius
327 2094 529 2147 Scipionis
553 2097 811 2137 adsumerent.
848 2101 1036 2153 Exempla
1057 2105 1162 2144 dabit
1180 2107 1305 2147 Celeb.
1331 2113 1402 2151 lac.
1424 2116 1532 2154 Peri-

84 2151 219 2186 zonius
239 2151 415 2188 Animad.
435 2152 583 2190 Histor.
607 2167 638 2191 c.
651 2154 702 2192 X.
723 2169 758 2205 p.
773 2158 880 2199 426.
938 2159 1074 2198 WVESS.

197 2217 301 2257 524.
335 2220 410 2259 25.
453 2218 516 2267 Ως
538 2217 763 2273 Ἀντιόχος
785 2219 805 2263 ὃ
829 2225 1025 2275 βασιλεὺς
1047 2228 1143 2283 etc.]
1185 2232 1398 2274 Antiochus
1428 2237 1536 2289 Pius,

84 2273 166 2308 sive
198 2272 374 2322 Sidetes‚
416 2282 499 2322 est,
533 2276 579 2319 de
611 2289 686 2328 quo
713 2279 987 2334 Hierosolyma
1015 2285 1215 2327 obsidente
1235 2290 1419 2344 Iosephus
1442 2296 1534 2337 Ant.

83 2321 249 2367 LXIII.
275 2334 316 2372 8.
351 2334 394 2372 2.
451 2332 589 2371 Wssss.

201 2397 305 2436 524.
336 2399 411 2439 36.
454 2398 567 2448 Τοὺς
585 2399 663 2454 γὰρ
684 2399 846 2458 ἀλφοῦς
863 2403 889 2459 ἢ
913 2404 1068 2462 λέπρας
1088 2405 1258 2462 ἕξοντας
1278 2423 1314 2453 et
1329 2419 1422 2469 seq.]
1451 2419 1536 2458 Fa-

85 2450 214 2489 bulum
247 2455 293 2491 cle
324 2455 492 2493 Iudaeis
510 2466 685 2510 propter
714 2461 886 2512 lepram,
925 2467 1010 2502 sive
1039 2467 1186 2518 tabem,
1222 2485 1324 2522 quae
1359 2489 1534 2527 corpora

72 2507 293 2557 foedaret,
335 2511 514 2562 Aegypto
526 2516 658 2564 pulsis
684 2523 730 2553 ut
755 2531 891 2556 veram
912 2534 1192 2564 commemorat
1209 2542 1361 2580 quoque
1381 2530 1532 2570 Cornel.

85 2563 244 2602 Tacitus
271 2566 337 2604 lib.
363 2568 515 2606 Histor.
533 2571 574 2607 V.
596 2571 638 2610 3.
675 2584 771 2622 quae
789 2573 1011 2616 Hoeschelii
1037 2581 1168 2620 verba.
1233 2584 1533 2626 Conmemorant

83 2622 261 2669 eandem,
291 2626 349 2660 uti
370 2632 525 2674 notum,
556 2622 683 2676 gentis
704 2629 792 2666 odio
815 2633 955 2678 plures.
1012 2636 1114 2679 Quin
1146 2640 1270 2689 ipsum
1297 2642 1441 2681 Mosem
1471 2648 1532 2682 vi-

83 2679 232 2726 tiligine
263 2681 444 2717 infectum
485 2689 523 2718 et
552 2690 750 2732 propterea
776 2683 915 2739 ’Ἀλφα
948 2688 1116 2740 dictum,
1172 2693 1275 2735 ὁίότι
1307 2695 1455 2750 dissat}
1480 2716 1526 2741 το

84 2736 205 2783 σῶμα
237 2732 507 2783 κατάστικτος
532 2731 603 2789 ἦν,
644 2743 698 2777 nit
728 2741 929 2781 Helladius
957 2749 1056 2795 apud
1079 2750 1192 2789 Phot.
1220 2752 1402 2792 Biblioth.
1435 2756 1527 2795 Cod.

86 2788 335 2828 CCLXXIX.
377 2792 494 2830 Cuius
515 2796 728 2834 calumniae
747 2800 935 2850 originem
957 2807 1096 2853 optime
1121 2812 1331 2860 vestigasse
1351 2811 1445 2849 mihi
1469 2816 1530 2851 vi·

87 2845 195 2882 detur
223 2845 351 2897 Camp.
383 2850 562 2901 Vitringa
589 2852 791 2891 observat.
826 2855 935 2894 Sacr.
968 2857 1130 2900 Dissert.
1154 2874 1213 2900 m.
1245 2866 1309 2904 lib.
1329 2866 1356 2902 I.
1390 2881 1471 2916 cap.
1491 2872 1528 2910 1.
