1859 3326
309 190 408 234 240
778 185 1309 230 ANNOTATIONES

307 303 521 356 Ptolemaei
538 303 698 354 imperio
710 302 848 343 harum
859 302 1059 342 turbarum
1073 303 1277 341 occasione
1294 301 1417 342 fuisse
1435 302 1642 353 subditam,
1660 305 1772 356 testis

313 364 433 401 etiam
453 360 595 399 Strabo
616 360 660 398 L.
680 360 852 411 XV11.p
857 359 1032 401 ..1194
1057 358 1195 397 VVEss.

423 419 532 460 275
567 419 643 459 91.
677 412 740 457 Γ
715 431 767 469 rv
785 373 852 456 τεΡ
847 417 932 456 τῶν
950 413 1243 485 Λαρανδέων]
1271 413 1335 454 Ex
1352 417 1522 455 vetustis
1543 415 1696 456 schedis
1716 419 1773 456 sic

308 475 466 514 refinxi.
506 471 685 512 Laranda
710 474 855 512 format
882 468 1144 523 Λαρανὸἕα,
1173 484 1370 521 nunquam
1392 471 1700 524 Λαρανὸαἴον,
1731 481 1775 512 ut

310 538 449 569 notum
469 543 518 568 ex
537 529 750 579 Stephano.
778 528 908 567 Situm
926 528 1015 566 urbi
1034 528 1152 565 sicuti
1173 535 1213 566 et
1231 528 1385 567 Isaurae
1410 530 1453 567 in
1472 528 1672 580 Lycaonia
1691 531 1773 580 ple-

310 590 423 638 rique
444 587 667 639 adsignant,
684 598 753 636 pro
776 597 851 634 qua
871 590 1006 623 auctor
1019 575 1208 623 Pisidiam
1227 584 1355 632 habet,
1373 598 1454 622 nou
1471 598 1613 637 magno
1634 585 1774 625 discri-

311 647 440 682 mine:
471 644 644 681 confines
664 644 767 680 enim
787 643 981 693 regiones.
1023 639 1168 678 Confer
1192 653 1289 692 quae
1309 641 1503 692 adscripta
1522 648 1615 680 sunt
1633 642 1772 681 Itiner-

309 699 459 740 Anton.
482 711 519 748 p.
542 701 597 740 21
613 701 651 740 l.
670 705 709 736 et
727 697 776 735 ad
797 697 1028 749 Synecdem.
1047 695 1220 735 Hierocl.
1237 710 1276 748 Ρ.
1300 698 1406 740 675.
1439 697 1574 737 WESS.

423 756 533 798 275.
568 757 642 796 93.
679 751 904 807 Βάλακρον
925 751 999 794 τὸν
1021 749 1283 808 Νικάνορος]
1325 752 1507 793 Fortasse
1528 755 1563 792 is
1583 760 1642 792 est
1658 753 1773 794 Bala-

308 826 422 861 crus,
465 814 529 850 cui
556 811 735 860 Philam,
779 811 977 861 Antipatri
1004 810 1146 858 filiam,
1186 812 1414 849 collocatam
1445 812 1623 861 primitus
1652 811 1776 850 fuisse

311 870 509 921 significat
527 867 720 909 Antonius
745 865 943 921 Diogenes
963 866 1062 919 apud
1081 866 1266 907 Photium
1283 865 1376 906 cod.
1404 867 1578 907 CLXVI.
1606 880 1644 919 Ρ
1665 868 1774 911 364.

309 924 453 967 ⁴WEss.

424 982 532 1024 275
564 982 606 1023 9
646 976 842 1032 Δύναμιν
874 977 951 1022 οὐκ
964 976 1146 1048 ἔχοντες
1177 975 1428 1034 ἀξιόχρεων]
1473 977 1634 1019 Memini
1662 993 1775 1031 saepe

308 1042 354 1079 in
370 1038 433 1078 his
458 1039 569 1078 libris
589 1035 703 1086 ἀξιό)
695 1052 755 1090 oy
759 1053 805 1077 ov
825 1043 865 1074 et
886 1032 1110 1090 ἀξιόχοεων
1139 1036 1187 1074 ab
1209 1034 1506 1075 amanuensibus
1526 1039 1773 1086 permisceri.

307 1095 375 1139 hic
393 1108 532 1146 sequor
553 1097 722 1133 omnium
745 1107 989 1131 consensum.
1029 1093 1099 1131 Sic
1130 1094 1270 1132 iterum
1289 1093 1331 1131 L
1351 1091 1470 1130 XIX.
1496 1094 1570 1135 89.
1601 1092 1671 1133 καὶ
1701 1090 1775 1134 δύ..

308 1168 435 1206 ναμιν
455 1151 532 1204 μὲν
552 1167 663 1191 ουκ(
648 1149 751 1202 ἔχων
771 1150 862 1203 περὶ
882 1145 1011 1190 αὑτὸν
1031 1144 1269 1202 ἀξιόχρεων.
1299 1149 1435 1188 WVEss.

426 1209 631 1250 275-186
662 1207 750 1259 Τῆς
770 1204 814 1246 δὲ
835 1206 890 1259 φ)
882 1203 990 1259 ογὸς
1010 1203 1119 1259 ἄφνι
1100 1221 1131 1245 ω
1154 1203 1260 1259 ποὸς
1278 1204 1390 1256 υψος
1412 1201 1648 1258 αῗοομένης]
1663 1204 1774 1245 Dant

308 1265 406 1304 haec
427 1267 657 1303 sententiam
671 1263 920 1310 conmodam,
947 1275 1018 1299 nec
1040 1264 1208 1309 peiorem
1229 1265 1398 1312 scriptus
1420 1260 1517 1312 Reg.
1537 1273 1592 1312 pr.
1585 1289 1609 1309 .‚
1633 1266 1776 1313 quique

309 1323 358 1360 ab
391 1336 435 1360 eo
466 1328 571 1360 stant
598 1321 679 1359 alii.
716 1320 848 1369 Itaque
875 1321 980 1368 optio
1009 1319 1081 1356 tibi
1109 1318 1315 1356 deferetur.
1354 1317 1534 1356 Ceterum
1554 1316 1708 1371 Trogus
1728 1320 1773 1358 L.

310 1377 425 1417 XIII.
455 1379 602 1416 cladem
633 1376 733 1415 hanc
763 1375 1070 1414 Larandensium
1108 1382 1146 1412 et
1180 1374 1399 1413 Isaurorum
1429 1376 1518 1413 stilo
1546 1382 1774 1425 persecutus

311 1442 396 1474 erat
422 1435 647 1486 diligenter:
685 1440 726 1471 at
744 1432 915 1471 Iustinus
939 1431 983 1470 L.
1004 1431 1116 1470 XIII.
1138 1433 1179 1472 6.
1215 1434 1296 1469 eius
1326 1431 1429 1469 dicta
1450 1433 1491 1469 in
1515 1433 1774 1480 conpendium.

310 1493 517 1543 redigens,
554 1492 727 1528 turbavit
746 1492 901 1537 omnia,
939 1501 1111 1538 quaeque
1132 1488 1178 1525 de
1199 1487 1343 1526 Isauris
1365 1497 1476 1526 erant
1495 1487 1591 1525 bene
1608 1489 1774 1539 prodita,

310 1548 565 1599 inprudenter
577 1546 868 1596 Cappadocibus
888 1546 1146 1595 transcripsit,
1166 1546 1297 1594 pulcre
1317 1545 1365 1582 ad
1378 1544 1571 1592 orosium,
1587 1545 1773 1584 alustino
1812 1575 1819 1582 ,

307 1606 352 1643 in
363 1605 540 1643 fraudem
556 1606 765 1654 inpulsum,
793 1603 953 1640 docente
964 1602 1186 1639 doctissimo
1198 1600 1435 1639 FabricioL.
1456 1601 1523 1638 III.
1539 1602 1611 1641 33-
1635 1601 1772 1641 WESS.

426 1662 534 1702 275.
566 1662 639 1701 37
679 1655 836 1699 Νίκαιά
864 1673 907 1698 τε
929 1653 954 1710 ἦ
982 1653 1255 1711 Ἀντιπάτρου
1274 1659 1360 1710 θυ9
1363 1653 1490 1710 άτηο]
1518 1657 1663 1696 Eadem
1683 1666 1772 1709 post

307 1718 519 1757 Perdiccae
542 1724 702 1755 mortem
722 1719 764 1754 in
785 1714 1006 1766 Lysimachi
1033 1727 1189 1751 manum
1210 1727 1310 1752 conv
1313 1717 1414 1761 enit,
1443 1721 1487 1751 ut
1506 1727 1556 1751 ex
1577 1713 1771 1753 Strabone

309 1775 355 1813 L.
377 1775 468 1813 XII.
489 1787 526 1824 p.
549 1775 653 1816 848.
673 1772 714 1811 C.
737 1779 883 1810 notum.
924 1770 1127 1821 Cleopatra
1149 1783 1244 1808 vero
1274 1784 1318 1808 ea
1341 1772 1425 1819 ipsa
1448 1777 1528 1818 est,
1569 1770 1616 1808 de
1635 1784 1709 1821 qua
1727 1772 1772 1810 L.

308 1831 421 1870 XVI.
442 1833 530 1878 92.‚
559 1833 693 1881 primis
714 1830 864 1877 nuptiis
884 1827 1108 1866 Alexandro
1128 1826 1376 1875 Epirotarum
1394 1830 1481 1878 regi
1500 1828 1701 1875 collocata,
1724 1835 1772 1866 ut

307 1888 408 1926 bene
438 1888 609 1926 Iustinus
641 1887 683 1925 L.
705 1885 817 1924 XIII.
844 1885 883 1925 5.
925 1885 969 1922 Id
991 1897 1133 1933 prave,
1161 1884 1263 1933 quod
1283 1883 1530 1931 Perdiccam,
1565 1884 1655 1922 dum
1675 1886 1770 1923 duas

310 1946 445 1991 eodem
465 1951 634 1994 tempore
653 1956 794 1981 uxores
816 1949 1029 1992 quaereret,
1054 1947 1232 1977 neutram
1249 1941 1475 1986 obtinuisse,
1499 1940 1618 1978 addit.
1643 1940 1772 1980 Duxit

310 2003 414 2039 enim
432 2001 613 2039 Nicaeam
626 2028 637 2047 ‚
666 1999 769 2049 quod
789 2005 940 2048 praeter
958 1994 1185 2051 Diodorumg
1193 1997 1340 2035 fatetur
1361 1997 1516 2035 Arrian.
1534 1997 1635 2047 apud
1653 1998 1769 2040 Phot.

312 2057 407 2097 Cod.
430 2056 553 2095 XCII.
577 2069 613 2105 p.
634 2058 741 2096 220.
771 2054 912 2092 Wess.

426 2116 536 2155 276.
559 2113 636 2153 45.
675 2110 762 2153 Kal
781 2108 857 2163 τὴν
877 2111 961 2150 τῶν
980 2106 1188 2160 βασιλέων
1204 2108 1493 2162 προστασίαν]
1526 2106 1697 2161 Reposui
1718 2123 1769 2149 ex

310 2169 406 2223 Reg.
428 2182 484 2220 pr.
517 2170 720 2238 probatam
740 2169 890 2206 auctori
919 2169 1162 2215 scripturam.
1203 2166 1296 2205 Fuit
1324 2165 1529 2202 Perdiccas
1559 2164 1767 2216 βασιλέων

310 2227 450 2279 ἓπιμεὶ
455 2241 579 2278 ητης,
610 2238 684 2274 quo
708 2227 750 2262 in
770 2236 928 2261 munere
948 2235 1190 2260 successores
1215 2223 1305 2260 dein
1325 2221 1461 2260 habuit
1479 2223 1634 2272 plures,
1662 2224 1767 2261 indi-

311 2292 419 2322 catos
440 2284 602 2320 inferius
624 2296 656 2319 c
678 2283 750 2321 36.
775 2282 849 2320 39
870 2281 948 2320 48.
978 2279 1114 2317 ἎῙΕΞΞ.

422 2341 530 2380 276.
555 2340 628 2378 51.
648 2331 748 2390 3Ηγε
769 2334 1053 2388 τὴνΝίκαιαν]
1081 2334 1249 2372 Damnat
1260 2332 1432 2373 Thomas
1449 2330 1673 2387 Magister
1656 2331 1766 2388 ἄγειν

306 2401 480 2449 γυναῖκα
494 2422 505 2443 ‚
534 2402 649 2443 atque
670 2392 846 2447 ἄγεσθαι
871 2393 1061 2440 praefert,
1087 2392 1190 2441 quod
1208 2399 1311 2428 certe
1332 2392 1594 2442 frequentiore
1614 2391 1766 2430 Attico-

307 2466 394 2492 rum
413 2465 486 2490 usu
503 2454 650 2489 teritur.
680 2450 817 2500 Lysias
835 2448 904 2488 Or.
925 2448 954 2485 Ι.
975 2451 1018 2488 2.
1051 2445 1188 2499 ἐπειδη
1213 2445 1332 2495 ἔδοξέ
1349 2463 1421 2498 μοι
1441 2450 1569 2500 γῆμαι
1594 2448 1664 2487 καὶ
1691 2463 1765 2502 yv-

306 2514 430 2548 ναΐκα
457 2503 671 2574 τ9γα9όμην
694 2506 749 2552 εἷς
777 2503 851 2557 τὴν
877 2504 1024 2544 οῗκιάν.
1065 2504 1249 2553 Iosephus
1269 2503 1369 2542 Belli
1387 2504 1469 2542 Iud.
1492 2505 1535 2544 L.
1561 2504 1592 2542 Ι.
1618 2507 1691 2545 12.
1713 2507 1759 2546 2,

306 2561 508 2618 πρότερον
527 2563 603 2615 μὲν
619 2560 696 2616 γὰρ
724 2563 825 2615 ἦκτο
846 2565 1021 2614 γυναῖκα
1041 2562 1126 2600 τῶν
1156 2559 1398 2612 ἐπιχωρίων
1435 2567 1549 2612 atque
1567 2563 1624 2599 ita
1641 2563 1762 2610 pleri-

308 2633 394 2672 que,
422 2624 586 2660 alterum
607 2627 733 2657 tamen
757 2631 835 2656 non
854 2619 967 2667 plane
987 2624 1225 2666 spernentes.
1258 2617 1309 2655 W
1313 2627 1397 2653 ESS.

421 2680 527 2718 276.
560 2678 632 2717 59
683 2677 794 2715 (Dave
780 2677 882 2727 ρῶς
905 2689 955 2724 με
940 2672 981 2713 ἐν
1013 2671 1213 2726 ἀπεφαίεν
1197 2687 1261 2713 evo
1296 2693 1344 2701 -—
1377 2665 1759 2728 ἀπολογήσασθαι]

306 2732 449 2772 Confer
468 2734 624 2772 Arrian.
654 2732 756 2782 apud
777 2731 889 2768 Phot.
910 2729 1003 2768 Cod.
1023 2729 1149 2769 XCII.
1171 2742 1209 2778 p.
1232 2732 1339 2771 218.
1369 2729 1505 2767 IVEss

418 2792 527 2830 276.
553 2792 625 2830 72.
664 2785 725 2828 Ου
745 2782 1061 2839 κατεπλάγησαν
1080 2790 1173 2832 ταῖς
1190 2789 1387 2852 ψυχαῖς]
1404 2785 1490 2822 Iure
1509 2799 1600 2837 ergo
1619 2777 1756 2824 Chlae-

304 2859 397 2885 neas
417 2847 518 2897 apud
537 2845 744 2897 Polybium
764 2843 808 2882 L.
830 2842 902 2882 IX·
924 2844 1001 2884 24.
1027 2841 1217 2885 Λῖτωλοι
1233 2840 1312 2897 γὰρ
1331 2837 1477 2894 μόνοι,
1502 2844 1642 2893 inquit,
1664 2843 1753 2884 τῶν
