1891 3310
283 188 348 229 IN
377 183 719 229 EXCERPTA
749 182 830 223 DE
862 179 1023 222 VIRT.
1055 180 1134 221 ET
1165 179 1281 220 VlT.
1414 182 1505 223 461

53 305 197 346 Verum
223 311 426 352 utrumque
455 308 525 339 est.
585 299 700 337 Prior
730 295 961 349 Agathocles
986 297 1160 344 captivus
1189 294 1374 332 abductus
1395 301 1433 331 et
1453 295 1512 333 di-

53 366 194 402 missus
217 369 296 409 est,
326 367 407 397 tum
428 365 556 408 pater,
584 357 731 406 accepti
750 354 926 391 beneficii
945 354 1144 389 inmemor.
1203 352 1338 389 VVESS.

170 419 275 458 559.
304 418 376 456 57.
421 411 547 455 ,ΠἸετὰ
569 410 645 464 τὴν
672 410 825 450 ἅλωσιν
844 413 918 460 τῆς
935 403 1216 458 Λυσιμάχου]
1258 404 1513 457 Lysimachus

55 476 279 525 transfugae
299 473 433 510 fraude
452 474 493 508 in
515 472 601 506 loca
622 469 804 515 difficilia,
832 467 896 503 ubi
918 472 955 502 et
974 477 1092 513 aquae
1111 472 1148 500 et
1166 476 1344 500 annonae
1369 464 1513 510 inopia,

55 533 253 569 coniectus
285 531 372 566 fuit.
444 527 603 563 Pressus
630 527 696 562 siti
729 530 767 560 et
800 524 899 560 fame
931 536 970 558 se
1001 521 1171 565 dedidit,
1212 527 1328 569 utque
1349 521 1514 567 primum

54 588 176 635 bibit,
213 587 314 639 φεῦ,
346 585 492 633 inquit,
533 583 608 632 τῆς
626 579 727 632 ἐμῆς
748 578 915 625 κακίας,
955 574 1001 623 ὃς
1021 575 1069 615 δι’
1092 572 1247 628 ἡδονὴν
1270 572 1378 615 οὕτω
1405 578 1516 626 βρα-

50 643 169 695 χεῖαν
198 639 416 692 ἐστέρημαι
443 635 658 690 βασιλείας
688 631 936 687 τηλικαύτης
960 641 1057 671 teste
1085 632 1187 672 Plut.
1223 633 1268 669 de
1294 632 1376 669 Ser.
1397 631 1512 668 Num.

55 700 170 738 vind.
201 712 236 748 p.
262 699 365 738 555.
393 696 440 733 E.
481 702 520 732 et
550 693 675 731 Sanit.
695 691 846 729 Tuend.
878 705 913 740 p.
934 691 1035 730 129.
1066 689 1110 727 Ε.
1183 689 1287 725 Adde
1315 689 1515 737 Polyaen.‚

56 757 167 794 cuius
191 767 360 792 errorem
377 752 454 789 viri
476 751 580 788 docti
598 750 694 786 bene
714 750 1046 797 perstrinxerunt,
1076 745 1215 784 L.V11.
1239 746 1313 785 25.
1371 743 1512 784 Wrzss,

171 812 275 851 559.
304 812 378 850 67.
402 803 559 861 ”Χάριν
582 805 679 853 ἕξειν
708 803 838 858 ὀᾳειλ.
861 808 948 849 τοῖς
973 801 1103 857 Θρᾳξὶ
1126 799 1240 853 παρὰ
1259 802 1333 841 τοῦ
1355 799 1517 839 σωθέν-

54 867 150 918 τος]
194 867 310 905 Videt
338 867 520 916 quisque,
560 862 650 912 quid
667 859 956 898 Dromichaetes
973 861 1080 896 velit.
1142 857 1218 894 Sed
1239 859 1362 894 oratio
1386 857 1515 893 labare

54 924 223 963 videtur.
265 918 403 973 Χάριν
424 918 527 971 ἔχειν
549 920 595 956 de
613 921 751 970 gratia,
782 930 877 966 quae
897 918 1041 962 initur,
1070 927 1146 951 non
1164 926 1322 963 prorsus
1342 914 1516 950 insolens

57 992 163 1027 esse,
203 985 367 1016 constat.
426 977 478 1013 At
494 983 576 1013 tum
594 971 692 1020 τοὺς
714 973 885 1029 Θρᾷκας
904 976 1138 1020 oportuerat.
1186 966 1325 1022 λ’άριν
1345 966 1454 1020 ἥξειν
1481 969 1517 1007 si

54 1038 232 1088 legatur,
274 1036 371 1072 bene
398 1035 577 1072 fortassis
603 1031 808 1070 verborum
828 1031 947 1065 series
972 1027 1159 1064 decurret.
1216 1027 1268 1062 At
1285 1033 1461 1062 neutrum
1482 1025 1519 1062 si

54 1095 225 1144 placeat,
261 1090 362 1139 ἕξειν
382 1089 591 1140 pertinebit
607 1088 657 1125 ad
675 1085 995 1130 Dromichaeten,
1034 1086 1097 1134 qui
1116 1085 1281 1134 gratiam
1300 1081 1521 1118 Thracibus

56 1150 246 1196 debitam,
270 1162 294 1186 a
311 1145 541 1198 Lysimacho
564 1147 615 1182 sit
635 1145 814 1180 initurus.
864 1141 926 1178 Tu
946 1140 1058 1187 vide,
1088 1139 1239 1176 Lector.
1296 1138 1432 1176 IVEss.

173 1207 277 1246 560.
313 1205 385 1245 84.
426 1198 703 1252 Ἔπικειμὲνης
745 1196 875 1249 αὐτῆς
910 1199 986 1249 τῆς
1015 1194 1235 1248 τραπέζης]
1295 1194 1520 1245 Legendum

55 1268 116 1299 est
134 1257 416 1312 ὑποκειμένης.
462 1259 652 1308 Intelligit
676 1257 780 1293 enim
801 1256 941 1305 ligneis
962 1253 1118 1303 quadris
1140 1252 1374 1301 suppositam
1397 1252 1519 1287 fuisse

55 1332 227 1356 mensam
263 1317 415 1354 nudam.
474 1315 541 1353 Sic
570 1317 651 1352 vim
681 1312 852 1349 Graecae
882 1312 987 1348 vocis
1016 1306 1147 1359 αὐτῆς
1174 1309 1403 1346 vertendam
1435 1319 1520 1343 esse

58 1376 293 1413 existimavi.
349 1372 481 1410 Latini
501 1373 603 1408 enim
624 1369 771 1406 nudum
798 1374 962 1414 vocant,
999 1365 1101 1416 quod
1123 1372 1263 1403 ornatu
1284 1370 1403 1403 caret.
1463 1362 1521 1399 lta

57 1432 253 1471 Iuvenalis
273 1428 354 1467 Sat.
373 1428 445 1465 XI.
471 1427 596 1476 (vers.
613 1426 714 1476 96.)

227 1486 310 1525 Sed
334 1487 438 1524 nudo
469 1485 598 1522 latere
627 1489 669 1520 et
685 1481 832 1533 parvis
848 1478 977 1527 frons
1002 1490 1126 1516 aerea
1155 1477 1280 1515 lectis.

58 1543 126 1582 ubi
153 1550 264 1581 vetus
295 1541 553 1588 scholiastes,
588 1538 703 1577 Nudo
733 1538 885 1584 latere,
920 1537 1066 1584 inquit,
1105 1535 1148 1572 id
1169 1541 1248 1582 est,
1273 1544 1350 1572 non
1375 1537 1522 1570 ornata

57 1602 224 1653 sponda.
282 1598 472 1636 Martialis
496 1599 539 1634 in
558 1595 836 1646 Apophoretis,
866 1592 1004 1643 Epigr.
1025 1600 1202 1628 CXLVIII.

226 1654 341 1694 Nudo
369 1656 568 1692 stramina
600 1666 649 1691 ne
678 1659 765 1689 toro
783 1655 993 1702 paterent,

226 1712 399 1752 Iunctae
428 1724 499 1749 nos
528 1710 602 1747 tibi
623 1710 799 1747 venimus
830 1718 1003 1744 sorores.
1063 1703 1214 1740 VALES.

51 1765 328 1821 Ἐπικειμένης
347 1765 497 1819 αὐτῆς]
530 1766 742 1803 Salmasius
764 1767 806 1800 in
827 1764 973 1811 scripto
991 1760 1090 1797 libro
1116 1756 1258 1803 αὐτοῖς
1280 1756 1453 1803 invenit,
1485 1761 1523 1791 et

55 1827 251 1876 probavit.
308 1824 463 1870 Voluit,
490 1823 628 1869 credo,
657 1820 730 1857 hoc
749 1819 936 1857 indicari:
979 1816 1137 1866 quadris
1159 1816 1297 1866 ligneis
1319 1819 1358 1849 et
1376 1811 1521 1849 vilibus

57 1883 164 1920 cibos
183 1883 303 1919 fuisse
320 1882 523 1929 inpositoS,
548 1891 717 1916 mensam
736 1889 829 1914 vero
843 1874 1016 1912 Thraces
1038 1875 1155 1923 ipsos,
1188 1870 1349 1922 genibus
1369 1871 1522 1905 incum-

57 1939 228 1985 bentem,
254 1938 498 1983 sustinuisse,
523 1942 567 1972 ut
586 1934 684 1984 apud
699 1931 950 1981 Xenophont.
968 1930 1068 1978 Exp.
1091 1928 1181 1978 Cyr.
1204 1925 1340 1965 L.V11.
1365 1925 1520 1973 p.316.

61 1995 174 2040 Quod
197 1997 229 2031 si
250 1995 518 2044 amplecteris,
543 1991 809 2028 emendatione
830 1989 976 2025 Valesii
997 1985 1097 2024 nihil
1119 1997 1214 2034 opus
1235 1985 1324 2021 erit.
1383 1981 1524 2018 WVESS.

174 2051 279 2091 560.
311 2053 382 2091 88.
424 2047 637 2100 Μέγιστον
665 2049 750 2086 τῶν
781 2040 983 2097 κεράτων]
1047 2041 1218 2078 Thraces
1250 2038 1432 2076 cornibus
1465 2038 1523 2073 bi-

57 2108 149 2146 bere
171 2109 305 2145 solitos
328 2107 440 2144 docet
460 2106 526 2142 lib.
549 2104 631 2142 VII.
657 2103 715 2152 (p.
732 2103 854 2152 316.)
892 2099 1166 2148 Expeditionis
1187 2095 1280 2147 Cyri
1299 2093 1523 2145 Xenophon

59 2172 99 2203 et
117 2163 353 2202 Athenaeus.
410 2162 560 2199 VALES.
1237 2177 1241 2179 —

175 2221 280 2261 560.
310 2220 385 2260 91.
420 2215 481 2258 Τὸ
504 2211 798 2258 Μακεδονικὸν
818 2207 1028 2262 εἴπόντος]
1071 2208 1232 2248 Caetera
1255 2207 1524 2245 desiderantur

61 2278 176 2328 gravi
202 2289 294 2315 sane
320 2278 508 2322 iactura,
531 2285 628 2323 quae
652 2274 817 2309 fortasse
845 2271 982 2308 sarciri
1006 2274 1133 2318 potest
1162 2279 1210 2303 ex
1231 2264 1435 2302 Strabonis
1455 2263 1522 2299 lib.

61 2333 146 2371 VII.
176 2332 237 2382 (p.
257 2333 364 2373 463.
382 2329 447 2383 A.)
477 2331 542 2368 ubi
573 2330 619 2367 de
645 2327 916 2366 Dromichaete
937 2325 1123 2362 Getarum
1147 2336 1239 2373 rege
1267 2321 1361 2358 haec
1389 2319 1523 2356 habet:

61 2387 211 2435 ἐκεῖνος
238 2387 376 2428 τοίνυν
398 2384 540 2437 λαβὼν
562 2384 733 2441 ζωγρεία
750 2382 1009 2434 Λυσιζιιαχον
1036 2373 1415 2431 ἐπιστρατεύσαντα
1449 2373 1525 2414 αὐ-

61 2448 144 2501 τῷ,
183 2444 318 2492 δείξας
337 2441 412 2495 τὴν
434 2442 575 2482 πενίαν
594 2438 671 2494 τήν
692 2456 734 2480 τε
759 2438 888 2480 αὐτοῦ
912 2437 981 2477 καὶ
999 2440 1074 2477 τοῦ
1095 2434 1268 2481 ἔθνους,
1304 2429 1458 2484 ὁμοίιος
1479 2429 1525 2470 δὲ

61 2501 130 2542 καὶ
150 2498 226 2553 τὴν
248 2496 515 2552 αὐτάρκειαν,
545 2497 726 2538 ἐκέλευσε
757 2501 844 2542 τοῖς
865 2490 1068 2539 τοιούτοις
1085 2490 1143 2544 μὴ
1164 2493 1378 2541 πολεμεῖν,
1417 2484 1523 2526 ἀλλὰ

60 2557 198 2612 φίλοις
222 2559 427 2609 χρῆσθαι.
464 2558 598 2595 ταῦτα
619 2552 660 2592 δ”
687 2550 811 2593 εἰπὼν
833 2551 994 2599 ξενίσας
1015 2549 1084 2589 καὶ
1107 2545 1361 2597 συνθέμενος
1381 2543 1523 2597 ([ιιλιάν

63 2613 263 2654 ἀπέλυσεν
303 2608 443 2652 αὐτόν.
513 2611 575 2648 Ex
606 2610 743 2660 quibus
775 2621 915 2659 magna
949 2608 1017 2644 lux
1045 2605 1204 2643 affertur
1242 2602 1330 2640 huic
1357 2600 1524 2638 Diodori

63 2672 162 2708 loco.
191 2670 341 2707 VALES.
382 2668 575 2706 Dimissus
594 2674 651 2704 est
671 2664 938 2716 LysimachuS,
966 2668 1166 2712 postquam
1186 2673 1279 2710 pace
1302 2659 1402 2695 inita
1420 2655 1523 2694 Dro-

64 2726 274 2764 michaetae
294 2725 483 2763 Thraciae
503 2730 649 2775 partem
677 2729 786 2760 trans
812 2721 955 2758 Istrum
986 2726 1025 2757 et
1042 2719 1163 2756 filiam
1185 2728 1344 2754 uxorem
1365 2725 1523 2749 conces-

63 2778 188 2820 sPsset.
211 2817 226 2825 ..
244 2780 451 2821 Συνέθετο
471 2778 576 2834 πρὸς
595 2776 883 2832 Δρομιχαίτην,
909 2771 1096 2828 εῗρήνην,
1135 2775 1209 2824 τῆς
1228 2786 1271 2810 τε
1296 2768 1425 2822 ἀρχῆς
1448 2771 1522 2819 τῆς

63 2836 192 2880 αὐτοῦ
215 2836 268 2880 τὰ
289 2836 418 2893 πέραν
436 2835 603 2893 Ἴστρου
620 2834 764 2891 παρεὶς
796 2836 854 2891 τῷ
878 2833 906 2875 Ι
915 2831 1008 2886 ἐτη,
1044 2830 1112 2872 καὶ
1140 2824 1353 2882 θυγατέρα
1387 2838 1522 2865 συνοι-
