1859 3326
285 172 357 216 92,
751 169 1280 212 ANNOTATIONES

279 284 535 331 BranchidIs
553 282 761 325 oraculum
784 283 1020 325 consuleret.
1050 283 1180 326 Etiam
1199 284 1341 326 Strabo
1361 283 1404 325 1..
1422 283 1494 325 lx.
1519 296 1556 337 p
1576 285 1684 330 616
1696 286 1758 329 Β]

281 358 383 392 τους
401 341 446 383 δὲ
463 338 736 395 Πελασγοὺς,
761 339 960 394 μένοντος
983 338 1040 382 ἔτι
1059 344 1136 382 τοῦ
1160 340 1367 394 πολέμου,
1391 342 1751 413 χρηστηριαζομέ-

282 415 383 448 νους
406 396 616 439 ἀπελθεῖν.
654 396 707 435 Et
725 397 773 435 de
793 396 1012 447 Trophonii
1031 406 1146 436 antro
1175 412 1211 449 p.
1232 399 1339 439 634.
1361 398 1402 437 C.
1436 399 1677 451 καταβαίνει
1699 397 1746 442 δ’

281 454 413 504 αὐτὸς
435 450 455 496 ὅ
470 449 895 523 χρηστηριαζόμενος.
928 461 1009 491 tum
1027 453 1071 492 L.
1093 454 1199 492 XVI.
1223 466 1262 503 p.
1280 456 1419 498 1105.
1440 454 1484 493 Β.
1517 456 1585 495 καὶ
1606 452 1749 524 ὃχρη-

281 507 608 567 στηριαζόμενος
633 506 685 563 ἦν
723 505 818 550 τότε
848 506 1002 559 πολὺς,
1043 508 1112 549 καὶ
1140 508 1297 564 τρέχων
1326 510 1383 558 εις
1411 509 1489 563 μέν
1515 509 1757 566 Δωδώνην.

282 569 432 609 Contra
452 581 496 606 ea
510 562 826 620 χρηστηριάζειν
856 568 1002 604 oraculi
1023 578 1198 616 praeses,
1221 573 1310 616 aut,
1341 569 1500 606 numine
1520 571 1605 607 eius
1624 571 1750 620 plena,

280 633 392 669 vates
416 623 651 675 perhibetur.
695 622 764 661 Sic
794 622 841 659 de
870 622 1052 671 Apolline
1075 621 1218 661 Strabo
1247 622 1292 661 L.
1311 622 1384 662 IX.
1416 638 1453 675 p.
1477 626 1585 667 646.
1603 625 1648 664 Β.
1678 624 1749 666 καὶ

280 676 539 750 ἐσωφρόνιζε
560 683 649 727 τοῖς
681 677 764 747 μὲν
781 678 1290 729 ΧΡΗΣΤΗΡΙΑΖΩΝ,
1319 678 1387 719 καὶ
1406 677 1460 720 τὰ
1479 679 1556 732 μὲν
1585 678 1746 723 ἓπιτᾶτ

280 754 389 787 των,
414 734 469 778 τὰ
493 734 539 776 δὲ
557 730 841 788 ἀπαγορεύων.
890 734 986 773 Mox
1006 748 1101 773 vero
1134 734 1278 774 Noster
1304 737 1390 787 lege
1408 739 1600 776 sancitum
1627 739 1751 777 fuisso.

280 796 426 843 tradit,
455 789 602 845 μηκέτι
630 789 845 844 παρθένον
878 791 1049 831 ΧΡΗΣ
1051 792 1394 833 ΤΗΡΙΑΖΕΙΝ.
1435 805 1550 843 quam
1580 794 1749 844 quidem,

279 853 387 893 mala
403 851 439 888 si
454 849 530 887 fide
549 848 748 886 oraculum
765 847 968 894 redderet,
995 845 1425 902 παραχρηστηριάζειν
1442 850 1641 900 ferebant,
1670 852 1749 888 gie..

278 911 343 949 uti
359 906 564 946 Dodonaei
583 904 688 943 Iovis
709 904 928 942 antistitam
946 904 1101 972 Pelasgi
1119 905 1219 956 apud
1239 904 1422 943 Strabon.
1438 904 1483 943 L.
1496 905 1567 946 IX.
1585 919 1621 956 p-
1637 909 1745 952 616.-
1753 916 1755 919 '

280 964 324 1005 C.
352 963 475 1002 Usum
504 963 618 1011 parili
638 960 752 999 modo
770 962 882 1026 χρζιν
908 967 948 999 et
960 957 1213 1017 χρήσασθαι
1233 961 1495 1015 distinguere,
1519 970 1656 1002 notum
1677 970 1753 1003 est.

280 1022 415 1072 Itaque
434 1027 601 1057 transeo.
626 1016 766 1055 Wssss.

398 1077 505 1118 101.
536 1076 575 1116 1.
602 1071 755 1120 ''102109
777 1069 1000 1124 χάσματος
1027 1070 1071 1114 ἓν
1096 1067 1235 1129 τούτῳ
1257 1075 1316 1115 τῶ
1343 1069 1491 1130 τόπῳ]
1528 1073 1750 1145 Descripsit

278 1134 376 1174 haec
397 1132 530 1171 Schol.
549 1129 598 1168 ad
613 1128 883 1179 Aristophanis
906 1130 1008 1168 Plut.
1030 1144 1069 1170 v.
1095 1131 1137 1171 9.
1172 1116 1232 1168 De
1251 1132 1378 1180 capris
1399 1138 1439 1169 et
1463 1133 1655 1182 caprario,
1683 1135 1750 1171 cut

278 1203 423 1231 nomen
443 1188 625 1235 comae,
654 1186 841 1236 quaedam
860 1186 962 1225 Plut.
984 1187 1030 1224 de
1060 1186 1176 1224 Orac.
1203 1186 1352 1225 Defect.
1376 1199 1414 1237 p.
1438 1189 1548 1229 433.
1572 1188 1636 1237 D.
1665 1190 1746 1227 sic-

279 1249 342 1287 uti
359 1248 406 1285 de
426 1243 619 1294 profundo
639 1249 763 1280 terrae
779 1243 991 1293 foramine,
1017 1242 1121 1294 quod
1150 1246 1193 1282 in
1214 1246 1371 1283 oracula
1397 1246 1578 1295 patebat,
1608 1244 1747 1314 lustin.

279 1301 593 1345 1..XX1v.16.
622 1299 760 1337 WESS·

396 1360 505 1401 101.
535 1358 577 1397 3.
620 1355 707 1397 Καὶ
735 1352 826 1408 περὶ
853 1356 979 1396 τοῦτο
1006 1353 1263 1409 γενομένων]
1295 1354 1603 1395 Rhodomannus
1621 1371 1749 1410 νεμο·

276 1414 438 1473 μένων,
467 1416 561 1451 satis
581 1413 791 1464 eleganter.
832 1410 945 1450 Solet
974 1421 1104 1450 tamen
1133 1420 1270 1450 auctor
1290 1415 1493 1464 vulgatum
1521 1427 1566 1451 eo
1585 1426 1657 1451 usu
1685 1420 1746 1451 te-‘

276 1485 441 1521 rere‚u
415 1478 460 1510 ut
481 1483 563 1508 esse
591 1478 704 1519 atque
723 1470 853 1517 aliqua
882 1470 924 1506 in
943 1482 985 1508 re
1007 1471 1157 1509 versari
1185 1471 1386 1521 exprimat.
1426 1470 1515 1510 vid.
1536 1477 1618 1509 not.
1638 1472 1680 1508 in
1699 1470 1743 1510 L.

277 1530 354 1572 XI.
375 1529 449 1571 75.
480 1534 519 1564 et
538 1525 647 1565 XlV.
668 1528 744 1567 26.
771 1525 913 1563 Wsss.

396 1585 500 1626 101.
529 1585 601 1625 17.
640 1581 726 1623 Καὶ
755 1583 1012 1633 νομισθῆναι
1038 1583 1115 1634 τῆς
1145 1581 1232 1633 Γῆς
1251 1576 1351 1620 ειναι
1382 1596 1430 1621 το
1445 1577 1742 1636 χρηστηριον]

280 1642 443 1681 Oraculi
464 1641 656 1689 possessio
675 1652 756 1677 non
776 1638 909 1676 eadem
927 1651 1088 1688 semper.
1130 1637 1281 1675 Primas
1303 1640 1473 1688 plerique
1495 1652 1626 1677 omnes
1648 1640 1747 1677 dant

278 1698 424 1738 Terrae
444 1697 584 1744 matri,
608 1695 713 1735 Plut.
737 1695 782 1731 de
812 1694 927 1745 Pyth.
949 1694 1062 1732 Orac.
1081 1708 1118 1744 p.
1137 1696 1245 1735 402.
1265 1694 1313 1732 D.
1352 1694 1504 1735 Aelian.
1528 1695 1630 1733 Hist.
1650 1696 1740 1734 Var-

276 1755 323 1796 L.
344 1754 413 1794 ΙΙΙ.
432 1756 484 1801 1.,
509 1765 623 1801 quam
642 1758 848 1801 propterea
868 1748 945 1802 τὴν
962 1746 1255 1803 πρωτόμαντιν
1276 1752 1409 1790 Γαῖαν
1430 1751 1610 1802 Aeschyl.
1632 1754 1743 1802 prin-

278 1814 353 1862 cip.
382 1809 585 1849 Eumenid.
606 1815 742 1847 vocat:
769 1806 920 1844 Telluri
940 1814 1068 1844 tamen
1090 1810 1237 1845 socium
1269 1807 1446 1858 adiungit
1463 1808 1628 1846 Pausan.
1660 1808 1747 1852 Ne<

277 1876 464 1918 ptunum‚
493 1864 536 1903 L.
554 1864 607 1904 X.
633 1866 672 1905 5.
693 1878 730 1914 p.
747 1865 876 1911 809.;
904 1864 971 1900 sed
1000 1862 1125 1901 Terra
1153 1863 1309 1900 tandem
1330 1866 1412 1901 iure
1433 1877 1503 1902 suo
1534 1867 1744 1913 concessit,

275 1925 393 1974 idque
413 1925 637 1961 universum
658 1920 839 1958 Themidi
856 1922 1124 1969 transcripsit,
1153 1921 1221 1957 illa
1244 1933 1337 1958 vero
1361 1921 1557 1969 Apollini,
1589 1928 1679 1968 aut,
1705 1924 1743 1960 si-

275 1980 511 2031 Aeschylum
532 1978 668 2015 audire
689 1978 871 2016 malueris
884 2002 897 2024 ,
922 1976 1124 2025 Phoebae,
1148 1988 1247 2026 quae
1268 1976 1309 2013 id
1331 1977 1488 2015 tandem
1506 1977 1680 2028 Apollini
1697 1980 1741 2017 in

273 2037 445 2078 solidum
469 2035 731 2072 condonavit.

451 2111 500 2121 --
531 2090 701 2130 δίδωσιν
721 2086 758 2129 δ’
780 2106 805 2141 η
787 2085 1038 2157 ι“γενιε’3λιον
1058 2082 1150 2128 δόσι

280 2179 284 2183 -
450 2146 610 2202 Φοίβω.
639 2161 677 2186 τ(
713 2145 876 2198 Φοίβης
903 2142 944 2184 ‹5'
981 2142 1094 2196 ὄνομ’
1147 2144 1211 2195 ἐι
1230 2138 1495 2197 παρώνυμον

275 2205 363 2246 Hae
393 2204 675 2243 veteratoribus
697 2204 790 2239 olim
817 2210 944 2248 antee,
973 2208 1018 2238 ut
1045 2159 1244 2239 indoctam
1265 2201 1501 2250 plebeculam
1522 2207 1738 2251 pascerent,

276 2269 316 2302 et
337 2263 485 2300 oraculi
504 2261 694 2311 originem
721 2271 833 2308 quam
860 2258 1169 2306 antiquissimam
1186 2259 1371 2296 facerent.
1401 2257 1541 2296 Wnss.

394 2320 497 2358 102.
527 2318 602 2357 23.
642 2314 870 2368 Προφῆτίν
901 2329 945 2353 τε
975 2313 1078 2364 μίαν
1114 2316 1215 2353 πᾶσι
1244 2327 1505 2366 καταστησαι
1535 2313 1734 2365 γυναῖκα]

274 2373 338 2414 Ita
355 2375 479 2413 valuit
498 2375 631 2422 primis
649 2378 688 2409 et
706 2372 855 2408 ultimis
867 2372 1014 2408 oraculi
1032 2371 1279 2420 temporibus.
1306 2369 1359 2406 At
1378 2370 1605 2408 florentibus
1617 2370 1739 2408 Grae-

275 2432 360 2469 ciae
383 2431 522 2476 rebus,
549 2435 588 2465 et
621 2428 777 2465 credula
809 2428 1082 2476 superstitione
1107 2428 1348 2464 consultores
1377 2425 1550 2475 Delphos
1578 2428 1739 2476 conpel-

275 2488 404 2533 lente,
427 2486 521 2522 duae
538 2486 710 2532 fuerunt,
733 2485 830 2532 qua'e
850 2489 888 2519 et
907 2485 1061 2520 tertiam
1081 2484 1156 2521 sibi
1174 2485 1374 2530 vicariam.
1402 2485 1435 2520 si
1454 2484 1738 2520 sciscitantium

273 2543 495 2591 frequentia
514 2542 789 2591 expostularet,
814 2538 1094 2576 adsciscebant.
1132 2538 1362 2577 Plutarchus
1383 2538 1428 2575 (le
1452 2539 1564 2575 Orac.
1587 2536 1738 2576 Defect.

275 2612 312 2650 p.
331 2599 441 2639 414.
463 2597 506 2635 Β.
533 2595 618 2636 ἐπει
651 2595 696 2636 δὲ
715 2597 774 2635 τῶ
804 2596 892 2634 θεῶ
927 2591 1054 2641 δόξαν
1083 2592 1236 2643 ου’τως,
1264 2591 1336 2646 η’τε
1359 2589 1516 2640 ιΕὶλοὶς
1535 2589 1734 2661 ἐρρώσθη

273 2649 439 2701 πόλεσι,
471 2652 540 2692 καὶ
568 2650 615 2691 τὸ
648 2652 814 2721 χωρίον
833 2636 1076 2704 ἀνθρώποις
1104 2647 1203 2689 &nm
1192 2653 1308 2703 θυε,
1335 2650 1527 2690 ΔῩΣῙΝ
1554 2649 1733 2700 ἐχρῶντο

273 2711 360 2752 ΠΙ
364 2705 702 2751 ΟΦΗΤΙΣῙΝ
684 2722 726 2747 εν
757 2703 869 2759 μέρει
889 2705 1177 2774 καθιεμέναις,
1210 2704 1280 2745 καὶ
1305 2705 1495 2745 ΤΡΙΤΗ
1519 2703 1562 2744 ‹5‘
1592 2706 1735 2745 ΕΦΕ-

274 2766 437 2809 ΔΡΟΣ
461 2758 513 2818 ἦν
543 2760 872 2859 ἀποόεὲδειγμένη·
906 2763 979 2802 νῦν
1002 2759 1044 2801 δ’
1076 2760 1163 2802 ἔστι
1184 2758 1261 2813 μιά
1282 2761 1632 2809 ΠΡΟΦΗΤΙΣ,
1663 2760 1732 2801 καὶ

276 2820 355 2863 οὐκ
371 2821 635 2875 ἐγκαλοῦμεν.
664 2818 838 2873 ἓξαρκεῖῑ
851 2814 930 2872 γαρ
952 2813 1056 2871 αἰτὴ
1090 2822 1178 2865 τοῖς
1198 2812 1417 2869 δεομένοις.
1457 2814 1633 2856 Ceterum
1653 2828 1734 2856 om·-
