1859 3326
305 217 398 258 378
783 212 1303 254 ANNOTATIONES

302 329 454 381 Scripsi
472 329 515 368 in
546 338 677 371 eorum
707 329 830 368 altero
846 324 1121 383 πρωτάρχας,
1152 341 1200 367 ex
1230 340 1306 379 quo
1326 325 1574 383 πλωτάρχας
1594 331 1758 370 effictum

301 390 451 435 fuerat,
489 393 527 426 et
558 389 600 425 in
630 389 745 425 tertio
771 385 914 438 βίοτον
943 385 1147 436 λείψουσι·
1184 399 1274 424 nam
1303 386 1446 437 βίοτον
1478 384 1677 437 σώζουσι,
1704 391 1759 426 uti

303 445 466 482 schedae
486 444 652 491 dabant,
682 456 818 482 versus
838 455 917 479 non
936 443 1150 491 patiebatur
1170 444 1361 483 modulus.
1390 443 1555 495 Ipsemet
1576 444 1758 483 Manetho

304 503 434 541 onmia
455 503 530 540 ista
547 513 640 539 vera
658 506 838 548 praestat.
865 499 1001 538 Wnss.

416 559 526 598 469.
553 557 627 597 64.
658 553 808 608 Πύλην
824 553 1090 610 ἀνοίξαντες]
1126 554 1236 595 Haec
1263 554 1429 596 Diodori
1457 569 1606 595 manue.
1652 558 1759 602 Quae

302 614 397 652 hinc
425 615 666 663 discrepant,
695 613 1000 661 exscriptoribus
1026 613 1225 650 debentur.
1256 612 1394 654 WVESS.

416 672 525 712 470
558 672 631 710 88.
669 668 777 723 Περὶ
809 667 856 708 τὸ
893 664 1146 721 καλούμενον
1185 665 1381 723 Γόργων]
1415 669 1560 720 Neque
1586 665 1761 724 Γόργων

302 740 428 777 neque
453 721 678 779 Γοογόνιον
707 728 748 763 in
777 724 915 763 Sicilia
945 733 1178 764 memoratur
1203 738 1375 775 usquam.
1418 725 1563 765 Contra
1586 740 1630 764 ea
1648 739 1760 764 mons

307 782 495 852 Τόηγειον.
524 781 767 851 Hesychius?
792 778 1019 836 Τόογιον,
1007 779 1105 833 όοος
1128 781 1169 822 ἐν
1191 780 1369 842 Σικελίᾳ,
1397 780 1502 824 ὅπου
1522 779 1761 824 νεοττεύου-

302 855 368 882 σιν
388 839 427 882 οἳ
445 841 584 893 γῦπες,
616 836 687 893 ἀφ’
711 854 759 879 ου
781 838 849 879 καὶ
870 838 989 881 αὐτοὶ
1011 837 1074 892 (in
1095 825 1346 890 Lycophron.
1356 839 1467 878 Alex.
1490 854 1528 877 τ
1551 838 1645 892 80.)
1664 835 1760 893 τόρ-

301 913 377 951 9101.
419 898 688 934 observarunt
711 896 811 934 illud
841 899 919 937 viri
947 899 1094 948 egregii
1123 896 1193 933 Ab.
1217 896 1391 933 Ortelius
1423 900 1464 934 in
1496 896 1695 935 Thesauro
1723 902 1762 933 et

301 955 371 992 Ph.
393 953 596 993 Cluverius
621 952 700 990 Sic.
717 953 849 1001 Antiq.
869 953 912 991 L.
934 953 982 991 11.
1003 965 1038 1002 p.
1038 926 1184 1001 ξ3394,
1208 954 1320 1003 idque
1337 953 1400 990 hic
1424 955 1518 992 olim
1537 955 1657 991 fuisse
1677 954 1761 1003 opi-

300 1018 467 1059 nantur,
498 1011 719 1049 coniectura
752 1011 957 1060 plausibili.
994 1009 1137 1048 Locum
1166 1011 1296 1047 eadem
1319 1011 1361 1050 in
1394 1012 1523 1050 insula
1538 1007 1761 1062 ’'Aspcssmag

302 1069 449 1106 dictum
467 1073 606 1106 neuter
625 1069 794 1115 reperire
813 1068 964 1116 potuit,
992 1080 1115 1117 neque
1137 1080 1221 1118 ege.
1253 1067 1390 1106 Wuss.

413 1125 617 1165 470·16·
644 1121 725 1162 Ae?
744 1120 821 1176 γὰρ
843 1119 863 1163 ὃ
886 1120 935 1163 τί·
940 1139 1041 1175 pam*
1045 1138 1089 1169 ος
1113 1145 1161 1152 ·—-
1187 1122 1363 1169 πίστεως
1380 1143 1427 1150 --
1444 1119 1513 1161 καὶ
1529 1137 1666 1175 ορκων
1687 1137 1760 1162 κα-

299 1177 455 1235 τεφοόι
459 1181 513 1231 ει]
544 1180 648 1218 Hinc
663 1179 901 1217 detestabilis
923 1181 1082 1230 tyranni
1098 1192 1190 1227 VOX,
1223 1194 1310 1218 cum
1332 1180 1585 1216 iurisiurandi
1603 1181 1761 1230 religio-

300 1253 389 1276 nem
412 1239 527 1276 solita
548 1237 623 1274 sibi
642 1237 804 1286 perfidia
824 1238 1029 1288 fregisset,
1056 1237 1105 1274 ad
1126 1239 1285 1284 amicos,
1313 1231 1606 1287 &emmo-avt&
1627 1233 1762 1288 ἐξεμέ-

301 1310 439 1348 σωμεν
458 1291 557 1342 τοὺς
578 1290 728 1346 &enavg-
749 1294 848 1343 apud
866 1294 1052 1344 Polyaen.
1078 1292 1246 1344 Strateg.
1267 1293 1312 1333 L.
1334 1293 1382 1332 V.
1408 1293 1450 1332 3.
1480 1293 1517 1332 l.
1547 1293 1683 1330 VVESS

412 1353 521 1392 471
549 1352 623 1390 31.
653 1350 726 1397 Εἷς
746 1349 821 1402 τὴν
842 1352 926 1391 τῶν
948 1349 1155 1402 πολεμίων
1179 1346 1440 1405 παοάθεσιν]
1473 1348 1600 1395 Quid?
1631 1350 1665 1387 si
1682 1363 1762 1388 πα-

301 1404 487 1464 padomum
515 1407 651 1444 Rflon.

413 1466 520 1505 471.
537 1465 610 1504 32.
627 1458 823 1514 Ῥωμαῖοι
842 1461 917 1514 μὲν
929 1462 1160 1510 Παλινιόυς
1181 1457 1612 1516 καταπολεμησᾳντες]
1636 1461 1760 1499 illust.

300 1520 477 1572 Scaliger
496 1519 726 1571 Πελίγνους
749 1519 794 1557 ad
816 1521 907 1558 libri
927 1523 987 1558 sui
1009 1523 1222 1572 marginem
1244 1522 1437 1567 correxit,
1466 1533 1538 1557 nec
1558 1522 1672 1557 aliter
1689 1518 1758 1556 Ph.

299 1578 502 1617 Cluverius
526 1578 609 1615 Ital.
631 1576 722 1614 Ant.
746 1577 785 1614 i..
811 1577 858 1614 ll.
882 1577 952 1619 14.
991 1577 1086 1615 Vide
1111 1577 1223 1615 huius
1241 1578 1332 1615 libri
1353 1590 1385 1614 c.
1408 1578 1510 1616 102.
1538 1576 1674 1614 WVE‘SS.

414 1636 522 1675 471.
552 1635 626 1673 35.
671 1630 761 1684 Τὴν
785 1632 1007 1686 (Βαλερίτιν
1036 1631 1338 1687 πορθούντων]
1370 1634 1504 1671 Livius
1522 1632 1566 1672 L.
1590 1632 1664 1669 IX.
1684 1633 1759 1672 44.

299 1693 447 1739 eodem,
476 1693 615 1741 inquit,
641 1703 744 1728 anno
769 1692 808 1728 in
834 1704 1013 1741 campum
1035 1691 1245 1729 Stellatem
1265 1693 1362 1741 agri
1383 1690 1579 1742 Campani
1600 1689 1760 1728 Samni-

300 1752 395 1787 tium
424 1750 671 1787 incursiones
687 1748 852 1796 factae.
898 1747 1011 1785 Unde
1045 1748 1314 1801 Φαλερνίτιν,
1342 1748 1367 1784 i.
1392 1761 1426 1783 e.
1450 1760 1593 1797 agrum
1612 1746 1758 1784 Faler-

296 1821 401 1854 num,
425 1806 486 1843 hic
509 1807 652 1841 rectius
674 1813 777 1855 puto.
812 1803 954 1857 Campo
975 1806 1079 1844 enim
1104 1805 1263 1844 Stellati
1282 1817 1404 1856 paene
1426 1807 1657 1843 coniunctus
1679 1810 1761 1841 erat

297 1863 500 1901 Falernus.
527 1861 664 1899 Wrzss.

409 1920 518 1960 471.
548 1920 623 1958 37.
663 1915 847 1968 Σημείας
864 1916 940 1970 μὲν
960 1911 1034 1958 οὖν
1053 1915 1214 1960 ἀνεῖλον
1235 1915 1331 1972 eto.]
1361 1915 1555 1971 Σημαίας
1576 1918 1646 1955 alii
1664 1918 1760 1954 scri-

296 1976 420 2025 bunt,
445 1983 490 2013 ut
511 1973 658 2024 loseph.
677 1973 775 2011 Belli
799 1975 841 2012 L.
860 1974 907 2011 ll.
932 1976 973 2015 9.
998 1978 1042 2015 2.
1082 1976 1215 2014 Livius
1234 1976 1331 2014 ibid.
1357 1975 1470 2025 signa
1485 1975 1669 2012 militaria
1688 1986 1759 2011 sex

297 2041 338 2071 et
369 2033 512 2084 viginti
543 2038 654 2080 capta
680 2033 801 2069 fuisse
831 2033 974 2080 refert,
1002 2027 1203 2081 praeterea
1236 2032 1473 2071 Samnitium
1490 2033 1759 2080 imperatorem

298 2090 474 2129 Statium
515 2090 685 2128 Gellium
716 2094 756 2124 et
786 2088 942 2136 urbem,
972 2101 1068 2137 quae
1102 2097 1213 2139 capta
1243 2090 1342 2135 fuit,
1374 2087 1597 2126 Bovianum
1625 2088 1758 2137 adpel-

296 2149 404 2185 lans:
434 2145 595 2184 reddere
619 2144 772 2193 quidem
798 2158 847 2181 ex
869 2144 1043 2183 Diodoro
1062 2154 1221 2186 conatus
1254 2147 1315 2183 illi
1339 2152 1396 2181 est
1412 2144 1557 2183 Bolum
1576 2144 1757 2181 doctissi-

298 2217 383 2242 mus
403 2202 612 2254 Sigonius,
641 2202 707 2238 sed
728 2203 863 2238 invitis
886 2203 984 2240 viris
1003 2204 1229 2240 clarissimis
1249 2202 1324 2239 lac.
1346 2202 1525 2239 Perizon.
1549 2200 1755 2239 Animadv.

298 2260 402 2298 Hist.
432 2273 464 2297 c.
483 2260 527 2299 4.
557 2265 594 2294 et
613 2258 709 2295 Arn.
730 2256 1070 2307 Drakenborchio,
1097 2271 1192 2307 quos
1213 2259 1315 2297 vide.
1360 2257 1415 2295 th
1435 2265 1480 2294 ut
1496 2264 1576 2304 est,
1605 2258 1757 2295 absolvi

298 2318 435 2356 Livius
455 2315 734 2365 incogitantiae
758 2327 836 2352 non
857 2323 997 2363 potest,
1024 2318 1065 2354 in
1086 2323 1253 2366 tempore
1267 2314 1432 2352 Boviani
1450 2317 1627 2366 occupati
1640 2316 1754 2363 plane

298 2374 370 2412 sibi
393 2374 623 2411 contrarius.
656 2371 742 2408 vid.
764 2373 934 2409 eiusdem
956 2373 1021 2410 lib.
1043 2373 1163 2415 c.31.
1192 2372 1337 2412 Bolani.
1356 2370 1553 2413 Diodorus
1573 2377 1672 2410 extr.
1685 2371 1754 2409 lib.

297 2429 380 2472 ΧΓ.
444 2425 598 2474 Βώλας
625 2430 876 2476 nuncupavit.
905 2428 1041 2470 WEss.

409 2486 518 2530 471
556 2485 634 2525 46.
678 2480 845 2537 Eadem,
882 2481 1096 2539 Ἀοπίναν
1125 2483 1192 2524 και
1223 2481 1465 2540 Σερεννίαν]
1502 2482 1562 2522 De
1592 2481 1691 2522 Sora
1718 2489 1757 2521 et

296 2543 470 2592 Alpino,
500 2543 555 2578 sie
578 2543 680 2578 enim
703 2548 896 2592 praestat,
923 2556 1002 2580 non
1023 2549 1084 2580 est
1112 2543 1280 2581 dubium.
1318 2541 1518 2579 Postrema
1537 2541 1629 2578 urbs
1648 2543 1755 2578 viros

298 2601 473 2638 eruditos
505 2599 660 2639 diversa
687 2599 728 2635 in
754 2599 882 2635 studia
900 2600 1054 2637 scindit.
1105 2599 1240 2637 Livius
1260 2601 1315 2636 ita
1348 2599 1439 2635 dict.
1468 2599 1577 2634 loco:
1604 2596 1754 2635 Eodem

298 2670 404 2695 anno
434 2656 564 2702 Sora,
599 2654 814 2706 Amineam,
848 2656 1068 2695 Censennia
1098 2663 1262 2708 recepta
1292 2655 1342 2692 αὖ
1370 2654 1624 2691 Smmzicibas.
1671 2653 1752 2690 Ubi

303 2715 524 2752 Censennia
552 2724 632 2753 non
663 2712 741 2749 alia.
767 2726 813 2750 ac
844 2711 1038 2765 Σερεννία
1057 2721 1132 2751 est.
1174 2714 1224 2749 At
1254 2725 1335 2749 eam
1359 2711 1638 2759 Cen-sennium,
1669 2712 1751 2748 sive

303 2771 577 2816 Consentiam,
606 2775 651 2806 ut
669 2768 757 2805 aliis
779 2771 821 2806 in
841 2770 973 2816 libris,
1003 2770 1218 2808 Glareanus
1237 2776 1276 2806 et
1295 2768 1365 2807 Ph.
1389 2766 1544 2805 Cluver.
1567 2767 1648 2804 Ital.
1670 2766 1751 2803 An-

300 2830 371 2875 tiq.
397 2827 440 2864 L.
460 2826 524 2863 111.
547 2837 584 2873 p.
611 2825 746 2866 1044.
781 2825 1010 2864 Aesernia-210
1028 2828 1199 2873 faciunt,
1229 2826 1313 2862 Alb.
1337 2824 1557 2872 Rubenius,
1582 2836 1662 2860 non
1683 2824 1751 2860 ob-

299 2885 480 2931 loquente
501 2883 718 2929 Gronovio,
750 2885 835 2920 viro
857 2884 970 2934 longe
991 2885 1228 2923 doctissimo,
1259 2881 1529 2927 Cerfenniam.
1563 2880 1659 2917 Mihi
1683 2892 1751 2928 po-
