1859 3326
311 210 451 258 Lxx'x
932 221 968 251 H
979 221 1008 251 E
1022 221 1054 251 Y
1067 219 1096 250 N
1110 221 1140 251 E

313 323 448 369 quibus
473 319 610 355 Strabo
637 319 685 353 ad
710 319 871 353 eandem
898 317 980 351 fere
1004 316 1118 351 fidem
1143 318 1286 357 utitur,
1312 317 1444 361 (XVII,
1468 327 1504 362 p.
1532 316 1675 362 11:3⁴9.)
1708 316 1787 351 Po--'

313 378 494 414 sidonium
524 383 562 412 et
597 378 692 411 alios
718 387 792 410 non
818 375 960 408 incidit.
1006 373 1217 408 Romanum
1244 375 1289 408 ob
1315 374 1430 409 felem
1460 378 1632 408 necatam
1661 376 1776 408 inter-

314 437 458 471 fectum
486 446 508 468 a
530 436 642 469 turba
666 436 746 477 ipse
770 432 921 465 viderat
950 433 998 475 (c.
1023 431 1073 465 83
1095 430 1135 476 f.)
1184 431 1353 475 Memphi
1380 443 1421 467 se
1447 443 1515 466 suo
1543 431 1665 465 adhuc
1686 437 1778 465 tem-

313 504 407 539 pore
434 493 615 527 sacellum
639 492 749 524 Isidis
773 492 811 522 in
834 488 974 532 templo
999 488 1156 533 (τεμένει)
1183 488 1345 522 Vulcani
1374 490 1417 532 (1,
1437 490 1523 532 22.)
1549 489 1690 523 vidisse
1713 492 1780 523 ait.

313 552 374 586 De
402 550 655 584 monumentis
687 553 814 581 autem
847 546 1035 590 antiquis,
1066 556 1162 590 quae
1198 547 1237 578 in
1269 548 1316 579 iis
1349 547 1465 587 locis,
1498 548 1595 592 quae
1619 547 1787 590 adierat,-

314 602 390 642 non
416 608 577 651 amplius
609 607 854 649 supererant,
888 602 994 636 addit
1026 594 1248 649 plerumque
1283 605 1407 648 φασὶν,
1440 603 1484 636 ut
1519 604 1566 637 de
1593 604 1778 649 Osyman-

315 660 414 710 d'yae
450 664 643 708 sepulcr03
680 665 718 695 et
751 661 797 695 de
826 661 975 704 templis
1011 665 1193 704 quatuor,
1227 671 1324 705 quae
1357 659 1500 694 Thebis
1536 653 1624 694 olim
1661 660 1780 694 fuisse

315 724 522 755 narrantur
546 726 585 761 Ι;
621 729 753 763 regum
789 718 963 762 sepulcra
999 719 1150 751 omnino
1185 718 1274 752 olim
1306 716 1449 751 XLVII
1486 716 1624 758 fuisse,
1655 717 1782 751 Ptol‘e·

315 781 414 812 maei
443 777 595 822 quidem
621 777 737 820 [122]
765 775 864 819 Lagi
896 781 1067 819 tempore
1098 786 1172 808 non
1196 774 1528 818 superfuissenisi
1553 773 1776 814 XV11,‘fide

317 834 561 879 scriptorum,
588 834 649 878 qui
679 837 757 865 tum
778 833 954 866 adierant
982 831 1154 870 Thebas,
1181 836 1331 873 narrat;
1358 842 1425 865 suo
1449 836 1575 864 autem
1604 835 1778 875 tempore

314 893 499 936 pleraque
525 889 764 923 intercidisse
793 895 832 924 et
856 891 1058 924 corruisse.
1107 889 1267 922 Omnino
1291 899 1386 934 quae
1412 890 1458 922 de
1477 888 1620 922 Thebis
1647 892 1781 922 narrat

315 949 417 982 c.4G
440 959 496 992 sq.
533 947 713 991 pleraque
750 958 824 980 nou
856 948 928 979 nisi
962 956 1009 979 ex
1043 945 1289 988 scriptoribus
1331 947 1415 979 aliis
1442 945 1578 979 hausta
1605 955 1689 979 esse
1718 955 1780 989 po-

313 1010 435 1039 tuere.
483 1004 580 1037 Nam
612 1005 742 1036 ruinas
767 1009 846 1037 tum
874 1013 1031 1036 cernere
1061 1009 1162 1044 erat,
1201 1014 1275 1036 non
1300 1003 1444 1038 urbem.
1491 1003 1595 1037 Adeo
1621 1004 1781 1048 Camby-

314 1074 377 1096 ses
401 1065 499 1105 (tum
524 1060 732 1103 Lathurus)
760 1062 838 1105 igni
865 1060 1042 1104 ferroque
1070 1061 1272 1092 saevierat.
1301 1062 1347 1102 (c.
1367 1060 1449 1099 46.)
1497 1060 1579 1100 Quo
1606 1054 1795 1104 exemplo*

312 1121 477 1163 intelligi
499 1122 646 1162 potest,
673 1129 783 1163 quam
816 1119 1017 1151 exitiosum
1043 1119 1216 1160 Aegypto
1243 1117 1448 1150 Persarum
1476 1117 1675 1160 imperium
1701 1117 1782 1151 sue-

312 1179 383 1218 rit,
414 1176 599 1221 siquidem
633 1186 702 1220 per
736 1174 908 1210 CXXXV
943 1185 1087 1215 annos,
1125 1174 1260 1218 quibus
1291 1173 1435 1207 Persae
1476 1175 1689 1217 Aegyptum
1726 1179 1781 1208 te-

314 1244 456 1275 nuere,
488 1237 546 1266 tot
569 1233 767 1276 praeclara
791 1235 1036 1265 monumenta
1062 1234 1305 1272 corruerant,
1342 1242 1416 1264 non
1443 1231 1574 1275 utique
1598 1233 1786 1275 temporis

313 1293 371 1333 vi,
406 1290 473 1324 sed
508 1289 699 1323 hominum
732 1290 927 1328 barbarie,
963 1291 1006 1326 ut
1043 1287 1238 1331 probabile
1273 1289 1327 1320 fit.
1372 1287 1464 1320 Inde
1501 1297 1524 1320 a
1558 1286 1780 1322 Ptolemaeo

313 1347 414 1392 Lagi
440 1348 488 1381 ad
518 1346 729 1381 Diodorum
763 1348 851 1380 anni
886 1346 967 1379 fere
993 1345 1121 1378 CCLX
1146 1344 1394 1385 effluxerant3
1419 1345 1520 1378 facta
1544 1350 1627 1379 erat
1652 1357 1780 1380 monu-

313 1409 529 1439 mentorum
563 1411 712 1449 strages
741 1405 817 1437 alia
851 1404 973 1436 minor
999 1402 1172 1446 quidem,
1204 1402 1272 1434 sed
1297 1408 1446 1446 strages
1471 1407 1610 1436 tamen.
1657 1403 1779 1444 Quam

313 1474 413 1496 nune
442 1462 657 1503 hominum,
695 1460 954 1500 fortunarum,
989 1462 1273 1500 institutorum,
1315 1461 1561 1503 religionum,
1604 1462 1780 1494 mutatio-

313 1531 400 1553 nem
435 1531 503 1564 per
540 1519 674 1553 eadem
707 1523 880 1562 tempora
912 1518 1051 1551 factam
1091 1526 1176 1550 esse
1208 1516 1446 1559 putabimus!
1483 1522 1521 1550 et
1543 1527 1611 1550 nos
1639 1527 1686 1550 ex
1712 1516 1775 1551 ho-

312 1579 475 1616 minum,
509 1579 570 1622 qui
605 1580 691 1619 post
715 1575 810 1608 haec
833 1580 1007 1620 tempora
1031 1576 1184 1615 vixere,
1220 1573 1295 1606 fide
1323 1578 1362 1607 et
1386 1577 1614 1608 auctoritate
1641 1575 1687 1609 de
1715 1585 1779 1609 ve-

312 1640 396 1670 tere
422 1636 488 1668 illa
511 1637 684 1678 Aegypto
712 1638 882 1667 statuere
908 1633 1144 1666 audebimus.
1674 1626 1676 1628 ’

405 1693 447 1725 ln
478 1702 523 1725 ea
559 1697 689 1735 parte,
726 1702 798 1735 qua
830 1701 959 1734 regemn
984 1689 1153 1723 historias
1181 1688 1399 1732 complexus
1429 1692 1488 1722 est
1512 1687 1703 1722 Diodorus
1731 1690 1779 1732 (c.

313 1748 521 1792 43—68.)
556 1751 660 1793 (sunt
694 1754 840 1788 autem,
875 1748 1067 1781 Thebanis
1102 1749 1230 1791 paucis
1266 1748 1508 1789 praemissis,
1542 1746 1777 1789 Memphitae

313 1811 483 1848 tantum,
508 1818 581 1840 non
608 1806 802 1848 Thebani,
828 1816 897 1839 nec
919 1806 1033 1839 aliter
1061 1816 1119 1849 ap.
1146 1804 1400 1846 Herodotum)
1428 1809 1619 1837 auctorem
1645 1805 1780 1847 utique·

315 1865 505 1898 diversum
534 1865 580 1897 ab
606 1865 804 1898 Herodoto
831 1869 1014 1908 sequutus
1042 1869 1112 1904 est,
1138 1872 1297 1905 eumque
1332 1862 1394 1905 qui
1438 1872 1511 1894 non
1535 1871 1627 1894 vera
1653 1866 1692 1895 et
1716 1872 1778 1897 ex-

313 1922 463 1967 plorata
491 1922 588 1955 nude
623 1923 798 1963 tradere,
831 1922 899 1954 sed
924 1920 1120 1954 historiam
1148 1921 1420 1963 pragmaticam
1445 1919 1611 1951 scribere
1639 1919 1778 1959 voluit;

316 1992 411 2026 quae
447 1981 493 2012 ab
528 1980 804 2024 antiquioribus
835 1969 989 2011 narrata
1022 1982 1150 2019 erant,
1202 1979 1250 2011 ad
1287 1977 1563 2022 philosophicas
1608 1977 1776 2008 rationes

316 2042 453 2072 exacta
480 2042 587 2077 sunt,
620 2048 742 2080 exque
778 2038 825 2069 iis
859 2038 940 2080 ipse
976 2034 1080 2068 utilia
1105 2041 1241 2068 lantum
1267 2041 1306 2069 et
1327 2039 1539 2069 memoratu
1562 2034 1676 2077 digna
1700 2037 1776 2065 tra-

316 2096 407 2128 dere
434 2095 531 2127 veile
559 2094 769 2137 profitetur.
796 2096 842 2135 (c.
864 2095 932 2128 44.
961 2098 999 2126 et
1025 2094 1071 2125 de
1098 2093 1272 2126 Amaside
1299 2094 1404 2128 (3.69.
1443 2093 1487 2125 τὰ
1509 2092 1658 2136 μάλιστα
1686 2085 1776 2133 ὤφε-

314 2154 419 2195 λῆο·αι
451 2152 647 2195 ὸίυιιὶμενα.)
695 2152 753 2184 De
790 2150 1005 2183 Sesostride
1044 2151 1124 2194 ipse
1162 2152 1216 2182 ait
1240 2153 1287 2191 (c.
1309 2149 1388 2194 93.)
1424 2160 1465 2182 se
1498 2158 1649 2187 eorum,
1678 2156 1774 2190 quae

314 2220 388 2242 non
415 2209 524 2241 modo
550 2219 572 2241 a
599 2209 756 2242 Graecis
785 2208 1053 2251 scriptoribus,
1086 2207 1153 2240 sed
1180 2211 1218 2240 et
1243 2218 1265 2239 a
1294 2206 1553 2240 sacerdotibus
1575 2205 1774 2247 Aegyptiis

317 2270 405 2311 (nee
430 2271 556 2299 tamen
581 2267 705 2307 addit,
733 2267 839 2298 suine
867 2276 914 2297 an
940 2265 1177 2307 superiorum
1203 2268 1428 2307 temporum)
1465 2264 1559 2296 miro
1586 2272 1667 2294 cum
1695 2261 1774 2293 dis-

316 2335 430 2358 sensu
457 2329 676 2365 narrentur,
712 2324 891 2356 dilectum
927 2321 1054 2354 facere
1080 2322 1179 2354 velle
1207 2332 1356 2362 eorum,
1391 2331 1486 2366 quae
1513 2324 1551 2353 et
1576 2318 1774 2352 verisimil-

314 2383 406 2416 lima
440 2383 534 2423 sint,
582 2387 620 2415 et
653 2392 734 2414 cum
767 2381 1041 2420 monumentis,
1075 2390 1170 2423 quae
1204 2378 1325 2411 adhuc
1359 2379 1568 2422 supersint,
1608 2377 1772 2409 maxime

316 2445 587 2473 consentanea.
632 2440 743 2483 Atqui
784 2439 1031 2471 verisimilem
1075 2439 1263 2470 rationem
1298 2440 1337 2469 et
1370 2436 1676 2480 probabilitatem
1705 2434 1773 2467 ille

316 2535 411 2566 uisse
438 2533 563 2565 tradit:
599 2532 694 2575 quod
735 2531 832 2563 idem
865 2529 1063 2562 Herodotus
1091 2530 1181 2561 inter
1204 2528 1451 2560 hariolationes
1477 2527 1693 2560 Graecorum
1717 2537 1774 2557 sa—

315 2582 475 2623 pientum
500 2579 606 2610 refert
630 2590 659 2613 e,
679 2579 733 2612 21.
777 2586 809 2608 et
829 2589 910 2608 sane
927 2577 1123 2607 Homerum
1147 2577 1217 2606 inin
1244 2587 1281 2606 ea
1311 2576 1477 2617 opinione
1504 2574 1680 2604 imbutum
1699 2583 1772 2602 esse

318 2634 471 2662 constat,
508 2626 550 2656 cf.
577 2636 605 2656 e.
629 2627 684 2660 23.
730 2624 825 2655 Num
858 2631 936 2665 post
967 2623 1186 2654 Herodotum
1218 2620 1436 2663 inquirendis
1466 2620 1593 2651 caussis
1617 2618 1771 2661 physicis

318 2671 580 2712 diligentiorem
606 2681 750 2712 operaiu
777 2667 968 2700 dederant?
997 2681 1040 2699 an
1079 2670 1251 2700 Graecam
1281 2668 1490 2709 sapientiam
1515 2666 1583 2708 ipsi
1605 2664 1771 2707 Aegyptii

320 2714 593 2760 adoptaverant?
619 2716 686 2746 hoc
710 2717 859 2746 alterum
881 2727 1000 2745 vercor
1026 2726 1068 2745 ne
1094 2714 1205 2745 verius
1230 2714 1285 2747 sit,

410 2766 427 2797 l
458 2761 612 2793 Pococke
637 2770 753 2793 tamen
774 2761 876 2792 huius
901 2762 1050 2803 sepulcri
1076 2761 1193 2791 ruinas
1225 2769 1402 2801 superesse
1430 2764 1543 2788 narrat
1569 2768 1604 2799 p.
1631 2758 1696 2791 106
1715 2766 1767 2797 sq.

317 2808 380 2840 sed
407 2809 481 2840 falli
506 2809 654 2839 arbitror
676 2808 789 2838 virum
818 2807 981 2846 doctum,
1009 2818 1073 2837 nec
1098 2807 1134 2836 in
1159 2806 1235 2836 aliis
1261 2806 1341 2837 satis
1366 2804 1551 2842 subtilem,
1578 2802 1638 2845 qui
1663 2802 1769 2833 etiam.

319 2855 362 2886 de
396 2854 464 2886 hoc
489 2855 647 2886 aedificio
670 2854 737 2885 alia
762 2854 879 2885 miuus
905 2854 1080 2895 explorate
1104 2852 1217 2884 tradit.
