1859 3326
280 208 504 241 CLXXVIII
591 207 877 243 OECONOMIA
915 206 1192 238 HISTORIAE
1229 208 1455 240 Dtonom.

283 306 520 349 Quamquam
549 304 846 339 Lacedaemonii
871 304 1032 338 classem
1057 305 1200 339 auxilio
1231 305 1395 342 mittunt.
1434 316 1465 339 c.
1484 305 1541 344 63.
1589 304 1751 349 Insuper

283 363 536 408 Syracusani,
572 362 662 395 elati
691 362 872 403 victoria,
909 373 1042 406 quam,
1070 362 1230 396 absente
1256 364 1463 408 Dionysio,
1495 367 1750 407 reportarunt,

283 420 537 454 defectionem
563 423 718 463 parant,
753 423 792 453 et
815 419 862 452 de
893 419 1114 464 abroganda
1139 420 1315 463 Dionysii
1337 421 1541 465 tyrannide
1568 421 1750 464 cogitant.

283 477 478 512 Theodori
495 476 725 521 Syracusani
742 476 969 520 gravissima
996 478 1120 511 oratio
1145 477 1182 510 in
1202 477 1450 522 Dionysium,
1480 488 1549 522 pro
1575 477 1754 511 libertate

283 534 557 580 recuperanda.
596 545 626 570 c.
646 535 810 570 64-69.
856 532 935 568 Sed
961 535 1123 568 subitam
1154 545 1281 568 rerum
1301 535 1551 569 mutationem
1572 534 1663 568 facit
1682 544 1754 579 pe-

284 593 475 633 stilentia,
503 602 575 637 qua
603 590 971 635 Carthaginiensium
1000 593 1192 626 exercitus
1215 597 1414 637 correptus
1441 595 1483 626 et
1505 593 1658 626 attritus
1683 594 1755 625 est.

285 651 343 684 Ea
367 650 649 695 opportunitate
682 659 775 681 usus
799 649 1008 694 Dionysius
1034 649 1183 683 hostem
1213 654 1320 684 terra
1349 651 1519 695 marique
1545 659 1693 683 summa
1714 649 1753 682 vi

285 708 538 753 impugnavit:
561 717 634 751 quo
653 705 792 740 factum
805 730 815 748 ,
837 711 880 740 ut
897 707 1232 752 Carthaginienses
1251 708 1298 741 ad
1317 717 1501 740 summam
1521 707 1756 750 desperatio-

285 777 371 801 nem
397 765 653 811 pervenirent.
707 763 839 798 Imilco
864 766 1013 797 veniam
1040 766 1134 798 clam
1162 765 1345 801 redeundi
1370 765 1407 797 in
1426 765 1586 809 patriam
1616 774 1754 808 magno

286 825 411 869 pretio
428 822 612 863 redemit3
636 821 774 864 reliqui
792 822 853 854 vel
870 822 1006 867 dilapsi
1029 828 1117 856 sunt
1133 822 1242 866 fuga,
1267 822 1329 855 vel
1348 824 1448 866 capti
1467 827 1505 855 et
1522 823 1649 856 occisi.
1695 821 1755 854 Ita

285 882 432 916 finitum
457 879 598 913 bellum
625 877 954 923 Carthaginiense.
983 890 1020 913 c·
1038 882 1208 918 70—76.
1260 878 1599 924 Carthaginienses
1626 882 1754 912 autem
1807 912 1809 914 .

284 941 325 973 in
349 940 433 982 ipsa
451 936 582 971 Africa
608 937 800 969 sociorum
819 936 906 970 odio
922 941 1166 981 premuntur,
1201 941 1240 971 et
1259 937 1360 971 bello
1380 939 1494 971 etiam
1515 937 1757 971 infestantur.

288 1006 318 1030 c.
336 999 392 1033 77.
417 1015 461 1021 -—
498 995 540 1028 ln
554 992 686 1027 Sicilia
704 992 913 1038 Dionysius
929 994 1057 1028 firmat
1073 996 1344 1039 principatum,
1374 995 1544 1038 pristinis
1563 1003 1757 1028 mercena-

284 1054 354 1086 riis
369 1053 564 1096 assignato
585 1050 859 1085 Leontinorum
873 1062 969 1096 agro
985 1052 1024 1085 in
1050 1053 1293 1097 stipendium.
1336 1053 1523 1087 Messenii
1539 1061 1676 1086 novam
1695 1061 1757 1085 ur-

284 1110 371 1144 bem
389 1114 609 1151 exstruunt‚
634 1118 724 1142 mox
743 1109 1083 1152 opulentissimam.
1108 1121 1138 1145 c.
1158 1114 1215 1146 78.

377 1166 488 1201 Nunc
509 1166 661 1200 demum
681 1170 907 1209 repetuntur
930 1171 1042 1210 gesta
1059 1166 1451 1200 Lacedaemoniorum
1468 1172 1602 1200 contra
1617 1164 1757 1200 Persas

286 1225 326 1258 iu
343 1225 444 1258 Asia.
472 1223 647 1269 Namque
664 1218 756 1258 belli
776 1223 919 1256 Persici
940 1222 1138 1258 historiam
1161 1225 1249 1258 inde
1271 1224 1318 1258 ab
1339 1224 1464 1265 01.95‚
1487 1227 1522 1266 2,
1545 1223 1659 1266 (conf.
1674 1233 1757 1267 cap.

285 1282 469 1327 36—39.)
496 1283 691 1315 omiserat.
748 1280 867 1321 Quam
896 1280 942 1314 ob
968 1291 1120 1315 causam
1152 1293 1215 1316 res
1244 1282 1407 1326 plurium
1432 1292 1614 1315 annorum
1643 1281 1757 1314 colle·

286 1344 367 1373 ctas
398 1338 563 1373 exhibet.
616 1338 768 1372 Proelio
795 1338 895 1381 apud
920 1337 1060 1373 Sardes
1088 1341 1289 1374 commisso
1313 1338 1630 1379 Lacedaemonii,
1659 1337 1754 1371 duce

284 1397 482 1441 Agesilao,
512 1397 690 1432 victores.
746 1397 843 1429 Tum
872 1406 938 1439 pro
960 1397 1218 1441 Tissapherne
1236 1397 1440 1431 Persarum
1467 1406 1536 1430 rex
1560 1394 1677 1428 mittit
1693 1395 1756 1428 ΤΕ-

285 1454 498 1494 thrausten,
518 1455 579 1497 qui
597 1458 805 1487 semestres
824 1464 905 1486 cum
923 1453 1239 1489 Lacedaemoniis
1258 1454 1430 1488 inducias
1446 1453 1546 1487 facit.
1575 1463 1607 1487 c.
1621 1455 1677 1490 79.
1696 1456 1753 1489 80-

284 1511 431 1545 Eodem
462 1515 636 1554 tempore
659 1510 802 1544 bellum
830 1511 1052 1545 Boeoticum
1080 1513 1182 1545 inter
1196 1511 1414 1545 Phocenses
1442 1516 1481 1545 et
1497 1512 1664 1545 Boeotos
1684 1512 1757 1544 ori·

286 1573 360 1602 tur.
389 1578 419 1602 c.
433 1572 490 1606 81.
515 1588 559 1594 -
584 1569 712 1602 Conon
731 1569 909 1603 Persicae
925 1570 1062 1603 classis
1078 1574 1214 1604 contra
1229 1569 1558 1604 Lacedaemonios
1576 1568 1652 1603 dux
1672 1578 1757 1603 con·

284 1627 467 1660 stituitur.
500 1636 531 1662 c.
552 1627 594 1663 81
614 1629 710 1659 extr.

379 1683 474 1719 Anu.
499 1686 532 1719 2.
577 1683 703 1727 lungit
719 1683 884 1727 scrfptov:
898 1693 961 1718 res
976 1683 1117 1728 duplici
1131 1683 1257 1727 bello,
1278 1688 1358 1718 tum
1377 1683 1616 1719 Boeoticoin
1636 1681 1755 1717 Grae·

286 1742 344 1775 cia
357 1768 365 1784 ,
392 1747 470 1774 tum
492 1740 645 1774 Persico
662 1741 699 1773 in
718 1741 808 1773 Asia
825 1746 968 1785 gestas,
1011 1741 1309 1777 Lacedaemonii
1330 1742 1470 1786 triplici
1489 1742 1656 1785 proelio,
1678 1751 1755 1775 uno

284 1810 401 1844 prope
420 1799 632 1842 Narycam,
664 1798 786 1831 altero
818 1800 943 1832 navali
970 1800 1018 1833 ad
1046 1800 1227 1841 Cnidum,
1264 1800 1378 1833 tertio
1395 1799 1444 1833 ad
1463 1800 1674 1833 Coroneam
1692 1798 1756 1833 hou

284 1857 406 1890 stibus
430 1857 723 1890 succubuerunt.
770 1855 825 1890 Ab
851 1855 923 1890 hoc
949 1861 1122 1902 tempore
1146 1858 1263 1891 maris
1277 1858 1436 1902 imperio
1457 1856 1755 1892 Lacedaemonii

282 1915 433 1958 privati.
469 1925 499 1949 e.
519 1913 678 1950 82-84.

378 1972 394 1990 *
420 1971 463 2004 ln
491 1971 718 2004 Macedonia
737 1971 909 2016 Aeropus
927 1981 994 2005 rex
1012 1970 1187 2005 moritur:
1218 1970 1390 2005 succedit
1412 1970 1513 2005 filius
1530 1970 1752 2009 Pausanias.

285 2049 329 2056 --
353 2028 623 2072 Theopompus
646 2027 759 2062 Chius
787 2028 985 2063 historiam
1016 2029 1203 2063 Graecam
1228 2027 1302 2063 hoc
1318 2039 1438 2071 anno,
1472 2032 1512 2063 et
1532 2040 1659 2074 pugna
1676 2031 1756 2076 qui-

284 2088 371 2122 dem
392 2086 437 2119 ad
459 2087 615 2119 Cnidum
633 2085 729 2119 finit.
763 2097 793 2120 c.
810 2088 856 2123 84
874 2092 972 2121 extr.

374 2143 470 2176 Anu.
493 2145 525 2179 3.
573 2145 722 2184 Conon,
756 2142 934 2179 Persicae
957 2144 1093 2178 classis
1119 2149 1293 2188 praetor,
1336 2142 1383 2177 ob
1409 2143 1575 2177 refectos
1599 2142 1751 2176 Piraeei

285 2212 435 2243 muros,
468 2202 504 2234 in
519 2202 661 2235 crimen
683 2202 799 2234 venit.
828 2203 930 2237 αδδ.
967 2222 1011 2227 ——-
1044 2202 1085 2234 ln
1112 2201 1276 2235 Graecia
1302 2200 1442 2234 bellum
1469 2199 1751 2234 Corinthiacum

283 2260 423 2299 oritur,
449 2258 626 2304 deinceps
644 2270 712 2303 per
729 2259 821 2294 Vlll
841 2269 961 2292 annos
980 2263 1142 2302 gestum.
1173 2269 1203 2291 c.
1223 2262 1277 2296 86.
1300 2279 1343 2284 —-
1370 2258 1413 2291 ln
1431 2257 1560 2291 Sicilia
1575 2258 1752 2302 Rhegini,

282 2317 329 2350 ob
347 2316 563 2349 Messanam
585 2318 620 2349 in
641 2318 742 2360 ipsos
761 2318 963 2358 munitam,
1001 2316 1116 2359 tconf.
1136 2327 1251 2360 supra
1271 2319 1436 2360 cap.78.)
1455 2316 1595 2350 bellum
1619 2319 1753 2349 contra

280 2374 506 2418 Dionysium
528 2378 689 2407 movent.
737 2374 947 2418 Dionysius
966 2375 1003 2407 in
1018 2375 1218 2418 angustiis.
1256 2384 1285 2410 e.
1306 2376 1365 2410 87.
1388 2377 1443 2410 88.

372 2434 389 2450 *
423 2433 649 2475 Pausanias,
686 2444 753 2467 rex
779 2433 1192 2473 Lacedaemoniorum,
1234 2431 1274 2464 in
1301 2431 1475 2464 exsilium
1503 2429 1680 2463 mittitur.
1710 2447 1750 2455 -

280 2488 527 2531 Pausaniam,
564 2501 693 2534 regem
720 2491 992 2532 Macedoniae,
1026 2500 1096 2534 per
1118 2489 1277 2522 insidias
1310 2487 1449 2522 occidit
1471 2488 1673 2532 Amyntas,
1710 2490 1751 2520 et

280 2547 361 2590 ipse
379 2558 497 2591 regno
515 2549 667 2591 potitur.
705 2558 733 2580 c.
753 2550 809 2584 89.

369 2603 463 2639 Ami.
492 2607 525 2642 4.
573 2604 698 2639 Primo
725 2606 760 2638 in
788 2605 901 2639 rebus
931 2604 1067 2638 Siculis
1104 2607 1234 2637 manet
1259 2601 1463 2636 Diodorus.
1518 2599 1635 2634 Plura
1666 2609 1748 2644 pre-

277 2665 384 2694 munt
410 2661 650 2706 Dionysium.
700 2663 815 2707 Mago
843 2667 1001 2696 renovat
1016 2661 1156 2694 bellum
1173 2659 1500 2704 Carthaginiense.
1544 2657 1658 2690 Hunc
1685 2666 1750 2689 au-

277 2721 352 2750 tem
375 2719 439 2751 ille
457 2720 603 2762 proelio
630 2723 755 2757 vincit,
804 2722 899 2753 Tum
919 2731 1010 2753 vero
1029 2730 1074 2753 ex
1094 2718 1298 2762 improviso
1318 2718 1355 2749 in
1373 2715 1565 2759 Rheginos
1582 2714 1747 2757 navigat.

276 2784 307 2807 c·
321 2777 380 2811 90.
425 2778 481 2812 Eo
499 2779 642 2822 impetu
666 2779 790 2813 territi
808 2779 920 2812 vicini
941 2778 1075 2812 ltaliae
1094 2775 1222 2822 populi
1245 2775 1321 2810 icto
1336 2773 1494 2810 foedere
1520 2781 1562 2807 se
1582 2771 1632 2806 ad
1647 2781 1746 2806 coma
