1859 3326
289 220 481 254 CLXVIII
613 218 896 254 OECONOMIA
930 218 1201 253 HISTORIAE
1238 220 1461 254 DIODORI.

297 379 342 418 2.
406 376 444 417 Α
469 375 607 416 bello
641 376 828 431 Cyprio
859 389 1015 430 usque
1045 377 1110 418 ad
1135 376 1322 418 bellum
1351 360 1746 435 Syracusanum.

922 454 1007 493 Lib.
1028 452 1120 492 XII.

688 536 1072 585 Olymp.LXXX11,
1095 542 1128 577 2.
1153 559 1198 569 --
1218 539 1321 584 XCI,
1347 542 1379 579 1.

297 604 555 653 Pnoomnum.
602 616 677 650 Res
702 617 913 659 pessimae,
944 619 1082 650 eventu
1100 626 1214 662 saepe
1235 619 1413 663 optimae,
1457 617 1568 652 Bello
1592 613 1760 661 Persico;

300 676 401 720 qued
425 676 610 709 Graeciae
636 675 832 706 interitum
858 673 1091 717 minabatur,
1124 674 1293 710 Athenae
1322 676 1456 721 opibus
1481 679 1635 720 auctae,
1669 684 1759 710 mox

299 733 743 777 ingenioliterarumque
764 730 898 764 studiis
915 729 1220 768 florentissimae.
1255 744 1284 766 c.
1301 734 1332 769 1.
1357 736 1391 771 2.

392 789 488 824 Ann-
507 791 541 824 3.
589 790 713 823 Finito
741 788 842 821 bello
860 789 1047 832 Aegyptio
1073 794 1203 822 contra
1223 787 1380 831 Persas,
1412 788 1525 832 (conf.
1548 790 1604 823 01.
1617 787 1761 823 LXXX

302 856 365 879 an.
385 850 431 889 1.)
464 845 713 879 Athenienses
740 855 877 879 novum
905 845 1047 877 bellum
1076 846 1122 878 ob
1144 845 1311 880 Graecos
1329 848 1366 879 in
1386 847 1526 880 Asiain
1544 847 1762 880 libertatem
1797 837 1803 843 Δ

303 903 550 936 vindicandos
571 904 608 935 in
629 903 766 936 Persas
787 903 1006 946 suscipiunt.
1052 902 1180 937 Primo
1201 906 1335 948 petunt
1352 903 1489 938 Persas
1507 903 1546 938 in
1564 905 1688 950 Cypro
1707 904 1762 937 in-

304 959 410 1001 sula3
434 960 533 993 unde
551 961 652 994 bello
672 970 808 993 nomen
826 961 953 1004 Cyprii
973 961 1198 1003 impositum.
1234 970 1264 994 c.
1279 962 1315 996 3.

396 1015 545 1055 A11n.4.
592 1017 672 1053 Pax
689 1028 772 1052 cum
792 1018 922 1054 Persis
942 1019 1139 1059 restituta,
1163 1018 1318 1063 eiusque
1337 1017 1585 1053 conditiones.
1619 1027 1652 1054 c.
1669 1015 1706 1057 4,

836 1094 1009 1141 Olymp.
1033 1095 1244 1132 Lxxxnl.

396 1152 492 1187 Αηη.
510 1155 543 1190 1.
589 1154 861 1198 Megarenses,
905 1154 951 1187 ob
977 1153 1230 1188 defectionem
1262 1151 1310 1186 ad
1334 1151 1679 1198 Lacedaemonios,
1717 1152 1766 1188 ab

289 1208 600 1245 *Atheniensibus
619 1212 722 1245 bello
742 1211 899 1244 subacti.
935 1221 965 1246 c.
986 1210 1019 1245 5.

399 1267 493 1301 Αηη.
513 1272 546 1304 2.
590 1269 739 1302 Bellum
759 1270 859 1302 inter
874 1267 1200 1316 Lacedaemonios
1226 1269 1266 1302 et
1288 1264 1550 1303 Athenienses.
1593 1268 1768 1315 Superio-

308 1332 372 1357 res
393 1324 592 1359 discedunt
608 1326 915 1360 Lacedaemonii.
947 1336 978 1358 c.
995 1327 1029 1361 6.

399 1385 497 1415 Anu.
513 1377 546 1421 3.
591 1384 770 1417 Induciae
789 1383 899 1416 XXX
914 1392 1111 1416 annorum.
1142 1392 1173 1415 c.
1189 1384 1224 1417 7.

402 1438 445 1471 In
467 1439 595 1474 Sicilia
618 1442 758 1475 bellum
778 1442 878 1474 inter
895 1439 1153 1483 Syracusanos
1179 1442 1219 1472 et
1234 1438 1521 1482 Agrigentinos,
1553 1438 1599 1473 ob
1615 1439 1769 1476 illorum

311 1495 351 1526 in
370 1495 572 1530 Ducetium
593 1499 888 1543 indulgentiam,
921 1497 1009 1542 (vid.
1029 1506 1143 1539 supra
1168 1496 1232 1531 lib,
1245 1495 1312 1537 XI,
1338 1506 1417 1540 cap.
1434 1499 1504 1539 92.)
1528 1495 1713 1542 huiusque
1731 1499 1770 1533 in

310 1554 473 1594 patriam
492 1555 666 1589 reditum.
698 1557 874 1591 Victores
891 1554 1133 1599 Syracusani.
1161 1552 1239 1586 Pax
1254 1553 1407 1587 tandem
1424 1556 1670 1597 componitur.
1695 1566 1726 1588 c.
1737 1558 1772 1591 8,

403 1610 448 1644 In
463 1612 574 1649 Italia
593 1611 854 1656 Sybaritarum'
871 1613 911 1644 in
931 1612 1130 1645 Crotonem
1150 1610 1289 1643 bellum
1302 1635 1313 1652 ,
1345 1611 1391 1645 ob
1413 1611 1564 1645 exsules
1585 1616 1772 1656 receptos.

313 1666 412 1699 Victi
435 1668 653 1712 Sybaritae,
683 1670 772 1703 urbs
791 1670 931 1703 excisa.
972 1667 1136 1701 Exsules
1155 1667 1201 1700 ab
1221 1667 1513 1701 Atheniensibus
1532 1669 1672 1712 adiuti,
1703 1681 1773 1704 no-

312 1733 397 1756 vam
415 1726 546 1759 urbem
569 1726 751 1760 Thurium
772 1727 947 1762 condunt.
996 1724 1127 1759 Novae
1147 1725 1251 1757 urbis
1271 1725 1473 1768 descriptio
1486 1749 1496 1766 ‚
1521 1731 1560 1759 et
1579 1736 1660 1759 cum
1679 1728 1774 1760 anti-

316 1792 413 1824 quae
438 1784 541 1816 urbis
573 1785 707 1819 incolis
741 1782 1036 1819 controversiae.
1092 1781 1310 1826 Legislator
1336 1781 1568 1819 Charondas.
1622 1783 1773 1829 Legum

318 1841 493 1882 exempla
519 1851 587 1884 per
619 1843 760 1885 capita3
790 1839 1023 1885 legislatoris
1051 1848 1166 1871 mors.
1203 1849 1234 1872 c.
1254 1843 1395 1876 9-19,
1458 1840 1614 1875 Adiecta
1637 1843 1774 1877 notitia

315 1896 463 1930 vicinae
481 1898 585 1931 urbis
600 1898 854 1942 legislatori3‚
875 1895 1028 1935 Zaleuci
1048 1895 1265 1930 Locrensis-
1297 1907 1326 1929 c·
1345 1900 1401 1933 20.
1429 1899 1488 1933 21.
1530 1918 1531 1921 κ

406 1953 502 1988 Anu.
517 1955 552 1991 4.
598 1954 799 2000 Sybaritae
818 1956 1087 1989 adTraentem
1106 1952 1260 1986 ssuvium
1286 1963 1327 1986 se
1353 1955 1561 1997 recipiunt;
1590 1958 1729 1998 postea*
1751 1965 1776 1990 a

313 2010 479 2046 Bruttiis
510 2014 667 2058 expulsi.
711 2012 963 2048 Athenienses
991 2012 1126 2045 civium
1146 2010 1332 2045 coloniam
1348 2012 1386 2045 in
1403 2012 1597 2046 Euboeam
1612 2014 1778 2048 mittunt.

317 2078 347 2101 c.
365 2073 423 2106 22.

850 2125 932 2171 Oly
942 2136 1018 2169 ηιμ.
1033 2125 1245 2161 LXXXIV.

407 2182 504 2217 Αηη.
523 2188 556 2222 1.
603 2183 746 2218 Romae
777 2183 993 2217 Decemviri
1021 2184 1168 2229 legibus
1192 2182 1403 2217 scribendis
1428 2183 1557 2219 creati.
1623 2182 1776 2218 Bellum

318 2238 546 2274 'I'huriorum
568 2245 606 2275 et
620 2241 926 2276 'l‘arentnioi-uin,
963 2251 992 2275 o.
1011 2244 1068 2278 23.

408 2296 504 2330 Αηη.
525 2302 559 2333 2.
606 2299 714 2341 Appii
733 2297 877 2330 Claudii
887 2297 1021 2330 libido.
1056 2295 1148 2328 Inde
1167 2298 1252 2328 orta
1267 2295 1417 2332 seditio.
1455 2296 1628 2331 Conditio
1645 2307 1778 2342 propo-

317 2354 404 2396 sita,
428 2360 470 2387 ut
489 2354 525 2388 X
543 2355 680 2388 tribuni
693 2354 813 2398 plebis
833 2357 872 2387 et
891 2353 988 2385 alter
1010 2352 1138 2385 consul
1157 2351 1202 2384 de
1218 2351 1327 2394 plebe
1347 2357 1577 2388 crearentur.
1605 2354 1699 2390 (224.
1720 2356 1777 2391 25.

409 2410 503 2444 Ann.
522 2417 555 2450 3.
602 2411 730 2455 Leges
756 2410 828 2443 XII
857 2410 1081 2442 tabularum.
1127 2409 1225 2442 Tum
1243 2410 1448 2442 communis
1465 2420 1538 2454 pax
1557 2411 1779 2455 populorum

320 2467 422 2501 orbis
443 2473 629 2501 terrarum
651 2472 745 2500 erat.
783 2478 812 2500 c.
835 2470 892 2503 26,
1135 2510 1142 2512 ξ

410 2524 506 2560 Amz.
525 2524 559 2560 4.
605 2524 815 2558 Samiorum
832 2523 878 2556 de
897 2522 1033 2556 Priene
1048 2523 1188 2556 bellum
1208 2525 1339 2555 contra
1350 2522 1534 2566 Milesios,
1560 2528 1599 2558 et
1614 2524 1779 2559 defectio

319 2581 367 2615 ab
385 2581 696 2622 Atheniensibus,
724 2581 805 2626 qui,
840 2580 935 2613 duce
950 2581 1096 2613 Pericle
1109 2604 1119 2621 ,
1152 2590 1217 2614 eos
1236 2581 1273 2612 in
1292 2584 1520 2624 potestatem
1536 2581 1779 2627 redegerunt.

318 2639 394 2676 Hic
413 2640 556 2683 primus
577 2637 748 2672 adhibuit
766 2636 960 2671 machinas
981 2637 1150 2672 bellicas.
1186 2647 1216 2670 c.
1231 2640 1288 2673 27.
1311 2640 1368 2674 28.

867 2701 900 2736 Ο
910 2703 952 2747 ly
965 2713 1040 2746 ηιμ.
1053 2701 1246 2738 LXXXV.
1682 2752 1685 2753 γ

412 2759 508 2797 Ama.
527 2761 561 2798 1.
608 2761 805 2802 Ducetius‚
825 2759 965 2794 vindex
977 2760 1186 2794 Siculorum
1199 2759 1468 2802 Bai-batorum,
1488 2761 1660 2796 moritur.
1684 2761 1782 2796 Tum
