1859 3326
321 151 408 192 198
783 145 1308 186 ANNOTATRONES

317 264 384 312 qui
401 261 466 299 hic
484 256 707 313 βάρβαροι,
734 261 879 299 milites
902 272 1065 311 quorum
1088 272 1210 311 opera
1233 261 1294 297 uti
1315 259 1492 306 desisset,
1520 254 1618 305 τοὺς
1651 253 1767 306 {xvdc

318 316 473 368 τάξεων
496 318 925 363 συνακολουθοῦντας.
954 316 1062 357 Nihil
1082 318 1235 354 clarius.
1254 313 1404 354 wass.
1562 315 1565 317 ’

431 375 538 414 224.
584 375 657 414 79.
702 371 859 426 {Ardea
902 369 1202 426 στρατηγικὸν]
1250 371 1534 421 Saepenumero
1568 368 1768 408 Diodorus
1792 416 1795 424 .

322 429 704 485 στρ(ιτηγιάν.νίι·ἰε,
731 442 804 466 usu
823 430 985 466 militiae
1000 429 1194 477 probatis,
1219 429 1434 467 adtribuit:
1466 426 1570 465 unde
1591 441 1770 478 στρατη-

322 487 391 543 γίςι
412 487 479 525 καὶ
503 494 573 523 etc.
596 499 644 522 ex
670 487 901 523 membranis
932 485 1087 521 restitui
1109 490 1260 533 posset,
1302 487 1336 522 si
1360 496 1456 533 quae
1475 484 1685 534 necessitas
1710 483 1771 520 illi

322 545 462 582 fuisset
482 544 672 592 inposita,
709 549 753 580 ut
773 542 904 578 eodem
926 554 1074 592 semper
1094 540 1206 579 modo
1227 542 1460 590 loqueretur.
1497 524 1632 592 WESS.

437 601 544 639 225.
576 600 649 637 95.
681 595 844 650 ’Όνομα
875 594 1167 650 Βαγωόάραν]
1210 597 1405 645 Gobares,
1445 598 1608 636 natione
1631 595 1773 635 Medus

324 657 367 693 in
383 653 487 692 Curt.
515 655 555 691 L.
579 654 663 691 vil.
683 655 726 695 4.
753 657 815 701 8.,
839 666 949 704 quem
969 653 1070 692 vide.
1103 653 1239 699 WVESS.

437 713 544 751 225.
565 712 605 749 6.
642 708 691 750 Οἱ
711 709 755 749 δὲ
775 711 913 749 πᾶσαν
936 705 1057 763 ὕβριν
1081 708 1149 749 καὶ
1171 707 1307 749 αἰκίαν
1328 704 1431 760 eto.]
1460 707 1710 746 Dissentiunt
1729 708 1774 746 in

325 769 517 817 supplicii,
545 766 646 815 quod
666 765 785 803 Besso
807 769 1035 820 irrogatum,
1062 779 1202 819 genere
1223 766 1381 806 Arrian.
1400 764 1443 805 L.
1464 763 1529 813 IV.
1555 768 1595 807 7.
1618 772 1656 818 et
1675 762 1773 805 Cur-

323 827 402 862 tius
421 824 462 861 L.
480 823 564 864 vll.
589 825 627 862 5.
646 824 720 863 40.
748 823 882 862 VVEss.
1578 817 1581 820 ’
1681 860 1684 865 ¹

437 880 544 920 225.
570 882 610 920 8.
640 875 1008 933 Διεσφενδόνησαν
1027 880 1048 902 ³⁶
1070 879 1090 902 ³*
1112 879 1161 930 *J
1188 877 1264 916 Hie
1287 884 1399 917 vasta
1419 884 1480 916 est
1498 878 1649 925 lacuna,
1677 890 1774 928 quae

324 937 461 986 incipit
480 938 607 973 statim
630 949 652 974 a
673 931 1037 989 ὃιεσφενδόνησαν.
1084 935 1347 974 Massaeorum
1367 942 1492 972 autem
1517 933 1579 971 hie
1598 935 1775 984 reginam

325 993 498 1042 intelligi
522 1000 563 1028 nt
584 994 811 1039 existimem,
828 992 946 1029 lndex
967 991 1137 1029 Graecus
1160 994 1327 1042 capitum
1348 991 1553 1041 posterior,
1574 990 1663 1028 huic
1676 991 1777 1029 libro

327 1051 561 1097 praemissus
574 1076 585 1096 ,
613 1049 718 1086 facit.
759 1048 870 1085 Bessi
888 1048 1064 1097 equidem
1084 1048 1265 1095 uxorem,
1288 1054 1331 1086 ut
1351 1047 1497 1097 Cospus
1518 1046 1777 1084 Bononiensis

326 1105 589 1158 ἐπεξηγεῖται,
601 1104 670 1142 hoc
686 1107 798 1143 titulo
812 1105 969 1156 dignam
981 1106 1026 1142 ab
1039 1112 1194 1143 auctore
1208 1107 1364 1141 minime
1385 1104 1593 1144 iudicatam
1609 1115 1706 1149 esse,
1717 1103 1777 1140 fa-

328 1163 403 1198 cile
423 1161 743 1201 confirmaverim.
775 1161 951 1199 Sedecim
970 1168 1096 1198 autem
1118 1161 1261 1198 Indicis
1279 1163 1404 1210 capita
1423 1159 1644 1206 ostendunt,
1662 1171 1778 1195 enor-

327 1231 424 1255 mem
450 1218 510 1254 hie
537 1219 743 1255 multarum
774 1221 1043 1256 narrationum
1069 1220 1252 1255 iacturam
1277 1230 1360 1253 esse
1380 1217 1532 1253 factam.
1561 1214 1661 1252 Nam
1683 1226 1779 1264 quae

330 1274 376 1310 de
394 1277 560 1312 transitu
583 1274 797 1312 Alexandri
820 1288 884 1325 per
903 1277 1100 1325 regionem
1126 1274 1378 1320 siticulosam,
1410 1271 1583 1322 Scythis,
1610 1285 1654 1308 ac
1677 1271 1779 1322 Sog-

327 1331 532 1368 dianorum
552 1333 717 1381 itemque
739 1330 1033 1368 Bactrianorum
1054 1331 1282 1376 defectione,
1314 1329 1359 1366 de
1378 1331 1585 1366 venatione
1606 1330 1646 1365 in
1660 1326 1780 1370 Basi-

329 1391 414 1434 stis,
444 1387 489 1423 de
510 1389 703 1435 impietate
726 1389 767 1426 in
784 1387 989 1434 Bacchum,
1020 1387 1065 1423 de
1088 1385 1179 1424 Cliti
1201 1394 1237 1423 et
1261 1384 1509 1423 Callisthenis
1531 1385 1707 1431 interitu,
1730 1384 1777 1422 de

331 1444 432 1480 bello
454 1457 539 1480 cum
560 1443 770 1491 Nautacis,
799 1445 845 1481 de
866 1445 1012 1494 nuptiis
1037 1456 1122 1480 cum
1145 1442 1355 1489 Rhoxane,
1386 1442 1432 1478 de
1454 1440 1580 1491 Nysia
1601 1447 1638 1477 et
1655 1453 1782 1490 expu-

328 1503 512 1551 gnatione
531 1501 637 1539 urbis
649 1500 910 1539 Massacorum
930 1499 1226 1553 nespazmwdffig
1245 1500 1299 1536 ibi
1316 1494 1567 1544 annotantur,
1587 1499 1628 1534 in
1651 1500 1783 1549 exem-

330 1559 431 1605 plari
453 1564 606 1603 nostro,
633 1562 786 1605 praeter
804 1558 1065 1608 fragmentum
1091 1555 1136 1593 de
1159 1556 1407 1593 mercenariis
1428 1553 1678 1601 Massacenis,
1698 1565 1782 1590 om-

330 1616 396 1652 nia
416 1613 694 1652 desiderantur.
716 1613 779 1651 Ex
801 1613 985 1651 Arrhiani
1008 1619 1138 1649 tamen
1159 1611 1203 1649 L.
1222 1611 1286 1648 IV.
1309 1618 1348 1648 et
1368 1609 1492 1649 Curtii
1513 1609 1596 1647 Vll.
1618 1615 1657 1646 et
1680 1607 1784 1648 Vni.

333 1670 504 1708 defectus
534 1668 598 1706 hic
627 1671 798 1720 suppleri
830 1672 984 1719 poterit.
1017 1667 1152 1706 lino».
1194 1666 1359 1714 Hiatus,
1393 1667 1523 1715 quiin
1546 1664 1619 1703 hac
1642 1668 1783 1716 pagina

331 1728 580 1778 conspicitur,
601 1727 823 1763 continebat
843 1728 958 1763 unius
977 1727 1072 1762 anni
1093 1731 1202 1776 gesta
1223 1723 1446 1775 Hegemone
1464 1721 1673 1769 Archonte,
1687 1734 1783 1771 quae

330 1789 506 1820 recenset
526 1782 714 1819 Arrianus
733 1784 774 1820 in
795 1781 1007 1819 Alexandri
1027 1783 1148 1833 gestis
1169 1781 1211 1818 L.
1231 1780 1297 1821 lv,
1320 1781 1451 1818 PALM.
1481 1777 1601 1826 Haec,
1631 1786 1669 1815 et
1688 1790 1784 1827 quae

330 1852 423 1876 mox
445 1840 694 1886 conspicitur,
726 1840 864 1876 lacuna
883 1841 1021 1889 ingens
1044 1845 1115 1885 est,
1146 1837 1213 1874 sed
1232 1838 1299 1874 illa
1317 1844 1447 1873 tamen
1467 1847 1674 1885 paucorum
1694 1848 1787 1877 ,ver-

332 1896 481 1941 borum,
508 1902 550 1931 ut
569 1907 616 1931 ex
637 1908 765 1932 rerum
781 1897 878 1932 serie
899 1894 1115 1931 conficitur.
1162 1893 1352 1941 Inquisivi
1372 1905 1439 1942 per
1457 1893 1601 1929 amicos
1620 1891 1787 1942 diligen-

333 1959 392 1989 ter
422 1954 463 1989 in
498 1951 632 1999 ltalia,
676 1950 806 1989 Gallia
835 1950 1116 1988 et'Germania
1149 1962 1268 1998 ecqua
1299 1961 1347 1986 ex
1375 1948 1608 1985 membranis
1639 1948 1789 1995 expleri

333 2015 486 2057 posset,
516 2014 556 2043 at
582 2008 738 2044 frustra.
781 2007 907 2051 Quare
929 2006 1137 2044 carendum
1158 2007 1235 2044 illis
1254 2014 1436 2055 perpetuo
1455 2005 1597 2050 fuerit,
1621 2004 1699 2042 nisi
1716 2005 1788 2040 ali-

333 2065 436 2100 unde
456 2067 686 2113 integriores
707 2062 839 2110 codd,
859 2075 972 2111 quam
994 2064 1061 2111 qui
1089 2064 1131 2101 in
1151 2075 1274 2100 meam
1294 2066 1487 2101 venerunt
1509 2060 1705 2108 notitiam,
1728 2060 1788 2097 fe·-

333 2121 400 2158 lici
422 2120 585 2169 quodam
609 2131 699 2155 casu
721 2126 917 2156 eruantur.
947 2118 1081 2156 'WESSQ

446 2177 554 2216 225.
580 2176 650 2215 10.
677 2170 737 2213 ‘H
749 2173 825 2226 μὲν
845 2174 1071 2227 βασίλισσα
1094 2175 1189 2220 ete]
1219 2171 1366 2222 Cospus
1386 2173 1561 2223 reginam
1581 2168 1680 2208 hane
1694 2169 1789 2209 Bes-

336 2232 370 2268 si
389 2231 481 2268 fecit
502 2244 682 2277 uxorem,
710 2244 791 2269 non
812 2230 1097 2278 animadverso,
1129 2232 1193 2279 qui
1214 2231 1340 2266 locum
1359 2228 1460 2266 hunc
1480 2241 1502 2264 a
1523 2229 1788 2276 superioribus

337 2287 544 2334 distraxit,
572 2287 691 2324 hiatu.
738 2286 974 2338 Intelligitur
1002 2287 1139 2337 regina
1167 2284 1369 2334 Cleophis,
1397 2285 1443 2321 de
1468 2297 1542 2335 qua
1560 2281 1718 2321 Curtius
1741 2283 1787 2325 L.

336 2343 437 2380 Vffl.
467 2346 536 2384 10.
562 2344 635 2383 34.
668 2349 707 2381 et
728 2342 899 2382 Iustinus
924 2343 967 2381 L.
985 2342 1078 2383 ΧΠ.
1103 2344 1143 2383 7.
1184 2341 1278 2381 Mox
1307 2341 1579 2378 desiderantur
1609 2338 1791 2389 Cleophi-

338 2400 397 2436 dis
420 2407 457 2436 et
481 2399 694 2437 Alexandri
714 2412 886 2447 amores,
915 2406 1103 2450 natusque
1124 2397 1214 2437 inde
1234 2398 1360 2445 filius,
1395 2410 1507 2449 quem
1529 2396 1791 2437 Alexandrum

339 2457 568 2504 adpellavit:
597 2463 676 2492 tum
695 2468 844 2507 quoque
866 2455 1124 2502 conditiones,
1152 2455 1289 2504 quibus
1308 2467 1395 2491 aere
1415 2453 1595 2491 conducti
1615 2466 1638 2490 a
1657 2455 1793 2504 regina

339 2515 481 2551 milites
502 2512 667 2550 abeundi
687 2512 909 2551 facultatem
929 2513 1232 2560 inpetraverant.
1265 2510 1400 2549 Wl-lss.

454 2570 561 2611 225.
598 2569 668 2608 15.
710 2566 795 2607 Καὶ
826 2565 1021 2611 σταδίους
1051 2563 1336 2618 ὀγδοήκοντα]
1375 2565 1443 2603 Sic
1462 2564 1537 2604 fide
1564 2563 1793 2601 schedarum

342 2632 516 2663 veterum
536 2625 707 2664 restitui.
753 2622 990 2674 Octingenta
1011 2623 1136 2662 stadia
1161 2625 1282 2661 nimia
1311 2627 1435 2660 erant.
1476 2621 1540 2659 Ex
1565 2620 1658 2658 urbe
1689 2622 1794 2657 enim

343 2684 490 2732 egressi
513 2683 642 2718 vicino
674 2680 716 2717 in
738 2681 835 2718 colle
855 2686 982 2716 castra
1010 2685 1100 2717 sunt
1122 2681 1279 2726 metati,
1317 2678 1477 2717 docente
1498 2676 1688 2723 Arriano,
1726 2676 1795 2713 sed

343 2738 540 2787 perfidiam
560 2734 772 2773 Alexandri
792 2734 1070 2781 dissimulante,
1094 2733 1137 2772 L.
1160 2734 1224 2775 iv.
1243 2737 1318 2774 27.
1338 2747 1374 2784 p.
1400 2734 1503 2774 190.
1536 2731 1677 2770 Melius
1689 2732 1792 2770 Plut.

345 2793 454 2830 Alex.
475 2808 510 2844 p.
535 2795 640 2834 698.
660 2790 702 2829 C.
725 2797 764 2829 et
781 2790 965 2842 Polyaen.
987 2790 1106 2828 Strat.
1129 2789 1171 2827 L.
1194 2789 1256 2828 [V.
1279 2791 1321 2831 3.
1338 2791 1412 2830 20.
1436 2789 1572 2826 WESS.
