1875 3310
386 220 674 253 OECONomxA
709 220 978 253 ulsTomAE
1017 221 1240 254 DIODORI.
1399 225 1543 256 CCXIII

87 317 140 350 sis
163 318 307 354 auxilio
325 319 432 354 venit
456 329 538 354 cum
563 319 684 353 classe
711 321 750 352 et
776 319 956 354 exercitu.
1003 319 1100 353 Tum
1119 330 1244 365 pugna
1264 321 1386 354 navali
1405 315 1544 355 ‹iocer-

87 379 180 411 tant.
225 377 335 410 Acies
360 377 524 411 infestae
549 381 588 411 et
614 386 739 421 pugna
764 377 847 420 ipsa
871 377 1115 418 describitur,
1153 389 1224 422 qua
1247 379 1463 412 Demetrius
1487 392 1545 413 su-

85 434 214 476 perior
233 434 419 468 discessit.
463 435 725 475 Ptolemaeus,
749 435 893 478 ingenti
913 436 1018 470 clade
1039 436 1280 480 profligatus,
1314 438 1452 470 omissa
1474 440 1544 482 ey·

85 500 173 534 pro,
203 492 242 524 in
261 493 473 536 Aegyptum
494 502 535 525 se
554 492 699 536 recipit.
731 503 762 525 c.
781 493 943 530 49—52.
991 495 1166 527 Ceterum
1194 493 1288 526 haec
1315 494 1360 526 ad
1383 493 1545 527 Salami-

85 557 171 581 nem
197 558 323 593 pugna
347 559 520 582 novorum
543 559 740 594 regnorum
764 551 870 584 velut
895 549 1092 584 decretoria
1117 554 1210 584 erat.
1264 550 1359 584 Nam
1380 552 1426 584 ad
1445 553 1545 585 Anti-

85 606 175 649 goni
199 607 414 650 exemplum
433 608 550 641 ceteri
570 609 683 641 etiam
702 608 837 652 duces,
865 619 994 655 regum
1019 608 1231 654 dignitatem
1251 612 1288 641 et
1303 607 1445 641 ticulum
1472 610 1544 641 sibi

83 669 303 698 sumserunt
321 669 359 698 et
375 670 613 710 arrogarunt.
643 676 672 702 c,
691 669 747 704 53.

180 720 417 766 „Postquam
437 724 484 757 de
504 722 562 756 his
579 724 670 756 satis
689 723 872 765 diximus,
897 733 960 757 res
982 724 1019 757 in
1035 723 1160 768 Libya
1179 726 1218 757 et
1233 722 1360 756 Sicilia
1381 723 1546 765 singola-

84 778 152 811 tim
173 789 459 826 persequamur.
471 785 493 802 “
524 781 750 826 Agathocles
769 783 847 826 ipse
868 792 1013 826 quoque
1032 782 1134 825 regis
1155 780 1304 814 titulum
1328 785 1366 814 et
1383 781 1545 823 insignia

86 837 260 880 suscipit,
290 840 469 884 regisque
496 839 708 883 superbiam
739 839 851 872 factis
872 840 1117 875 demonstrat.
1166 838 1331 879 Uticam,
1365 848 1460 882 quae
1483 836 1546 870 de-

87 893 253 937 fecerat,
283 897 319 929 vi
342 898 461 940 capit,
494 900 534 931 et
560 899 597 930 in
625 899 727 930 cives
753 899 1022 930 immanissime
1050 897 1184 929 saevit.
1230 895 1362 928 Multis
1382 895 1466 927 aliis
1486 906 1548 938 po-

84 951 184 994 pulis
212 956 251 985 et
275 953 429 986 urbibus
459 955 496 987 in
519 955 698 987 ditionem
718 965 820 987 suam
842 955 1023 995 redactis,
1054 953 1236 986 sollicitus
1255 953 1301 986 de
1322 953 1434 986 rebus
1456 952 1547 985 Sici-

83 1007 181 1051 liae,
204 1009 244 1043 in
264 1021 423 1055 regnum
444 1012 554 1046 redit.
594 1023 623 1047 c.
644 1013 698 1049 54.
727 1014 783 1048 55.
828 1012 868 1044 ln
890 1012 1017 1044 Sicilia
1038 1015 1113 1043 tum
1133 1012 1315 1052 maxime,
1351 1020 1432 1043 cum
1453 1011 1547 1053 Aga-

84 1065 231 1101 thocles
257 1069 476 1110 adveniret,
508 1069 746 1111 Xenofflcus,
778 1070 1109 1112 Agrigentinorum
1135 1069 1360 1112 imperator,
1395 1067 1486 1109 (vid.
1511 1078 1547 1101 c.

85 1125 161 1169 31.)
184 1126 306 1159 rictus
325 1131 427 1169 erat3
462 1139 534 1173 quo
557 1128 656 1161 facto
675 1126 901 1171 Agathocles
920 1127 1003 1159 loca
1023 1126 1131 1170 plura
1146 1129 1349 1169 expugnat.
1394 1124 1469 1158 sed
1488 1136 1548 1158 su·

83 1188 238 1226 pererat
254 1183 500 1228 Dinocrates,
526 1186 696 1220 exsulum
719 1185 813 1225 dux,
838 1184 980 1217 viribus
998 1189 1073 1216 tum
1094 1183 1205 1227 longe
1225 1183 1409 1226 superior.
1446 1193 1476 1215 c.
1490 1185 1546 1219 56.

83 1241 129 1275 57
148 1249 201 1283 pr.
248 1241 301 1275 Ab
321 1240 391 1276 hoc
408 1247 577 1290 tempore
598 1253 660 1278 res
678 1240 895 1294 Agathoclis
914 1245 952 1276 et
968 1242 1008 1274 in
1026 1240 1153 1275 Sicilia
1171 1244 1209 1274 et
1227 1242 1265 1273 in
1287 1239 1412 1285 Libya
1429 1240 1467 1272 in
1485 1239 1549 1273 de-

83 1298 203 1331 terius
222 1299 464 1334 inclinabant.

174 1357 215 1390 In
235 1355 360 1402 Libya
376 1357 527 1401 quidem
546 1355 829 1403 Archagathus,
867 1359 905 1391 et
923 1357 1003 1401 ipse
1031 1359 1070 1391 et
1086 1367 1155 1402 per
1170 1356 1338 1400 legatos,
1374 1354 1550 1398 aliquan-

82 1413 203 1457 tisper
221 1426 282 1448 res
301 1426 482 1460 prospere
501 1421 694 1461 gesserat,
730 1422 768 1449 et
786 1416 924 1450 multos
943 1416 1100 1460 populos
1119 1414 1343 1457 subegerat,
1375 1422 1551 1456 progres-

83 1481 147 1504 sus
176 1483 295 1517 usque
323 1474 371 1507 ad
400 1473 654 1509 Pithecussas.
700 1484 728 1509 e.
747 1476 801 1511 57.
826 1476 881 1509 58.
940 1475 1018 1507 lam
1044 1483 1135 1505 vero
1165 1471 1303 1512 Poeni,
1337 1480 1434 1504 nova
1458 1469 1549 1502 boui

83 1531 241 1574 gerendi
264 1532 409 1565 ratione
427 1531 538 1573 inita,
562 1531 840 1576 Archagathum
859 1533 1048 1575 tripartito
1068 1529 1360 1573 aggrediuntur:
1396 1538 1467 1571 quo
1490 1525 1550 1558 hic

84 1590 212 1632 copias
237 1588 451 1623 distrahere
478 1590 637 1633 cogitur.
700 1589 850 1633 Duplici
880 1589 987 1622 clade
1013 1587 1174 1621 afflictus
1201 1596 1223 1619 a
1252 1587 1366 1619 sociis
1396 1586 1551 1628 iusuper

85 1646 286 1682 deseritur.
335 1645 584 1690 Agathocles,
619 1647 759 1680 certior
787 1646 907 1679 sactus
934 1645 980 1679 de
1008 1656 1162 1679 suorum
1187 1645 1224 1676 in
1251 1643 1376 1688 Libya
1402 1642 1552 1675 calami-

83 1707 184 1745 tate,
215 1714 297 1737 cum
326 1704 447 1737 classe
468 1703 547 1737 filio
570 1705 609 1736 in
629 1705 810 1737 auxilium
832 1705 962 1738 venire
981 1705 1171 1748 properat.
1217 1702 1312 1735 Ante
1341 1701 1551 1733 discessum

83 1762 230 1806 proelio
247 1762 369 1794 navali
388 1752 556 1803 Poenos,
587 1766 626 1796 et
656 1762 831 1795 terrestri
850 1762 1116 1804 Agrigentinos
1132 1760 1259 1792 vincit.
1305 1758 1399 1791 Eam
1427 1758 1553 1790 victo-

82 1821 178 1853 riam
203 1821 321 1852 sacris
348 1823 386 1853 et
410 1820 531 1862 epulis
557 1820 737 1852 celebrat.
793 1819 991 1863 Ingenium
1021 1818 1146 1861 regis,
1182 1816 1344 1849 maxime
1371 1816 1408 1847 in
1431 1814 1552 1859 epulis

82 1877 285 1922 proditum.
313 1887 342 1910 c.
360 1879 523 1913 59—63.
569 1877 758 1910 umectus
777 1878 813 1909 in
832 1876 997 1911 Africam
1020 1886 1080 1909 res
1099 1874 1300 1907 admodum
1324 1872 1552 1916 depravatas

82 1936 244 1968 invenit:
289 1943 396 1974 n10X‚
440 1934 525 1966 dum
548 1935 684 1968 damna
703 1945 882 1979 reparare
904 1934 1107 1973 annititur,
1142 1931 1248 1966 clade
1263 1930 1478 1974 multiplici,
1514 1933 1554 1961 et

85 1992 300 2026 defectione
324 1993 483 2027 militum
503 1991 683 2032 afflictus,
709 1993 747 2025 in
767 1993 884 2025 inulto
901 1993 1033 2037 peiora
1050 1990 1193 2023 incidit.
1221 1999 1253 2022 c.
1272 1987 1434 2025 64-67.
1478 1986 1555 2019 De-

84 2051 247 2094 speratis
272 2050 407 2091 rebus,
444 2050 578 2083 relicta
604 2049 753 2090 Africa,
795 2049 989 2091 destitutis
1012 2049 1120 2090 filiis,
1177 2051 1216 2081 ct
1239 2045 1422 2080 militibus
1455 2044 1554 2077 clam

85 2107 191 2141 abire
211 2111 250 2140 et
269 2107 307 2140 in
327 2106 494 2140 Siciliam
514 2107 694 2151 refugere
714 2111 836 2152 parat.
882 2108 1007 2150 Aegre
1029 2107 1180 2151 elapsus
1198 2103 1380 2144 vinculis,
1417 2102 1551 2148 quibus

83 2165 232 2198 vinctus
256 2165 464 2206 retinetur,
494 2165 532 2198 in
552 2164 718 2197 Siciliam
740 2164 900 2208 aufugit.
947 2165 1046 2198 Tum
1073 2174 1164 2196 vero
1186 2162 1286 2195 filios
1310 2161 1392 2193 eius
1410 2158 1553 2192 milites

85 2226 235 2256 necant.
284 2221 621 2267 Carthaginienses
651 2223 777 2256 omnia
803 2228 1051 2265 recuperant,
1087 2225 1125 2253 et
1143 2219 1351 2254 exercitum
1378 2217 1555 2250 relictum

83 2279 372 2313 indeditionem
393 2283 543 2324 cogunt.
580 2290 611 2313 c.
629 2282 686 2315 68.
710 2281 768 2317 69.
813 2278 1031 2313 Admiratur
1057 2277 1260 2311 historicus
1287 2276 1450 2309 subitam
1480 2273 1556 2307 for-

84 2342 199 2369 tunae
217 2338 517 2379 conversionem,
543 2342 581 2371 et
599 2337 840 2372 manifestam
859 2336 1020 2370 numinis
1040 2335 1253 2370 vindictam.
1280 2344 1312 2366 c.
1329 2336 1384 2370 70.
1420 2331 1555 2364 Redux

82 2392 310 2437 Agathocles
333 2394 371 2426 in
387 2393 516 2427 Sicilia
533 2396 673 2439 rapinis
694 2399 733 2430 et
751 2394 931 2429 caedibus
945 2394 984 2426 in
1007 2402 1138 2427 omnes
1159 2394 1367 2436 grassatur.
1412 2389 1556 2422 Horro-

82 2461 166 2486 rem
184 2452 305 2485 iniicit
323 2450 542 2496 descriptio,
579 2463 610 2485 c.
625 2455 682 2489 71.
704 2456 761 2491 72.

175 2507 273 2541 Anu.
299 2512 332 2546 3.
381 2508 532 2542 Initium
560 2509 604 2542 fit
627 2520 649 2542 a
675 2510 788 2544 rebus
811 2510 939 2548 Asiae.
986 2509 1213 2552 Antigonus,
1240 2504 1360 2538 accito
1382 2503 1460 2538 filio
1481 2502 1556 2537 De-

87 2567 225 2599 metrio
249 2576 267 2599 e
287 2568 431 2610 Cypro,
464 2578 572 2611 quem
594 2568 704 2601 classi
726 2567 933 2614 praefecit,
965 2567 1068 2600 bello
1087 2563 1196 2597 simul
1214 2562 1408 2602 terrestri,
1442 2561 1554 2595 simul

85 2623 223 2662 navali,
250 2623 510 2658 Ptolemaeum
531 2625 567 2658 in
591 2628 763 2670 Aegypto
782 2626 963 2659 adoritur.
1010 2623 1222 2666 Copiarum,
1248 2617 1550 2661 elephantorum,

87 2681 238 2713 navium
267 2691 458 2720 numeruS.
505 2682 606 2717 Belli
623 2685 785 2727 impetus
801 2686 885 2717 erat
903 2682 1100 2715 maximus.
1148 2677 1223 2710 Sed
1246 2676 1351 2708 aditu
1377 2675 1423 2708 ab
1452 2677 1551 2708 omni

88 2741 195 2782 parte
214 2738 334 2772 firmis
353 2741 555 2784 praesidiis
574 2743 738 2783 munito,
764 2752 846 2775 cum
870 2740 1061 2774 exercitus
1082 2737 1292 2771 commeatu
1312 2737 1350 2766 et
1362 2733 1550 2767 frumento

87 2795 424 2839 intercluderetur,
462 2798 604 2834 infecta
638 2809 681 2833 re
717 2801 757 2834 in
784 2798 933 2845 Syriam
959 2796 1084 2832 rediit.
1147 2791 1389 2826 Ptolemaeus
1423 2795 1548 2823 autem
