1891 3310
440 163 501 201 lN
543 159 654 201 Lm.
694 162 820 202 XVI.
854 163 981 202 CAP.
1014 167 1053 205 8.
1079 166 1227 206 -10.
1495 171 1555 213 83

93 277 203 316 benet
237 274 312 316 De
318 275 592 328 largitionibus
616 274 787 328 Philippi
813 276 1074 327 Graeciaeque
1094 276 1356 328 proditoribus
1383 280 1552 321 inferius

92 347 127 374 c.
153 335 226 375 56.
257 331 392 371 wass.

206 391 278 431 88.
310 388 384 429 64.
431 383 560 427 Γάϊον
584 359 807 442 Πόπλιον]
844 387 1030 426 Mendose
1061 402 1130 438 pro
1153 386 1392 442 Ποιτήὶιον.
1419 390 1554 430 RHOD.

90 441 229 487 Γάϊον
249 440 507 496 Ποιτηλιον]
545 444 673 482 Ausus
705 458 789 483 sum
821 445 993 483 Poetelii
1020 458 1160 483 nomen
1190 446 1237 483 ad
1266 446 1368 484 hunc
1400 449 1555 488 modum

89 502 302 553 restingere,
331 507 414 538 tum
437 500 540 549 quod
558 501 754 541 Πεῖίλιον
779 504 970 554 marginis
991 501 1180 553 Stephani
1202 516 1281 540 non
1303 505 1417 554 longe
1446 518 1557 542 rece-

91 559 222 605 deret,
261 563 342 594 tum
369 557 472 606 quod
501 556 662 608 Pighius
691 559 734 595 in
763 557 868 596 Fast.
904 559 952 596 ad
983 572 1071 596 ann.
1092 568 1304 606 CCCXClll.‚
1343 561 1475 598 forsan
1507 574 1556 599 ex

88 614 344 652 Granvellani
374 616 518 662 scripto
544 614 667 663 libro,
693 614 735 652 id
766 613 941 652 Diodoro
966 616 1134 663 tribuat,
1161 622 1200 652 et
1223 614 1370 666 Cospus
1399 617 1440 654 id
1467 631 1556 655 ver-

91 671 201 709 sione
217 669 366 707 reddat.
393 669 533 707 Wuss.

205 727 278 767 89.
311 728 386 767 70.
436 727 558 772 Ναῦς
590 748 640 755 -
670 724 972 780 τετρακοσίας]
1025 727 1275 778 Quingentas
1300 727 1417 767 Corn.
1454 728 1553 778 Nep.

90 780 210 822 Dion.
241 795 274 819 c.
297 783 337 822 5.
368 781 452 821 Sed
466 781 729 830 Dionfretus
748 796 824 821 non
847 791 927 821 tam
947 787 1031 822 suis
1051 787 1197 835 copiis,
1235 798 1353 836 quam
1376 786 1465 823 odio
1494 793 1557 836 ty—

90 840 235 884 ranni,
260 838 433 876 mutinae
464 841 617 888 animo,
644 837 797 878 duabus
816 843 1018 878 onerariis
1041 841 1227 888 navibus,
1261 843 1553 892 quinquaginta

89 907 283 933 annorum
313 897 541 948 imperium,
577 898 769 934 munitum
801 908 1066 940 QUINGENTJS
1095 898 1224 947 longis
1261 898 1450 945 navibus,
1483 900 1551 937 de-

88 965 172 990 cem
195 951 391 1003 equitum,
420 960 576 990 eentum
595 955 779 1004 peditum
808 954 1004 1001 millibus,
1025 967 1083 1006 p7
1087 953 1245 1000 efectus
1267 961 1550 1006 oppugnatum.

87 1006 212 1046 Credo
240 1009 485 1047 librariorum
511 1016 679 1060 peccato.
719 1010 868 1047 Auctor
897 1012 999 1048 enim
1021 1013 1160 1047 iterum
1181 1023 1214 1047 c.
1237 1012 1310 1050 7]
1341 1018 1378 1047 et
1399 1011 1553 1049 Plutar-

87 1059 182 1101 chus
201 1063 319 1102 Dion.
338 1078 374 1115 p·
397 1067 505 1106 963.
526 1066 573 1106 Ε.
609 1080 696 1103 cum
717 1066 880 1103 Aeliano
905 1066 952 1103 V.
973 1066 1075 1104 Hist.
1094 1065 1138 1103 L.
1158 1066 1223 1104 Vl.
1254 1069 1324 1108 12
1356 1065 1550 1119 Dionysio

88 1130 184 1158 cccc
210 1133 330 1159 naves
351 1123 488 1173 longas
510 1124 741 1174 largiuntur.
774 1123 916 1161 WEss.

86 1231 139 1273 W
202 1178 281 1218 89
307 1178 382 1220 91.
403 1174 509 1219 ‘Yno
531 1178 709 1227 Μινωος
726 1177 923 1233 ἐκτίσθη]
953 1177 1142 1217 AliterL.
1162 1178 1229 1220 IV.
1253 1179 1341 1227 79.
1360 1180 1428 1218 ubi
1446 1179 1550 1218 vide.

141 1244 226 1272 Ess.

205 1290 278 1331 89.
308 1290 384 1331 95
414 1287 590 1343 ’'Ovopaea
611 1287 768 1345 Πάρα)
772 1281 846 1343 ος]
887 1287 1077 1340 Σίναλος
1102 1290 1167 1330 hic
1196 1291 1405 1330 Plutarcho
1432 1291 1551 1330 Dion.

87 1359 125 1399 p.
149 1347 256 1388 969.
267 1374 279 1394 ‚
308 1359 422 1396 quam
440 1354 569 1396 recte,
592 1361 671 1386 non
692 1349 840 1386 dixero.
876 1349 1011 1387 VVESS.

202 1404 275 1444 89.
304 1405 349 1444 4.
382 1401 471 1443 Eu
505 1403 549 1443 ὸὲ
576 1405 894 1457 Καμαριναίους
925 1405 994 1444 καὶ
1021 1403 1318 1452 ΖΙῙαδιναιόυς]
1361 1404 1549 1442 Camari-

85 1472 298 1506 naeorzcm,
327 1459 375 1498 ad
404 1459 571 1497 Dionem
592 1474 675 1498 sese
695 1463 992 1513 adiungentium
1026 1464 1276 1499 conmeminit
1294 1461 1548 1507 Plutarchus3

87 1516 133 1553 de
155 1516 384 1555 Madz'naeis
403 1513 523 1565 nihil,
552 1529 714 1566 quorum
735 1519 889 1568 quidem
908 1520 1016 1556 nulla
1036 1519 1138 1566 apud
1159 1520 1258 1555 alios
1280 1530 1451 1567 quoque,
1482 1518 1549 1566 qui

84 1584 148 1610 res
173 1571 324 1610 Siculas
349 1574 584 1624 attigerunt,
616 1576 774 1612 mentio.
820 1574 925 1612 Hinc
955 1575 1024 1611 Ph.
1054 1573 1258 1612 Cluverius
1282 1574 1391 1612 Sicil.
1416 1574 1548 1622 Antiq.

83 1627 129 1666 L.
149 1628 198 1668 II.
218 1641 257 1678 Ρ.
282 1630 389 1670 357.
431 1630 612 1680 Nullum,
642 1633 794 1680 inquit,
824 1633 901 1669 alii
919 1634 1105 1682 cuiquam
1124 1638 1382 1668 memoratum
1402 1638 1463 1667 est
1482 1643 1550 1682 op-

78 1686 218 1738 pidum
244 1682 434 1726 Μάόινα.
466 1686 538 1734 Et,
557 1695 658 1739 post
680 1688 983 1725 Camarinenses
1002 1701 1119 1738 quum
1140 1689 1242 1726 idem
1259 1687 1463 1738 Diodorus
1489 1688 1550 1724 di»-

85 1749 158 1780 cat
181 1741 350 1780 Dionem
380 1745 612 1780 assumsisse
643 1745 752 1792 illos,
789 1746 860 1794 qui
879 1747 918 1782 in
940 1746 1117 1794 vulgatis
1149 1746 1235 1781 eius
1257 1744 1549 1795 exemplaribus

82 1798 275 1849 leguntur
293 1798 540 1838 Mad‘tvaiot·
567 1800 697 1837 nullos
715 1801 818 1837 alios
836 1800 907 1838 hos
920 1800 1058 1848 fuisse
1079 1801 1231 1847 iudico,
1260 1814 1377 1852 quam
1399 1800 1549 1840 Mow-

84 1854 250 1900 καιόυς,
278 1854 323 1892 id
348 1861 429 1902 est,
455 1854 713 1905 Motycenses.
756 1855 837 1894 Pro
870 1870 945 1907 quo
973 1856 1163 1894 vocabulo
1186 1864 1417 1909 corruptum
1448 1855 1553 1894 illud

85 1911 340 1961 suppositum.
364 1910 456 1948 Nisi
459 1911 583 1958 forte
603 1914 806 1963 suspicari
822 1913 958 1960 libeat,
977 1913 1208 1951 vocabulum
1231 1911 1548 1964 Καμαριναίους

86 1966 136 2004 ab
158 1968 340 2017 imperito
360 1974 481 2018 atque
506 1970 701 2006 oscitante
732 1972 981 2021 exscriptore
1002 1970 1060 2007 bis
1070 1972 1247 2022 positum
1257 1969 1417 2017 fuisse,
1446 1971 1549 2007 unde

76 2029 225 2075 postea
248 2023 355 2060 alius
376 2025 548 2076 alterum
569 2037 704 2062 eorum
725 2027 988 2077 discerpserit
1005 2029 1044 2064 in
1063 2025 1130 2065 καὶ
1151 2025 1430 2072 Μαδιναίιως.
1461 2026 1546 2069 Quo

85 2078 251 2126 Catone,
280 2081 430 2118 interea
455 2081 544 2118 dum
566 2083 745 2120 meliores
777 2083 869 2120 libri
897 2085 1062 2120 certiora
1092 2083 1277 2133 doceant,
1311 2085 1430 2120 simus
1453 2094 1548 2119 con-

84 2138 194 2173 tenti.
224 2135 358 2173 Wisss.

197 2192 271 2232 90.
301 2194 377 2232 21.
401 2189 519 2233 ’Ami
541 2196 619 2246 τῆς
638 2190 936 2242 ἀποστάσεως]
968 2194 1127 2233 Placere
1149 2195 1224 2233 hoc
1245 2201 1393 2244 potest:
1422 2206 1546 2243 neque

81 2248 288 2298 inprobum
307 2255 435 2286 tamen
466 2247 569 2289 ἀπο
565 2252 652 2302 τῆς
674 2247 945 2298 {yn-moovckofflg
973 2253 1113 2299 fucrit
1142 2255 1173 2289 si
1196 2253 1242 2289 de
1266 2254 1462 2302 proposito
1485 2258 1546 2300 ty-

81 2305 258 2342 rannidis
277 2305 578 2372 pessumdandae
600 2309 855 2359 intelligatur,
884 2307 982 2344 Vide
1002 2308 1051 2345 ad
1074 2309 1116 2346 L.
1140 2309 1229 2346 XV.
1255 2311 1327 2349 70.
1367 2306 1545 2344 Ceterum

85 2358 350 2408 Timocrates,
377 2364 444 2412 qui
474 2361 613 2400 Dionis
643 2376 828 2413 uxorem,
858 2363 1044 2415 Dionysii
1061 2378 1256 2413 sororem,
1288 2367 1329 2402 in
1348 2366 1547 2402 matrimo-

81 2418 150 2454 nio
167 2416 354 2466 habebat,
385 2419 471 2456 urbi
491 2432 578 2457 cum
598 2423 766 2458 maxime
793 2395 971 2471 praeerat
991 2421 1093 2470 apud
1113 2421 1214 2460 Plut.
1235 2421 1352 2459 Dion.
1377 2434 1414 2471 p.
1436 2420 1544 2460 969.

83 2471 136 2511 D.
165 2473 300 2511 WEss.

90 2551 92 2553 >
198 2531 273 2570 90.
299 2531 375 2570 27.
416 2531 517 2577 Τοῖς
536 2533 847 2584 παρατυχοῦσιν
869 2530 1012 2580 ὅπλοις
1039 2529 1340 2584 συνεσκεύασε]
1373 2531 1458 2569 Hoc
1480 2543 1544 2568 ra-

83 2586 179 2626 rius.
231 2585 404 2635 Simplex
436 2589 556 2625 simili
586 2596 773 2637 potestate
801 2591 1053 2639 perfrequens
1078 2590 1275 2640 Appiano,
1313 2590 1379 2638 qui
1407 2587 1449 2625 L.
1478 2587 1544 2624 lV.

84 2640 184 2680 Belli
203 2641 316 2680 Civil.
349 2656 384 2693 p.
407 2644 515 2684 985.
545 2644 603 2691 εἷς
631 2642 885 2697 ἀνθρακέα
867 2660 1083 2694 εσκευασε,
1113 2647 1307 2684 instruxit
1334 2657 1418 2682 eum
1450 2656 1544 2681 car-

85 2698 246 2736 bonaria·
273 2699 423 2737 habitu.
470 2700 523 2736 Et
550 2714 586 2751 p.
615 2702 722 2769 989.
758 2701 826 2741 καὶ
853 2700 952 2749 τοὺς
977 2699 1243 2756 θεοάποντας
1269 2700 1309 2748 ἐς
1337 2696 1545 2751 υπηρέτας

85 2750 304 2802 σκευάσας.
340 2762 420 2794 tum
442 2757 534 2793 ibid.
564 2771 663 2804 τους
685 2754 951 2826 θεράποντας
979 2757 1020 2805 ἐς
1040 2771 1299 2825 στρατιωιας
1317 2752 1546 2796 σκευάσανὲ

85 2824 163 2857 τες.
201 2813 339 2850 iterum
377 2819 465 2861 post
494 2826 635 2863 pauca,
678 2813 746 2853 καὶ
776 2810 994 2855 ἐσκεύασεν
1028 2812 1147 2868 (τοὺς
1184 2809 1469 2865 θεράποντας)
1505 2809 1546 2858 ἐς

1180 2873 1207 2911 6
1236 2873 1255 2893 δὲ
