1891 3310
341 190 417 223 DE
465 187 776 222 FONTlBUs
812 185 965 218 1-115T.
1001 185 1277 218 D10DOR1.
1470 190 1529 220 CV

74 292 252 336 tanquam
287 287 448 333 primum
481 288 675 319 auctorem
711 285 788 318 ista
819 281 1023 318 referenda
1059 284 1190 323 erant,
1229 292 1303 317 non
1336 293 1428 318 vero
1461 286 1531 319 sub

76 345 235 379 Diodori
264 346 414 379 nomine
439 342 648 376 laudanda:
674 342 806 375 adiicit·
828 345 956 373 tamen
983 339 1016 371 is
1052 342 1092 371 et
1118 341 1297 384 tanquam
1319 339 1532 377 fabulosam

76 401 221 436 refellit
253 402 508 435 narrationem
543 400 590 433 de
615 398 783 433 Eridano
808 401 847 432 et
868 393 1119 429 Phaethonte.

167 458 226 492 De
251 457 374 491 Gallia
400 460 559 501 egerant
582 457 620 489 in
646 453 914 499 geographicis·
934 449 1192 485 Eratosthenes
1214 455 1253 486 et
1276 451 1534 499 Artemidorus,

76 515 115 548 in
140 513 332 549 historicis
361 511 547 554 Timaeus,
584 511 750 558 Polybius
784 521 829 545 ac
853 507 1068 543 Posidonius
1077 520 1092 550 ;
1120 521 1205 544 nani
1232 508 1407 552 Ephorus
1432 512 1536 547 fabu-

76 571 161 605 losa
195 571 376 616 pleraque
409 570 622 604 tradiderat
652 569 783 603 auditu
818 571 996 612 accepta,
1035 571 1078 600 ut
1111 578 1132 602 e
1165 566 1351 601 Strabone
1385 568 1533 605 discere

77 628 180 662 licet.
223 627 265 662 Si
301 638 349 663 ex
382 628 521 662 ceteris
546 627 801 661 coniecturam
826 625 954 659 facere
981 625 1093 667 licet,
1128 623 1201 658 suit
1224 627 1264 658 et
1287 625 1325 658 in
1350 624 1409 659 his
1434 625 1537 660 Posi-

79 683 225 729 danius,
262 696 372 730 quem
407 688 632 729 sequeretur
662 682 854 716 Diodorus
887 690 927 723 1,
967 692 1098 715 verum
1123 681 1264 716 adiecit
1291 682 1401 726 plura
1433 693 1531 728 quae

80 743 162 785 ipse
189 752 236 776 ex
259 742 439 776 Romanis
464 744 702 785 compererat
744 740 807 784 qui
840 748 922 772 cum
948 738 1113 773 Caesare
1139 739 1179 772 in
1209 737 1345 773 Galliis
1370 740 1536 780 fuerant.

80 797 205 832 Multa
229 801 356 833 autem
383 801 514 832 narrat
536 798 583 832 de
609 797 804 831 Gallorum
828 795 1017 839 moribus,
1040 797 1350 831 Americauorum
1371 798 1537 843 ingeniis

81 854 294 898 simillima,
330 865 453 900 neque
486 853 640 888 aliunde
675 857 784 896 nota3
820 863 895 887 non
924 852 1267 898 praetermittenda
1296 853 1344 887 ab
1374 855 1442 899 iis,
1475 857 1539 902 qui

80 911 249 944 studium
283 921 394 946 suuni
431 913 470 947 in
510 911 735 956 populorum
772 910 938 956 ingeniis
983 915 1024 946 et
1059 909 1227 945 moribus
1265 914 1540 956 cognoscendis

79 972 236 1012 ponunt.

174 1024 234 1060 De
265 1023 464 1069 Celtiberis,
494 1023 668 1060 Vaccaeis
693 1027 732 1059 et
753 1021 940 1057 Lusitanis
972 1022 1017 1068 (e.
1044 1022 1248 1068 33—38.)
1280 1035 1377 1070 quae
1403 1036 1427 1063 a
1453 1025 1544 1062 Dio.

83 1081 177 1117 doro
202 1083 393 1128 adscripta
415 1087 522 1123 sunt,
559 1093 580 1117 e
603 1080 797 1116 Posidonio
822 1081 941 1126 petita
966 1089 1072 1122 esse,
1098 1084 1203 1114 certa
1227 1081 1303 1115 iam
1331 1086 1391 1116 est
1416 1085 1545 1117 existi-

84 1141 221 1174 matio:
243 1150 328 1174 nani
355 1151 450 1185 quae
476 1141 523 1175 de
548 1140 716 1174 metallis
741 1141 953 1172 memorata
976 1141 1065 1171 sunt
1100 1137 1148 1180 (c.
1174 1137 1278 1179 37.),
1308 1138 1452 1174 diserte
1481 1143 1546 1175 tri-

84 1196 373 1243 buuntur[102]
388 1197 589 1232 Posidonio
604 1197 749 1231 auctori
761 1193 979 1229 aSt1·ab0ne
995 1199 1034 1237 2;
1058 1192 1130 1228 hoe
1146 1193 1248 1228 idem
1260 1194 1399 1230 factum
1411 1199 1448 1231 in
1459 1198 1544 1234 loco

86 1253 134 1287 de
156 1253 358 1299 Liguribus
390 1260 405 1284 3
420 1279 430 1296 ,
453 1258 492 1288 et
517 1256 554 1287 in
579 1255 701 1288 altero
723 1252 770 1286 de
793 1250 961 1287 Etruscis
984 1254 1023 1292 ⁴,
1054 1251 1102 1286 de
1127 1251 1263 1297 quibus
1288 1255 1440 1291 omniuo
1467 1260 1547 1291 tau.

87 1322 199 1355 quam
223 1312 346 1346 adhuc
372 1312 595 1345 florentibus
620 1313 771 1351 narrat,
795 1319 892 1355 quae
918 1309 1109 1354 antiquior
1134 1313 1267 1345 auctor
1290 1311 1337 1347 de
1360 1314 1547 1359 antiquio.

86 1368 192 1402 ribus
227 1369 460 1413 temporibus
490 1369 644 1403 tradere
677 1367 828 1410 debuit,
860 1365 996 1414 quibus
1025 1365 1273 1403 Etruseorum
1305 1379 1399 1416 opes
1424 1370 1548 1406 adhue

86 1425 257 1471 insignes
281 1426 522 1460 haberentur.

178 1484 211 1517 E
246 1485 341 1517 mari
372 1483 654 1517 mediterraneo
687 1482 726 1516 in
763 1481 923 1517 liberius
954 1479 1115 1525 pelagus
1146 1482 1311 1518 traiectu
1343 1482 1467 1527 facto,
1507 1485 1550 1519 de

88 1536 217 1574 insulis
248 1538 409 1573 Arabiae
441 1538 584 1574 obiectis
617 1541 664 1587 (c.
685 1538 891 1583 41-46.)
923 1538 1182 1574 narrationem
1214 1541 1397 1584 instituit,
1432 1544 1549 1589 inque

90 1595 149 1630 his
175 1597 221 1631 de
244 1595 442 1632 Panchaea
466 1602 505 1632 et
528 1598 670 1642 templo
694 1597 794 1631 lovis
819 1593 1029 1640 Triphylii:
1058 1595 1171 1630 nimis
1196 1597 1372 1632 credulus
1394 1602 1433 1632 et
1453 1600 1552 1635 levis

90 1654 131 1687 in
155 1653 353 1688 Euhemeri
373 1655 448 1689 fide
475 1654 763 1699 amplectenda,
784 1663 896 1699 quent
921 1653 1179 1687 commentitia
1202 1653 1249 1690 de
1271 1655 1321 1688 iis
1343 1656 1551 1693 tradidisse

91 1713 168 1745 iam
201 1713 435 1758 antiquiores
469 1715 696 1745 monuerant
724 1713 754 1744 ⁵.
800 1709 893 1745 Inde
924 1709 1026 1744 redit
1054 1708 1247 1744 Diodorus
1280 1711 1332 1745 ad
1358 1721 1458 1746 mare
1481 1714 1552 1748 Ae-

90 1779 248 1815 gaeum,
272 1772 617 1812 commemoratque
637 1768 680 1801 de
701 1766 843 1807 insulis.
890 1767 933 1801 In
958 1766 1017 1801 his
1043 1771 1103 1800 est
1135 1765 1372 1802 Samothrace
1407 1772 1456 1815 (c.
1481 1772 1554 1807 47.

94 1828 162 1862 48.
193 1827 301 1869 49.)τ
343 1826 391 1860 de
426 1836 500 1871 qua
531 1826 652 1870 primo
692 1826 849 1870 antiqua
881 1823 984 1858 farm
1021 1822 1124 1858 inter
1157 1823 1425 1862 Samothraces
1450 1827 1555 1863 ferri

96 1885 210 1918 solita
242 1883 464 1928 apponitur,
498 1882 545 1916 de
579 1880 692 1916 Ponti
720 1882 860 1916 Euxini
892 1883 932 1915 in
960 1891 1067 1917 mare
1105 1882 1299 1927 Aegaeum
1329 1886 1554 1929 eruptione3

96 1946 177 1976 tum
201 1941 354 1976 fabulae
379 1940 428 1975 de
453 1939 600 1982 Saone,
622 1938 711 1974 inde
732 1938 782 1975 de
804 1938 986 1976 Dardano
1012 1941 1054 1974 et
1081 1938 1255 1982 Iasione,
1291 1945 1331 1976 et
1351 1941 1401 1978 de
1424 1943 1557 1979 teletis

190 2080 208 2114 1
233 2077 332 2121 Quae
354 2076 398 2109 de
423 2076 570 2109 nomine
593 2074 743 2110 Celtices
768 2075 960 2121 praemissa
983 2081 1083 2118 sunt,
1108 2085 1137 2111 c.
1160 2073 1217 2112 24.
1239 2087 1260 2110 e
1282 2077 1431 2112 Timaeo
1451 2081 1561 2124 petita

97 2125 278 2167 suspicor,
302 2130 503 2165 comparato
529 2122 715 2155 Parthenio
740 2134 769 2157 c.
794 2123 852 2159 30.
877 2129 912 2155 et
933 2120 993 2158 29.
1029 2129 1063 2154 et
1092 2121 1248 2166 Etymol.
1274 2123 1322 2158 M.
1341 2125 1379 2157 in
1398 2126 1560 2160 Γαλατία

99 2183 120 2204 a
141 2170 288 2203 Wessel.
309 2169 462 2202 laudato.
509 2168 608 2211 Quae
633 2168 677 2200 de
701 2168 833 2210 frigore
857 2175 891 2200 et
913 2167 1025 2211 glacie
1050 2168 1184 2210 passim
1205 2178 1408 2211 narrantur,
1434 2184 1561 2215 parum.

100 2223 256 2248 acciu-ate
283 2214 327 2247 de
351 2223 421 2247 tota
447 2214 562 2247 Gallia
588 2214 809 2257 pronuntiata
831 2221 933 2253 sunt,
957 2212 1009 2245 uti
1034 2212 1095 2244 illa
1115 2224 1255 2257 quoque
1281 2215 1330 2257 (c.
1350 2220 1446 2259 26),
1471 2229 1560 2260 quae

103 2263 147 2294 de
172 2261 368 2294 turbinibus
394 2271 433 2292 ac
466 2261 651 2303 procellis3
688 2260 820 2303 quippe
859 2270 947 2301 quae
980 2259 1195 2302 antiquiores
1229 2259 1273 2292 de
1307 2262 1442 2305 Campo
1472 2265 1563 2296 inter

101 2307 299 2340 Massiliam
323 2314 357 2338 et
385 2305 547 2339 Rhodani
569 2306 659 2340 ostia
680 2305 914 2346 tradiderant,
947 2304 986 2337 in
1009 2303 1066 2337 his
1092 2305 1339 2342 Posidonius?
1375 2310 1422 2345 cf.
1448 2309 1565 2345 Strab.

104 2353 173 2390 lv.
221 2377 229 2386 .
258 2353 326 2387 276
349 2363 427 2393 sqq.

192 2364 218 2433 Ξ
241 2397 354 2430 Strab-
377 2396 439 2430 111.
461 2407 498 2440 p.
516 2397 584 2433 217
603 2408 657 2440 sq.
688 2395 732 2432 cf.
755 2397 904 2431 Wessel.
931 2395 976 2428 ad
997 2406 1028 2431 c.
1053 2397 1108 2433 37.
1135 2399 1191 2435 38.

196 2446 220 2479 3
243 2455 271 2478 c.
291 2445 369 2484 39„
400 2442 463 2474 ubi
488 2443 531 2477 cs.
558 2443 706 2478 VVessel.
732 2444 860 2475 collato
883 2443 998 2475 Strab.
1021 2442 1086 2477 lib.
1108 2443 1152 2477 V.
1179 2455 1213 2486 p.
1239 2442 1320 2480 334-

198 2489 222 2524 4
246 2500 275 2522 c.
297 2489 376 2528 40„
411 2489 493 2520 coll.
517 2488 642 2520 Athen.
664 2489 729 2521 lV.
748 2500 784 2532 p.
813 2490 890 2525 153.
913 2487 1056 2522 laudato
1085 2488 1157 2520 iam
1183 2501 1202 2521 a
1223 2490 1373 2522 WVessel.

199 2536 221 2570 5
247 2534 373 2566 Strabo
408 2533 485 2566 Vll.
516 2545 549 2576 p.
582 2534 650 2569 459
681 2534 725 2568 A.
762 2541 796 2566 et
824 2534 869 2567 ll.
902 2545 937 2578 p.
971 2534 1052 2572 163.
1096 2534 1237 2568 laudato
1273 2535 1434 2580 Polybio.
1481 2536 1566 2573 add.

109 2580 284 2615 Plutarch.
305 2579 350 2613 Is.
377 2586 411 2611 et
435 2579 530 2614 Osir.
555 2587 588 2611 et
610 2580 654 2614 al.
701 2578 803 2612 Nihil
825 2580 940 2612 notius
964 2579 1156 2613 Euhemeri
1180 2580 1413 2613 mendacitate
1438 2581 1503 2614 hac
1530 2584 1568 2615 in

110 2637 168 2665 re,
202 2638 282 2658 cum
316 2625 400 2657 deos
436 2632 609 2668 quotquot
636 2633 751 2657 essent
783 2635 802 2657 e
827 2625 1036 2658 mortalibus
1074 2627 1182 2658 factos
1214 2625 1340 2658 docere
1373 2627 1495 2660 vellet:
1532 2630 1570 2660 in

112 2671 186 2714 ἱερᾷ
219 2667 414 2716 ἀναγραφῇ.
458 2670 516 2702 Ad
549 2682 630 2702 eum
664 2670 793 2702 diserte
826 2679 1029 2714 provocarat
1061 2670 1241 2703 Diodorus
1279 2673 1343 2707 lib.
1378 2673 1439 2705 Vl.
1475 2673 1570 2716 quod

114 2718 205 2749 iuter
227 2719 422 2758 fragmenta
456 2724 507 2749 est
540 2716 596 2750 ed.
617 2716 730 2751 VVess.
749 2717 790 2751 Τ.
811 2716 854 2748 ll.
872 2728 907 2761 p.
924 2717 1002 2754 633.
1035 2727 1077 2749 ex
1107 2717 1237 2751 Enseu
1273 2717 1394 2760 l’raep.
1420 2718 1482 2750 Er.
1506 2720 1570 2754 lib.

114 2763 164 2803 ll,
188 2765 221 2799 2.
269 2763 323 2794 Ex
356 2763 473 2794 Ennio
508 2762 568 2804 qui
601 2761 708 2796 latine
744 2762 847 2794 vertit
885 2772 917 2797 v.
949 2762 1070 2795 locum
1104 2762 1275 2795 Lactantii
1300 2765 1383 2796 lust.
1407 2764 1432 2800 l,
1460 2768 1513 2802 11.
1539 2773 1575 2798 et

119 2809 186 2841 alia
210 2809 288 2842 loca
310 2808 353 2844 N.
378 2807 424 2841 D.
452 2808 480 2847 1,
504 2808 561 2845 42.
590 2816 624 2841 et
648 2808 694 2840 al.
716 2819 773 2852 ap.
794 2807 1010 2844 Columnam
1034 2807 1079 2842 ad
1099 2808 1256 2842 Ennium
1280 2821 1314 2853 p.
1336 2811 1405 2846 312
1428 2820 1486 2853 sq.
