1859 3326
297 215 404 258 540‘
729 212 1255 254 ANNOTATIONES

291 329 378 369 Alb.
402 327 630 368 Fabricium
659 326 703 366 B.
733 327 802 367 Gr.
831 326 956 366 L.111.
984 329 1059 368 22.
1081 328 1157 368 20.
1219 326 1282 370 Tu
1302 334 1454 376 tamen,
1485 331 1522 369 si
1540 329 1650 371 'aliud
1672 333 1757 382 opi-

291 390 422 434 neris,
467 393 653 436 tanquam
685 385 749 424 hic
777 388 1018 434 exscriptum
1045 397 1125 424 nou
1154 384 1278 434 foret,
1324 386 1568 427 considerare
1597 392 1755 441 poten-Is.

290 444 429 485 wass.

406 512 514 554 642.
548 512 622 552 39.
660 505 781 564 Δόρυ
812 513 983 562 σημεῖον
1014 505 1228 564 {figitur-5²1]
1268 507 1328 548 De
1358 510 1491 563 hasta,
1532 512 1625 552 belli
1646 527 1759 566 prae-

292 572 451 618 nuncia,
477 567 578 606 nihil
598 569 739 605 attinet
758 569 801 605 in
822 579 864 604 re
882 573 974 604 nota
998 566 1138 604 dicere.
1197 564 1378 607 Servium
1395 569 1486 608 vide
1509 570 1669 610 Aeneid.
1683 570 1784 610 ixa

295 629 368 670 53.
397 633 436 665 et
455 624 717 675 Lindenbrog.
743 623 793 662 ad
814 624 1009 661 Ammiani
1030 621 1072 661 L.
1083 622 1198 662 XIX.
1218 625 1261 665 2.
1318 623 1457 666 WESS.

403 704 511 746 642.
542 702 618 744 47.
655 700 752 742 Εἴτε
783 698 892 741 κατὰ
918 697 993 741 τὸν
1023 697 1200 752 Δίωνα]
1252 700 1321 739 Sic
1343 709 1382 741 et
1402 704 1481 743 alii.
1529 704 1583 743 At
1611 705 1756 743 distin-

290 763 389 799 ctius
412 760 548 798 Livius
571 760 613 798 L.
624 759 757 799 XXV.
787 760 867 800 23.
893 764 934 797 et
954 770 1057 808 seq.,
1088 756 1317 809 Polybium,
1345 762 1465 800 sicuti
1487 768 1526 800 et
1542 760 1754 813 Diodorus,

289 824 457 856 secutus,
518 815 654 854 Wssss.

403 884 510 926 642.
541 884 613 926 50.
643 877 727 924 ''Hv
757 880 976 939 κεκυφιῦς]
1015 883 1092 921 Adi
1111 885 1165 922 sis
1183 883 1288 922 Plut.
1306 886 1349 924 in
1371 883 1560 928 Marcello
1589 898 1626 938 p.
1643 887 1751 930 308.

286 948 326 982 et
347 940 398 982 Τ.
419 940 605 980 Gataker.
625 941 675 979 ad
694 941 939 981 Antoninum
959 941 1054 991 Imp.
1077 940 1119 979 L.
1135 941 1181 979 V.
1205 944 1245 983 1.
1301 941 1439 983 WEss.

400 1019 506 1062 643,
541 1020 615 1061 69.
651 1016 850 1069 Αῗμίλιος
882 1014 960 1071 γὰρ
988 1014 1170 1073 Μάρκος
1190 1022 1285 1070 ete]
1328 1019 1423 1059 Non-
1441 1019 1642 1059 defuturos
1661 1034 1754 1072 pro-

286 1078 431 1128 spicio,
471 1079 538 1129 qui
566 1075 753 1129 grandem
782 1075 881 1114 mihi
897 1075 1022 1114 dicam
1039 1075 1214 1114 scribent
1235 1077 1284 1115 ob
1303 1076 1400 1116 haec
1419 1080 1537 1116 istum
1557 1080 1601 1115 in
1620 1078 1750 1118 locum

285 1136 495 1173 translata:
534 1136 659 1172 valuit
676 1135 779 1170 enim
801 1134 933 1182 opinio
948 1160 961 1181 ‚
993 1131 1175 1185 Deoez‘ppz'
1196 1147 1241 1171 ea
1261 1136 1390 1173 omnia
1409 1147 1517 1183 esse,
1553 1146 1633 1172 non
1652 1132 1752 1173 Dio-

286 1193 393 1230 dori:
427 1204 502 1242 qua
524 1191 567 1228 in
587 1190 738 1228 haeresi
756 1197 794 1227 et
811 1190 892 1240 ipse
912 1190 982 1227 fui.
1040 1189 1156 1227 Nunc
1178 1192 1219 1228 in
1241 1193 1318 1230 alia
1337 1193 1466 1230 omnia
1493 1204 1560 1238 eo,
1590 1196 1631 1228 et
1653 1204 1751 1230 cun—

283 1257 346 1288 cta
377 1261 426 1287 ex
454 1248 629 1286 Diodoro
660 1260 744 1284 esse
773 1247 953 1298 decerpta
978 1248 1061 1284 sive
1090 1259 1112 1283 a
1129 1244 1336 1300 Devapo,
1363 1250 1446 1286 sive
1468 1248 1515 1285 ab
1536 1249 1621 1298 ipso
1643 1246 1751 1298 Syn-

283 1307 405 1354 cello,
441 1304 642 1357 pertendo.
698 1302 883 1341 caussam
909 1302 1131 1342 desideras?
1180 1302 1351 1342 Recurre
1383 1305 1432 1343 ad
1456 1303 1749 1356 Excerpt.Pei-

279 1376 379 1403 reso.
409 1375 443 1412 p.
463 1363 567 1403 581.
597 1361 712 1399 huius
733 1360 851 1409 edit„
893 1366 933 1397 et
949 1360 1159 1412 fragmenti
1175 1359 1289 1399 huius
1305 1364 1468 1413 primam
1488 1368 1636 1411 partem
1655 1361 1747 1400 inde

281 1434 366 1459 esse
395 1421 571 1458 abrasam
600 1419 799 1469 perspicue
826 1416 1124 1456 animadvertes.
1182 1416 1309 1456 Verba
1328 1420 1510 1469 pleraque
1539 1419 1672 1457 eadem
1691 1419 1747 1458 ibi

281 1483 395 1524 s'unt,
436 1484 630 1514 structura
662 1473 826 1512 subinde
855 1479 1003 1512 mutata
1026 1481 1098 1513 est.
1154 1473 1234 1513 Iam
1255 1488 1340 1514 cum
1360 1477 1457 1514 illud
1479 1483 1611 1527 caput,
1641 1476 1746 1526 quod

280 1534 532 1573 Macedoniae
564 1534 605 1571 in
636 1539 802 1581 quatuor
829 1533 1012 1583 regiones
1043 1532 1341 1582 descriptionem
1369 1532 1547 1581 exhibet,
1586 1546 1610 1571 a
1628 1532 1745 1572 Livio

277 1591 324 1632 L.
347 1590 471 1629 XLV.
493 1590 570 1630 29.
614 1595 895 1626 transsumtum
926 1596 965 1626 et
993 1602 1149 1627 versum
1180 1591 1234 1627 sit
1263 1603 1284 1627 e
1303 1589 1489 1641 Polybio,
1523 1589 1627 1628 hunc
1649 1603 1745 1628 vero

279 1649 416 1686 ducem
434 1650 476 1685 in
495 1646 556 1684 his
577 1646 691 1683 rebus
712 1644 908 1684 Diodorus
927 1644 1116 1695 habuerit,
1140 1659 1209 1684 cur
1225 1647 1284 1684 illi
1305 1660 1384 1685 non
1402 1646 1616 1695 redderem,
1638 1647 1743 1696 quod

275 1706 422 1752 verbis,
450 1716 500 1741 ex
522 1705 605 1753 ipso
628 1705 725 1742 citra
745 1703 904 1742 dubium
925 1703 1149 1754 depromtis,
1175 1705 1368 1742 artissime
1390 1711 1523 1754 aptum
1545 1710 1582 1741 et
1600 1716 1744 1742 nexum

277 1761 361 1800 est?
416 1760 503 1799 Hoc
532 1763 719 1810 amplius.
762 1761 938 1798 servavit
967 1761 1079 1798 nobis
1112 1760 1255 1798 Suidas
1284 1762 1475 1798 nonnulla
1504 1759 1670 1799 Diodori
1698 1762 1743 1799 in

273 1816 512 1870 Κλᾷιακες,
553 1830 648 1868 quae
679 1817 727 1855 nd
754 1829 933 1867 pompam
953 1817 1113 1856 Aemilii
1141 1816 1413 1867 triumphalem
1439 1824 1477 1856 et
1494 1820 1577 1856 eius
1592 1818 1742 1856 fercula

275 1879 494 1926 pertinent:
531 1888 575 1912 ea
593 1888 686 1912 vero
709 1882 746 1912 et
767 1878 808 1913 in
827 1873 888 1912 his
908 1877 1105 1924 conspici,
1138 1888 1208 1912 suo
1228 1874 1376 1912 dicetur
1397 1876 1497 1915 loco.
1556 1872 1741 1913 Caussam

272 1933 413 1980 habes,
446 1945 626 1984 gravem,
654 1939 698 1970 ut
718 1945 789 1984 ego
809 1945 960 1970 censeo·
1018 1930 1082 1971 Tu
1101 1932 1135 1970 si
1153 1933 1266 1971 aliter
1287 1933 1428 1980 sentis,
1456 1932 1586 1971 fruere
1609 1930 1739 1970 isthoc

271 1991 445 2028 arbitrio.
504 1988 642 2026 Wssss.

385 2058 493 2098 643.
526 2057 599 2098 74.
635 2054 726 2097 Καί
742 2072 806 2096 τοι
829 2052 1021 2110 μεγάλων
1037 2052 1245 2109 μεγάλους
1267 2055 1363 2110 etc.]
1410 2057 1531 2095 Abest
1545 2052 1738 2110 μεγάλων

271 2116 314 2153 in
340 2113 548 2165 Excerptis
579 2114 773 2165 Scaligeri
803 2121 841 2150 et
866 2115 1010 2164 optime
1040 2115 1209 2164 quidem.
1275 2113 1321 2151 In
1353 2112 1528 2151 Diodoro
1557 2121 1640 2152 erat
1667 2113 1738 2153 καὶ

270 2167 486 2218 κινδύνους
505 2167 710 2223 μεγάλους
732 2166 1104 2222 ὑπομελιιενηκότες.
1155 2170 1250 2208 Mox
1270 2171 1425 2208 mallem
1444 2169 1513 2208 καὶ
1532 2172 1737 2210 τοσοῦτον

267 2223 336 2267 ὑπ’
361 2225 523 2276 αὐτοῖς,
551 2227 753 2278 Philippus
774 2227 959 2265 videlicet
983 2233 1022 2264 et
1040 2226 1272 2276 Antiochus,
1302 2228 1398 2265 satis
1425 2226 1590 2264 humane
1613 2240 1636 2265 a
1656 2225 1738 2265 Ro-

269 2285 397 2323 manis
416 2284 550 2323 habiti.
612 2284 748 2323 WEss.

385 2353 493 2394 643.
524 2354 598 2394 81.
639 2348 1038 2405 Συγχωρησάντων]
1074 2351 1135 2389 Ad
1167 2350 1347 2402 Syncelli
1369 2353 1584 2404 marginem
1613 2366 1734 2392 συνε-

262 2404 464 2464 χώρησαν
496 2410 728 2461 corrigstur,
767 2409 869 2458 quod
899 2411 976 2446 nisi
996 2411 1263 2462 συγχωρῆσαι
1286 2410 1490 2457 malueris,
1518 2411 1642 2459 recipi
1664 2423 1733 2460 po-

267 2473 355 2504 test.
418 2466 563 2505 Statim
583 2462 757 2513 ἑαυτοὺς
781 2466 974 2518 Scaligeri
993 2467 1168 2517 exemplo
1187 2467 1353 2514 uncinis
1367 2466 1530 2505 inclusi:
1561 2466 1732 2504 abundat

267 2526 383 2562 enim.
441 2523 580 2562 wass.

381 2592 488 2633 643.
519 2593 592 2634 86.
635 2588 722 2631 Τὸν
739 2589 915 2642 βασιλέα
937 2591 1168 2662 saiwam}
1210 2588 1393 2641 Γέντιον,
1424 2598 1469 2630 ut
1490 2591 1589 2641 apud
1609 2590 1730 2642 Poly-

262 2648 371 2688 bium
390 2657 427 2687 et
448 2647 614 2688 Livium.
672 2647 767 2686 Post
786 2661 907 2698 pauca
928 2645 1099 2701 ebyevfflg
1119 2664 1193 2689 ουν
1225 2647 1419 2693 δυνατοῖς
1439 2650 1534 2687 ferri
1553 2661 1632 2686 non
1654 2661 1729 2699 po-

263 2713 351 2744 test.
399 2705 551 2744 Goarus
570 2704 638 2745 καὶ
659 2704 848 2752 δυνατῶς
871 2705 1062 2743 emendat.
1104 2705 1149 2744 In
1169 2705 1345 2743 Diodoro
1366 2713 1447 2742 erat
1467 2702 1638 2758 εὐγενῶς
1658 2703 1728 2744 καὶ

260 2760 432 2813 ταχέως.
480 2762 618 2801 wass.
678 2761 866 2800 Gentium
896 2762 1027 2800 eadem
1051 2764 1321 2800 terminatione
1347 2760 1568 2801 Τενθιήηνα
1592 2762 1728 2799 dicunt

259 2819 352 2858 libri
371 2818 562 2859 Athenaei
581 2818 635 2859 X.
658 2831 695 2869 p.
708 2819 816 2860 440.
841 2832 885 2868 a,
915 2830 1144 2871 quamquam
1162 2820 1284 2857 altera
1307 2819 1390 2869 ipsc
1409 2820 1534 2856 utitur
1551 2819 1657 2856 alibi.

377 2888 484 2929 643.
513 2889 587 2929 94.
627 2882 804 2936 Πόλεως
822 2883 1090 2929 ,Μακεδόνων
1108 2883 1299 2942 πρώτης]
1340 2886 1385 2924 lu
1406 2884 1611 2924 Thessalia
1631 2892 1726 2934 crat,
