1891 3310
474 160 729 194 VALEsu
776 160 1144 195 PRAEFATlo.
1422 163 1548 196 XXIX

83 270 164 295 rem
197 259 386 305 publicam
418 258 552 293 iuvare
578 259 744 304 cupienti
784 264 860 294 non
906 261 1035 304 patet,
1083 267 1153 293 nos
1189 257 1265 293 iam
1310 259 1548 305 evulgamus,

84 316 255 362 hancque
281 326 327 350 eo
354 316 599 359 nobiliorem,
644 317 744 362 quod
770 328 902 352 eorum
926 316 1192 351 historicorum
1222 316 1439 361 fragmenta
1462 329 1551 363 sup—

84 374 251 419 peditat,
292 384 450 419 quorum
479 373 571 407 nihil
597 373 678 409 fere
712 374 896 408 hactenus
930 378 1085 418 praeter
1117 384 1253 407 nomen
1286 375 1426 408 extitit.
1474 376 1547 410 uis

84 430 324 465 corollarium
352 431 566 465 addidimus
590 432 754 476 Eclogas
778 432 960 465 librorum
984 431 1142 464 Diodori
1164 430 1280 464 Siculi
1308 432 1550 473 amissorum.

86 499 180 534 quas
212 500 232 522 e
270 489 408 523 Codice
433 489 617 522 Ludovici
644 490 840 522 Alemanni
866 489 1075 522 Florentini
1103 488 1255 521 doctiss.
1284 488 1326 523 R.
1354 488 1550 524 Thomson

83 547 227 591 Anglus
259 557 405 580 mecum
442 547 562 579 amice
598 548 901 581 communicavit.
951 545 1129 589 (Reliqua
1156 545 1341 592 praefatio
1374 544 1444 580 Ῐιιιι·
1478 558 1550 581 non

79 603 268 650 pertinet.)
317 606 511 649 Augustae
537 604 724 640 Vindelic.
753 603 936 648 postridie
963 603 1059 639 Non.
1083 604 1221 647 Aprilis
1240 605 1280 637 A.
1297 602 1334 638 S.
1354 604 1401 638 N.
1428 605 1550 641 1603.

353 705 608 740 HENRICI
646 704 887 741 VALESlI
938 703 1288 742 DEDlCATiO.

122 830 125 833 ,
169 788 485 826 CLARISSIMO
515 788 587 826 ET
618 786 958 826 NOBlLlSSlMO
990 787 1116 824 VIRO
1150 787 1199 827 D.
1239 787 1337 825 NlC.
1374 788 1551 827 FABRI-

86 864 169 904 Clo
199 865 503 913 PElRESCIO,
546 876 589 902 lN
627 876 819 901 summio
858 875 1018 901 semro
1050 876 1226 908 seems!
1258 876 1380 904 neeis
1410 878 1550 905 CONSI-

86 954 241 991 LlARlO,
267 941 539 980 HENRICUS
570 940 830 980 VALESIUS
862 941 904 980 S.
934 941 985 982 D.

177 1031 256 1064 lam
281 1030 421 1064 dudum
450 1029 511 1063 hic
532 1029 632 1063 liber
664 1029 792 1063 redire
825 1028 872 1063 ad
908 1033 946 1063 te
981 1033 1158 1074 tanquam
1194 1029 1241 1063 ad
1276 1034 1473 1074 parentem
1510 1035 1552 1065 et

88 1092 283 1122 auctorem
310 1098 418 1121 suum
446 1088 585 1132 gestit,
623 1087 692 1120 Vir
718 1087 948 1120 Clarissime.
987 1087 1115 1131 quidni
1153 1089 1251 1120 enim
1285 1093 1322 1120 te
1353 1094 1552 1132 parentem

87 1147 275 1190 appellem
307 1150 345 1179 et
367 1150 562 1178 auctorem
589 1146 671 1178 eius
698 1145 808 1185 libri,
852 1145 914 1188 qui
940 1146 1101 1189 primum
1127 1155 1148 1177 a
1175 1150 1212 1178 te
1240 1151 1415 1188 repertus
1440 1147 1554 1180 adve-

89 1208 247 1246 ctusque
273 1203 483 1247 sumptibus
508 1204 584 1236 tuis
611 1213 658 1236 ex
683 1203 807 1235 insula
829 1203 966 1246 Cypro,
991 1207 1030 1236 et
1054 1205 1090 1235 in
1116 1202 1212 1236 113110
1236 1203 1368 1236 urbem
1390 1208 1449 1237 est
1469 1207 1556 1238 mis-

89 1260 178 1293 51131
224 1262 344 1293 lacuit
371 1261 436 1294 ille
464 1261 614 1306 quidem
640 1261 677 1292 in
704 1258 775 1293 hac
807 1260 900 1293 urbe
935 1261 1088 1293 nimium
1126 1261 1290 1294 fortasse
1315 1261 1392 1299 diu,
1427 1263 1555 1306 negle-

88 1323 170 1351 ctus
197 1329 220 1351 a
245 1319 491 1364 quibusdam,
523 1319 774 1362 transcriptus
801 1328 823 1351 a
851 1319 998 1361 paucis,
1035 1320 1156 1363 iisque
1186 1319 1417 1352 doctissimis
1448 1321 1555 1362 viris,

90 1376 248 1419 quibus,
283 1382 324 1409 ut
349 1377 525 1422 equidem
553 1377 752 1417 existimo,
786 1376 834 1408 ad
855 1377 944 1409 'eius
972 1376 1178 1409 editionem
1203 1375 1411 1422 parandam
1438 1383 1553 1423 atque

88 1433 360 1468 absolvendam
385 1432 479 1467 nihil
507 1438 661 1479 praeter
685 1434 803 1467 otium
829 1433 962 1469 defuit.
989 1438 1059 1469 etc.

361 1536 623 1571 HENRICI
660 1536 903 1573 VALESll
943 1535 1299 1570 PRAEFATIO.

174 1618 229 1657 IN
258 1617 635 1657 COLLECTANEA
660 1619 738 1658 EX
762 1619 1006 1667 POLYBIO,
1043 1618 1287 1657 DlODORO
1315 1619 1388 1660 ET
1419 1620 1557 1660 ALIIS

88 1695 162 1734 AD
193 1695 476 1734 CANDIDUM
503 1696 793 1735 LECTOREM
823 1696 1137 1735 PRAEFATIO.

181 1784 265 1816 Etsi
296 1785 335 1816 in
367 1789 593 1828 argumento
625 1783 736 1817 huius
760 1785 906 1827 librir)
937 1785 1031 1818 satis
1063 1794 1253 1829 superque
1286 1790 1325 1820 et
1356 1787 1555 1821 consilium

92 1841 317 1875 Collectoris
341 1846 380 1874 et
396 1842 641 1876 Collectionis
668 1843 760 1876 ordo
787 1853 831 1876 ac
856 1841 1057 1875 methodus
1080 1844 1263 1887 aperitur,
1290 1854 1409 1888 pauca
1429 1849 1558 1879 tamen

94 1909 177 1931 cum
208 1899 255 1933 de
282 1901 528 1934 Constantino
554 1903 636 1946 ipso
662 1899 771 1932 huius
797 1900 1042 1933 Collectionis
1077 1905 1254 1942 auctore,
1290 1906 1367 1934 tum
1403 1901 1449 1936 de
1483 1903 1560 1936 edi-

93 1958 198 1990 tione
229 1961 360 1991 nosti-a
386 1955 447 1991 hic
473 1959 638 2002 praefari
665 1959 785 1991 visum
813 1963 883 1991 est.
930 1957 1051 2001 Igitur
1074 1959 1344 1992 Constantinus
1367 1960 1559 2004 Augustus

93 2013 237 2048 Leonis
268 2017 427 2059 Augusti
454 2017 553 2049 iilius
581 2017 673 2057 fuit,
710 2016 844 2049 Basilii
877 2016 1035 2059 Augusti
1069 2026 1206 2059 nepos:
1245 2017 1344 2050 unde
1379 2017 1563 2063 πορφύρας

93 2071 266 2115 ἀπόγονος
300 2074 337 2105 in
371 2074 604 2117 Argumento
647 2073 759 2107 huius
803 2073 888 2106 libri
931 2074 1092 2115 dicitur,
1147 2083 1191 2106 ac
1229 2075 1343 2119 vulgo
1384 2088 1562 2120 nquon·

94 2132 255 2173 γε’ννητος
287 2132 587 2175 cognominatur.
645 2133 725 2174 (sic
757 2132 857 2164 enim
891 2132 990 2165 malo
1026 2132 1176 2173 dicere,
1211 2141 1319 2176 quam
1355 2141 1437 2164 cum
1472 2133 1560 2166 aliis

94 2187 446 2233 πορφυρογεννῂτην.)
496 2190 570 2224 llic.
596 2200 677 2223 cum
704 2189 906 2222 admodum
932 2198 1026 2233 puer
1047 2200 1068 2221 a
1092 2194 1199 2234 patre
1222 2193 1325 2222 esset
1343 2189 1564 2231 derelictus,

95 2245 284 2277 tutoribus
328 2256 511 2279 summam
558 2248 729 2292 imperii,
771 2251 812 2279 ut
846 2246 925 2279 fere
961 2248 1023 2287 fit,
1069 2256 1187 2290 penes
1221 2257 1262 2280 se
1295 2247 1561 2289 retinentibus,

97 2303 184 2335 lene
218 2313 262 2335 ac
288 2303 473 2346 placidum
503 2306 696 2349 ingenium
727 2304 775 2336 ad
805 2303 1068 2336 humaniorum
1103 2306 1239 2336 artium
1272 2304 1399 2337 studia
1433 2310 1560 2338 contu-

98 2360 153 2393 lit.
200 2360 240 2392 ln
268 2360 403 2404 quibus
429 2372 509 2394 cum
537 2373 768 2406 magnopere
796 2361 1036 2404 profecisset,
1058 2360 1147 2403 (fuit
1171 2363 1270 2395 enim
1298 2361 1471 2394 omuibus
1490 2363 1563 2394 dis-

99 2419 248 2462 ciplinis
279 2417 590 2460 excultissimus,)
626 2420 779 2452 tandem
805 2419 1002 2452 consilium
1031 2428 1185 2461 prorsus
1213 2421 1318 2462 regio
1351 2421 1476 2452 animo
1510 2421 1563 2451 ‹li-

99 2486 213 2520 gnum
235 2476 344 2519 cepit,
373 2486 445 2520 quo
474 2486 546 2508 non
575 2477 644 2509 sibi
670 2477 789 2510 solum
818 2477 884 2510 sed
909 2478 1022 2509 etiam
1050 2475 1231 2509 studiosis
1256 2477 1430 2508 omnibus
1455 2477 1562 2520 prod-

100 2537 215 2567 esset.
269 2533 435 2566 l’rimum
471 2534 622 2577 itaque,
663 2536 889 2578 optimorum
918 2535 1143 2577 scriptorum
1175 2536 1210 2566 iu
1239 2535 1338 2566 11111111
1366 2535 1560 2567 doctrinae

98 2600 241 2634 genere
269 2590 523 2633 exemplaria,
561 2602 656 2636 quae
685 2593 757 2624 iam
786 2596 862 2623 tum
895 2592 941 2624 ob
969 2591 1189 2636 frequentes
1218 2591 1463 2623 barbarorum
1500 2602 1561 2624 cx-

99 2658 231 2680 cursus
257 2648 485 2693 crebrasque
512 2648 660 2682 urbium
688 2651 924 2684 vastationes
951 2652 1098 2684 rariora
1125 2654 1256 2690 erant,
1294 2649 1455 2694 undique
1480 2661 1563 2682 con-

167 2805 186 2840 1
214 2803 420 2837 Subiectum
445 2814 497 2839 est
519 2806 651 2839 valesii
677 2807 901 2840 Praefatioui.
