1859 3326
221 210 273 242 lv
455 224 459 227 -
597 207 909 238 ΟΒΒΟΡΟΕΙ
952 205 1314 236 DEDICATIO.

224 308 324 342 enim
348 306 557 340 verisimile
586 309 666 346 est,
714 304 810 337 adeo
841 302 1124 346 spurciloquum
1153 305 1191 334 et
1215 301 1443 334 virulentum
1480 299 1687 345 sycophan-

222 370 300 399 tam
336 369 375 399 et
407 365 679 408 vitiligatorem
717 361 913 405 quicquam
949 359 1179 391 Graecitatis
1207 359 1398 399 calluisse,
1431 360 1491 403 qui
1521 370 1566 392 ne
1587 358 1689 391 Lati-

221 435 308 457 nam
338 422 489 468 quidem
514 423 694 465 linguam,
723 419 828 451 cuius
856 418 926 450 sibi
954 417 1156 449 videbatur
1183 426 1267 448 esse
1293 417 1559 458 peritissimus,
1583 420 1686 448 recte

222 482 364 515 calluit.
412 480 509 519 Quia
543 488 634 511 vero
667 475 859 508 Diodorus
884 475 1067 517 singulari
1095 474 1207 517 genio
1235 477 1274 506 et
1300 475 1424 516 gratia
1451 472 1553 506 hisce
1579 473 1687 505 libris

220 539 571 584 potentissimorum
597 543 730 577 regum
755 531 1017 571 Macedoniae,
1057 541 1192 574 nempe
1220 529 1379 573 Philippi
1408 534 1446 563 et
1470 530 1687 570 Alexandri,

221 608 268 630 ac
292 604 551 629 successorum
581 593 662 625 eius
695 600 758 623 res
793 593 944 633 gestas,
981 593 1059 621 tum
1092 586 1311 631 Agathoclis
1346 588 1498 621 Siciliae
1533 587 1689 631 tyranni

223 658 264 688 et
287 650 639 695 Carthaginensium
670 650 800 680 mutua
825 645 927 679 bella
963 646 1127 679 caeteris
1161 645 1275 689 longe
1313 645 1461 689 plenius
1496 647 1531 677 in
1567 644 1689 678 histo-

220 712 319 745 riam
347 708 524 747 contulit,
561 705 699 739 ociosis
728 703 1030 743 narrationibus,
1077 706 1115 734 et
1148 704 1391 746 supervacuis
1427 703 1690 746 descriptioni-

221 768 307 808 bus,
341 772 419 799 tum
446 765 542 797 fictis
569 767 608 796 et
636 762 831 795 meditatis
858 759 1095 793 orationibus
1121 759 1346 803 posthabitis
1380 761 1531 804 (quibus
1555 760 1689 793 Livius

220 827 324 859 inter
348 823 518 862 Latinos,
551 825 590 853 et
612 819 784 863 plerique
809 819 895 859 alii,
922 821 999 851 tum
1027 827 1073 849 ex
1100 817 1258 850 Graecis
1280 816 1524 861 Thucydides
1554 822 1592 851 et
1614 816 1690 850 Xe-

221 880 373 926 nophon
399 882 486 912 sunt
510 877 742 922 plenissimi,
771 876 871 920 quod
897 875 1072 919 equidem
1099 879 1140 907 ut
1166 886 1239 908 non
1262 875 1550 918 vituperandum
1580 875 1689 916 duco,

222 942 278 974 ita
302 947 361 971 me
390 946 500 969 nemo
527 945 694 980 unquam
722 934 907 973 adducet,
954 937 997 965 ut
1023 932 1174 965 credam
1200 932 1452 965 Hannibalem
1480 936 1546 965 aut
1572 933 1689 964 alium

223 998 389 1040 aliquem
422 994 692 1036 imperatorem
727 991 825 1035 apud
861 990 1010 1023 Livium
1048 993 1113 1022 aut
1145 989 1407 1034 Thucydidem
1444 995 1520 1022 tam
1557 990 1689 1023 doctas

225 1059 265 1089 et
285 1055 441 1096 argutas
468 1050 646 1083 habuisse
673 1050 874 1082 conciones
901 1048 947 1080 ad
977 1047 1143 1088 militeS,
1183 1047 1498 1091 quemadmodum
1534 1047 1605 1090 ipsi
1641 1046 1690 1079 ad

225 1111 523 1146 ostentationem
552 1107 858 1148 rhetoricantur)
905 1106 1017 1139 libuit
1046 1103 1156 1137 huius
1192 1105 1336 1138 autoris
1375 1105 1613 1137 doctissimas
1653 1106 1692 1135 et

224 1169 451 1214 purissimas
484 1166 668 1209 reliquias
703 1168 769 1197 tuo
804 1164 945 1196 nomini
989 1162 1101 1205 longe
1134 1161 1287 1206 lateque
1322 1162 1532 1194 clarissimo
1563 1170 1693 1194 conse-

223 1236 344 1261 crare.
397 1226 455 1258 Ex
482 1234 554 1268 quo
583 1224 682 1256 enim
715 1223 875 1266 primum
910 1219 1084 1252 intellexi
1118 1223 1223 1251 tuam
1259 1220 1531 1252 Celsitudinem
1566 1219 1603 1251 id
1630 1228 1692 1251 ae-

222 1286 315 1318 tatis
347 1282 564 1327 praesulum
599 1282 750 1313 unicum
785 1288 870 1311 esse
913 1279 1200 1317 ornamentum,
1246 1286 1290 1309 ac
1324 1287 1406 1309 cum
1442 1287 1464 1309 a
1501 1277 1692 1309 Caesarea

222 1342 452 1380 Maiestate,
495 1342 571 1372 tum
600 1348 622 1370 a
649 1338 813 1371 caeteris
843 1336 1074 1380 principibus
1102 1339 1140 1368 et
1172 1334 1321 1377 imperii
1354 1334 1573 1379 proceribus
1607 1344 1690 1377 pro-

222 1404 310 1445 pter
335 1398 532 1431 mirificam
559 1397 701 1440 ingenii
730 1395 954 1428 industriam
989 1398 1028 1426 et
1054 1393 1314 1436 prudentiam,
1364 1396 1476 1437 atque
1505 1393 1617 1425 etiam
1643 1391 1690 1424 ob

224 1456 458 1500 singularem
481 1455 519 1486 in
547 1453 732 1486 obeundis
756 1451 1002 1497 gravissimis
1029 1451 1199 1494 negociis
1224 1450 1506 1491 dexteritatem,
1534 1454 1572 1483 et
1595 1459 1692 1482 com-

222 1512 410 1559 ponendis
439 1512 710 1544 controversiis
735 1513 949 1554 promptam
976 1509 1289 1552 pacificationem,
1326 1508 1480 1540 maximi
1504 1508 1610 1548 lieri,
1643 1506 1689 1538 ab

221 1570 486 1606 lllustrissimo
518 1579 611 1601 vero
646 1566 820 1610 Principe
857 1571 987 1600 nostro
1023 1570 1061 1599 et
1092 1566 1261 1605 domino,
1309 1564 1359 1597 D.
1388 1565 1555 1608 Georgio
1592 1565 1693 1598 Mar-

224 1627 360 1663 chione
384 1625 772 1669 Brandenburgensi‚
819 1627 889 1657 etc.
917 1625 1031 1656 etiam
1066 1634 1210 1656 summe
1246 1623 1318 1656 coli
1351 1626 1389 1656 et
1424 1624 1566 1664 amari,
1607 1623 1692 1655 sub-

222 1688 271 1720 iit
303 1684 395 1718 mihi
434 1685 562 1717 statim
597 1682 784 1728 quaedam
821 1681 956 1725 cupido
990 1686 1078 1713 tuae
1111 1680 1353 1714 Celsitudinis
1395 1680 1693 1724 compellandae.

227 1745 396 1788 Cumque
433 1741 497 1774 (liu
530 1741 765 1784 multumque
798 1743 923 1783 aptam
959 1740 1194 1772 occasionem
1223 1739 1498 1782 quaeritarem,
1535 1749 1607 1770 non
1632 1749 1692 1782 po-

224 1803 299 1834 tuit
324 1796 466 1832 melier
494 1803 532 1831 et
559 1799 725 1842 optatior
751 1797 842 1830 mihi
868 1795 1018 1837 offerri,
1067 1806 1175 1840 quam
1204 1795 1302 1840 quod
1328 1795 1374 1827 D.
1402 1794 1693 1838 Christophorus

227 1858 402 1892 Strasser
443 1856 537 1889 iuris
578 1856 775 1899 utriusque
809 1853 1047 1887 Licentiatus
1099 1853 1146 1885 ad
1180 1857 1282 1886 tuam
1318 1852 1589 1885 Celsitudinem
1634 1857 1694 1886 est

224 1915 433 1961 profectus.
479 1914 579 1946 Huic
614 1923 696 1945 cum
733 1913 786 1944 ita
822 1911 1019 1944 commode
1053 1911 1273 1950 cecidisset,
1298 1909 1367 1943 hos
1392 1910 1551 1943 Diodori
1575 1910 1692 1943 libros

225 1978 316 2007 tuae
344 1970 567 2006 Celsitudini
601 1969 819 2003 offerendos
857 1972 896 2002 et
927 1968 1185 2011 inspiciendos
1219 1960 1327 2009 dedi,
1370 1979 1443 2001 non
1477 1967 1550 2001 alio
1589 1971 1691 2000 certe

225 2032 404 2071 nomine,
433 2038 546 2073 quam
572 2033 615 2059 ut
639 2028 801 2060 nominis
825 2027 900 2067 tui,
942 2026 1046 2058 cuius
1073 2024 1197 2058 famae
1224 2031 1262 2059 et
1286 2026 1389 2059 laudi
1413 2026 1691 2068 impensissime

225 2088 360 2129 faveo,
412 2085 565 2131 aliquod
599 2088 883 2117 monumentum
920 2082 1018 2126 apud
1051 2082 1249 2114 literarum
1282 2083 1472 2116 studiosos
1506 2083 1693 2125 relinque-

225 2156 330 2186 rem,
376 2153 535 2187 quorum
561 2143 599 2174 in
625 2151 776 2183 manus,
824 2144 883 2173 sat
926 2141 1025 2180 scio,
1076 2137 1136 2170 hic
1169 2144 1280 2172 autor
1320 2140 1563 2173 Celsitudinis
1602 2146 1691 2173 tuae

225 2203 338 2236 titulo
373 2201 592 2234 nobilitatus
624 2199 738 2242 longe
774 2198 966 2240 acceptior
990 2196 1132 2227 veniet.
1178 2195 1330 2229 Debent
1353 2207 1443 2230 vero
1470 2196 1564 2230 haec
1589 2196 1694 2241 frag—-

226 2264 358 2293 menta
382 2258 442 2290 vel
469 2256 539 2289 hac
566 2255 612 2288 de
639 2265 773 2287 caussa
798 2253 1022 2289 celsitudini
1049 2256 1137 2285 tuae
1164 2263 1247 2285 esse
1272 2255 1453 2297 gratiora,
1478 2255 1577 2298 quod
1597 2265 1693 2287 nunc

225 2318 387 2362 primum
413 2316 451 2346 in
475 2314 598 2346 lucem
627 2317 787 2353 exeant,
828 2321 1011 2355 nusquam
1041 2309 1206 2342 antehae
1242 2310 1362 2349 edita,
1405 2316 1447 2344 ut
1480 2312 1590 2355 plane
1625 2324 1691 2356 pro

227 2374 336 2406 novis
369 2378 407 2405 et
439 2371 599 2414 primum
638 2370 737 2401 natis
773 2368 925 2412 probari
960 2371 1112 2412 queant.
1167 2368 1389 2412 Quanquam
1422 2369 1503 2401 eius
1539 2372 1692 2413 generis

227 2431 290 2464 hie
315 2430 414 2463 liber
439 2438 512 2460 non
540 2432 620 2466 est,
664 2430 707 2458 ut
732 2427 813 2460 sola
839 2426 1017 2458 novitatis
1043 2425 1167 2467 gratia
1197 2424 1244 2456 ad
1267 2430 1414 2469 tempus
1441 2427 1575 2459 saltem
1600 2429 1692 2460 arri-

228 2488 329 2522 deat.
391 2484 585 2529 Siquidem
629 2485 770 2516 vetusti
815 2484 1020 2527 scriptores
1057 2482 1102 2514 ob
1139 2492 1323 2514 summam
1361 2483 1609 2517 eruditionem
1655 2489 1692 2517 ct

228 2545 505 2589 eloquentiam,
534 2542 712 2574 novitatis
739 2542 900 2584 gratiam
929 2550 1115 2584 nunquam
1143 2545 1302 2580 exuunt,
1345 2540 1430 2573 dum
1455 2552 1605 2585 semper
1627 2543 1692 2574 ali-

226 2613 301 2646 qua
328 2611 424 2634 nova
450 2599 645 2641 voluptate
671 2598 837 2630 lectores
866 2599 1066 2638 adficiunt,
1102 2599 1199 2630 sicut
1230 2609 1351 2643 neque
1386 2599 1504 2632 duleis
1541 2604 1578 2632 et
1611 2600 1692 2632 lim-

226 2660 338 2704 pidae
371 2665 492 2701 aquae
527 2655 730 2688 fonticulus
758 2656 994 2696 sitientibus,
1036 2655 1245 2699 quamlibet
1277 2657 1390 2700 longo
1423 2661 1594 2700 tempore
1629 2668 1691 2701 po-

228 2724 307 2756 tus,
343 2725 415 2747 non
447 2712 560 2745 facile
596 2722 776 2745 nauseam
814 2713 966 2748 excitat.
1016 2709 1280 2756 llunc'itaque
1307 2715 1599 2747 Celsitudo‘tua
1633 2726 1690 2747 se-

226 2782 321 2806 rena
354 2771 478 2804 fronte
511 2772 692 2814 accipiat:
735 2773 773 2802 et
798 2769 827 2801 si
857 2770 1005 2813 quando
1032 2778 1101 2812 per
1125 2771 1300 2811 negotia,
1338 2770 1470 2814 quibus
1497 2772 1690 2804 Celsitudo

227 2834 293 2861 tna
319 2828 581 2870 multipliciter
605 2827 706 2860 domi
735 2826 903 2870 forisque
931 2827 1148 2867 distinetur,
1182 2829 1386 2869 vacaverit,
1425 2830 1539 2862 animi
1562 2830 1689 2862 laxan-
