1859 3326
315 155 403 195 178
744 151 1268 196 ANNOTATIONES

313 267 486 313 rizonio,
515 266 581 314 qui
607 267 647 302 in
667 263 772 303 Curt.
791 264 906 303 vind.
928 279 964 316 p.
986 265 1108 314 167„
1129 266 1220 306 ende
1245 268 1313 306 ubi
1339 280 1438 306 axe-<s
1469 280 1520 305 e-L·
1550 281 1674 306 curru
1695 262 1761 306 de-

313 325 526 360 mittuntur
547 325 586 360 in
604 328 758 369 rotam,
785 323 1010 360 eminebant
1027 324 1101 361 duo
1129 325 1283 376 spicula
1303 325 1343 362 in
1363 326 1587 363 adversum
1634 323 1761 362 Habes

315 380 363 416 de
379 379 576 415 versione:
620 378 710 415 vide
739 386 877 415 cetera.
925 378 1146 416 Schefferus
1174 385 1212 417 et
1233 379 1405 418 Clericus
1427 381 1514 428 axi,
1556 391 1630 430 qua
1651 386 1761 431 parte

315 448 469 473 currum
488 436 676 482 sustinet,
702 432 755 473 τὰ,
775 430 931 486 ξύστρα
955 436 1144 486 infigunt,
1172 443 1215 473 ut
1234 449 1311 485 eos,
1341 437 1408 487 qui
1429 438 1539 487 proni
1560 438 1601 473 iu
1621 443 1762 474 terram

314 492 546 537 ceciderant,
566 497 633 528 aut
651 503 831 528 curruum
852 493 1020 528 tumultu
1045 491 1148 529 humi
1168 491 1357 539 iacebant,
1376 493 1599 530 scinderent
1618 499 1657 528 et
1677 493 1763 529 lan—-

317 549 504 585 cinarent.
533 547 781 584 Perizonius:
799 546 936 594 fuisse
960 546 1059 585 haec
1079 547 1233 599 spicula
1253 555 1509 597 transversa,
1535 561 1604 586 seu
1628 561 1679 586 ex
1702 549 1764 585 la-

321 604 470 642 teribus
488 616 675 640 curruum
699 603 911 641 eminentia
932 604 972 641 in
992 605 1209 651 directum,
1245 617 1292 642 ne
1310 606 1399 655 quis
1411 612 1531 656 putet
1551 617 1601 642 ex
1619 603 1764 642 axibus

319 660 389 698 sub
411 672 533 697 curru
552 659 757 697 eminuisse
778 660 895 697 iuxta
925 665 1112 697 temonem
1141 662 1247 698 inter
1275 668 1316 698 et
1340 662 1451 699 ultra
1481 673 1628 712 equos:
1672 674 1764 710 num

320 718 404 755 dici
430 716 576 753 smziliu
603 715 831 766 prioribus,
863 729 966 768 quae
991 718 1190 767 utrimque
1220 728 1271 754 ea:
1300 717 1392 767 iugo
1422 718 1463 755 in
1493 724 1765 754 transversum

322 773 563 819 eminebant,
591 771 862 838 habebantque
888 770 1142 826 ἐπιστροφὴν
1170 774 1245 825 τῆς
1268 768 1404 824 ἀκμῆς
1430 770 1534 824 πρὸς
1552 770 1627 825 τὴν
1657 768 1764 812 κατὰ

321 843 545 881 προσωπον
577 823 838 881 ἐπιᾳάιειαν,
868 825 905 866 h.
925 841 958 868 e.
989 830 1189 867 obversam
1218 832 1258 867 in
1279 828 1462 867 adversos
1483 828 1613 866 hostes
1631 829 1767 875 aciem,

314 899 395 937 pet
425 891 546 921 totum
577 885 662 921 scil.
691 885 975 934 longitudinem
991 887 1197 923 eminentia
1223 886 1379 937 spiculi,
1409 891 1597 936 tanquam
1623 887 1661 922 si
1676 885 1767 935 glu-

325 944 413 979 dius
441 946 555 977 esset.
594 939 664 978 Itu
692 953 787 979 vero
817 947 860 978 et
887 941 988 979 llaec
1018 942 1202 992 longiora
1229 943 1383 993 quidem
1414 947 1456 980 et
1480 943 1632 979 latiora
1650 941 1768 989 fuis-

325 1011 389 1044 se,
422 998 492 1034 sed
517 995 701 1034 habuisse
729 994 804 1049 τὴν
839 998 918 1038 ΤΟ
922 998 1070 1037 ΜΗΝ
1102 993 1252 1049 ὁμοίαν
1289 1002 1376 1045 τοῖς
1409 992 1633 1050 πρότερον,
1669 997 1706 1035 Ιι.
1730 1010 1765 1036 e.

324 1057 529 1091 scissuram
560 1066 628 1090 seu
648 1054 770 1090 aciem
793 1053 954 1091 similem
975 1054 1192 1103 prioribus,
1239 1067 1340 1105 quue
1375 1060 1610 1092 transversa
1639 1059 1770 1100 erant,

326 1117 367 1148 et
384 1122 547 1161 quorum
566 1122 672 1161 pars
700 1109 875 1147 hostibus
896 1109 1060 1148 obversa
1085 1115 1179 1148 erat
1197 1117 1331 1148 acuta.
1380 1111 1482 1154 Quid
1504 1117 1611 1147 tanta
1629 1109 1669 1147 in
1691 1109 1770 1156 dis-

324 1167 503 1203 sensione
523 1164 715 1215 sequeris?
745 1165 857 1214 Mihi,
883 1179 967 1205 cum
984 1169 1024 1204 in
1044 1173 1174 1216 partes
1193 1168 1247 1204 sit
1266 1165 1446 1214 eundum,
1477 1169 1665 1216 posterior
1683 1178 1771 1203 sen-

326 1225 447 1259 tentia
465 1224 648 1273 gravibus
665 1223 785 1270 premi
798 1223 1038 1260 inconmodis
1058 1223 1223 1260 videtur.
1255 1222 1300 1260 Si
1313 1224 1415 1259 enim
1435 1221 1487 1261 τὰ
1510 1218 1667 1274 ξύστρα
1687 1223 1770 1260 sive

327 1279 504 1326 cuspides
536 1278 584 1315 ad
611 1278 773 1328 effigiem
798 1278 954 1316 radulae
983 1285 1182 1328 porrectae
1201 1292 1251 1316 ex
1268 1280 1454 1317 lateribus
1475 1292 1656 1316 curruum
1676 1280 1770 1315 emi-

327 1337 496 1381 nuerint,
522 1335 711 1382 quomodo
733 1331 791 1373 ἐπ’
815 1331 981 1381 εὐθείας
1012 1336 1052 1372 in
1074 1342 1226 1373 rectum
1250 1342 1466 1386 protensae
1495 1342 1533 1372 et
1555 1348 1599 1372 ea
1618 1335 1771 1383 quidem

326 1393 490 1437 ratione,
519 1402 592 1439 qua
611 1391 703 1441 iugo
723 1392 928 1440 praefixae,
953 1390 1030 1428 dici
1045 1389 1250 1441 poterunt(²
1277 1399 1357 1429 tum
1375 1393 1506 1442 utique
1528 1397 1770 1440 transversae

326 1460 376 1484 ex
396 1450 492 1484 rotis
519 1460 723 1497 earumque
742 1447 861 1484 radiis
882 1448 1180 1497 promicuerunt.
1223 1447 1304 1485 Iam
1335 1449 1368 1485 si
1397 1461 1446 1484 ex
1475 1459 1520 1485 eo
1550 1447 1659 1496 loco,
1706 1446 1774 1485 ubi

327 1516 428 1541 axes
439 1504 662 1553 flectuntur
684 1504 725 1541 in
749 1510 880 1541 rotam
895 1517 1052 1556 perque
1079 1511 1196 1542 rotae
1222 1506 1360 1542 radios
1385 1511 1567 1542 extensae
1586 1504 1772 1542 adversos

327 1563 369 1598 in
389 1560 517 1596 hostes
535 1560 696 1607 fuerint,
723 1561 890 1597 insertae
910 1560 1010 1597 haud
1027 1559 1140 1597 dubie
1157 1561 1315 1597 fuerunt
1333 1567 1441 1597 rotae
1460 1560 1655 1607 modi0103
1675 1561 1772 1598 alio-

327 1618 394 1665 qui
424 1619 525 1652 enim
555 1623 676 1653 rotam
707 1616 1048 1654 sufflaminassent:
1090 1615 1271 1654 haeccine
1303 1629 1396 1655 vero
1421 1611 1660 1663 κατάκλισὶς
1687 1617 1772 1655 τῶν

329 1667 489 1718 ἀξόνων
510 1669 606 1708 erit?
646 1670 767 1718 Adde,
797 1673 897 1709 nulli
918 1673 1005 1709 usui
1021 1673 1155 1721 fuisse,
1184 1674 1217 1710 si
1235 1678 1343 1711 rotae
1361 1673 1531 1711 modiolo
1554 1685 1622 1722 per
1640 1672 1771 1710 radios

299 1768 302 1770 Α
328 1735 573 1765 transversae
594 1727 857 1765 adhaeserint:
896 1739 987 1766 nam
1012 1729 1156 1778 falces,
1187 1740 1283 1778 quae
1304 1731 1488 1766 extremis
1512 1729 1652 1766 axibus
1677 1741 1772 1766 con-

328 1786 482 1821 iunctae
503 1790 632 1832 erant,
659 1784 844 1833 quidquid
865 1783 1017 1823 obvium
1038 1785 1223 1832 dabatur,
1245 1785 1547 1836 transfigebant:
1579 1787 1641 1822 cui
1658 1786 1773 1836 proin

327 1841 429 1877 bono
446 1841 535 1877 illae
557 1853 605 1877 ex
624 1848 733 1877 rotae
753 1841 922 1878 modiolo
944 1840 1147 1891 cuspides?
1176 1840 1279 1878 Hinc
1294 1843 1415 1893 igitur
1426 1840 1680 1879 discedamus.
1711 1839 1773 1878 Ad

329 1895 566 1933 Schefferum
586 1903 622 1933 et
646 1894 834 1935 Clericum
856 1897 1087 1935 veniendum
1105 1904 1174 1934 est.
1207 1897 1378 1948 Uterque
1402 1897 1581 1946 cuspides
1598 1896 1691 1945 has,
1718 1893 1772 1936 τὰ

329 1948 500 2004 ξύστρα,
521 1952 740 2004 adfigit,uti
760 1954 939 2000 diximus,
959 1955 1039 2000 axi,
1057 1965 1131 2002 qua
1150 1954 1253 1992 infra
1273 1967 1427 1992 currum
1447 1954 1490 1991 in
1509 1953 1664 1991 humum
1683 1966 1773 1992 ver-

329 2021 394 2045 sus
414 2010 595 2046 inclinat:
627 2009 667 2046 id
688 2010 834 2057 patitur
850 2004 876 2061 ἥ
899 2005 1136 2056 κατάκλισις
1153 2012 1237 2049 τῶν
1262 2005 1446 2057 ἀξόνων,
1474 2016 1622 2060 partem
1640 2011 1772 2047 axium

327 2065 518 2111 indicans,
548 2077 644 2113 quae
663 2068 703 2102 in
723 2072 865 2103 terram
890 2068 1037 2117 vergit:
1074 2066 1151 2103 fert
1171 2078 1320 2116 quoque
1338 2079 1401 2102 res
1422 2068 1528 2114 ipsa;
1557 2065 1626 2103 sub
1656 2078 1772 2103 curru

327 2127 437 2158 erant
456 2118 506 2159 τὰ
531 2118 708 2173 ξύστρα,
739 2128 847 2159 recta
869 2121 1072 2159 adversum
1092 2123 1133 2159 in
1153 2120 1301 2159 bostem
1321 2135 1521 2169 conversa,
1547 2121 1615 2158 sed
1633 2123 1773 2159 latiora

326 2177 518 2242 prioribus
539 2184 577 2214 et
596 2179 785 2228 longiora,
812 2185 854 2215 ut
874 2177 1060 2226 quidquid
1079 2177 1285 2247 incideret,
1304 2178 1560 2245 lancinarent.
1591 2178 1667 2216 Par
1690 2177 1770 2215 dis-

719 2287 764 2300 γι,

323 2284 456 2340 πήχεα
475 2287 578 2341 πρὸς
595 2304 692 2335 τοις
715 2304 864 2337 αςονας
885 2287 1004 2329 ἔνθεν
1023 2289 1090 2329 καὶ
1112 2287 1232 2329 ἔνθεν
1253 2293 1337 2330 τῶν
1356 2292 1541 2343 τροχῶν,
1569 2304 1637 2329 και
1665 2287 1772 2329 ἄλλα

322 2343 496 2384 ΚΑΤΩ
531 2345 650 2385 IHO
684 2345 766 2385 ΤΩ
792 2347 877 2389 A:
850 2344 994 2385 ONI
1022 2345 1078 2393 εἷς
1105 2348 1181 2398 γῆν
1212 2344 1420 2397 βὶέποντα
1449 2346 1640 2383 habebant
1668 2347 1770 2395 apud

324 2399 506 2449 Xenoph.
529 2399 739 2451 Cyropaed.
761 2401 805 2441 L.
825 2402 889 2439 Vl.
912 2414 948 2451 11.
975 2403 1078 2443 121.
1110 2402 1245 2452 Neque
1261 2403 1427 2440 frustra:
1461 2414 1572 2451 saepe
1591 2402 1708 2450 enim,
1737 2406 1771 2440 si

324 2469 504 2493 curruum
525 2458 678 2505 inpetus
697 2459 814 2495 vitari
839 2470 917 2495 non
940 2465 1095 2506 posset,
1121 2460 1287 2508 prolapsi
1314 2461 1354 2496 in
1376 2466 1516 2496 terram
1537 2461 1657 2496 scutis
1686 2471 1769 2496 sese

324 2513 580 2550 involvebant
617 2519 655 2549 et
693 2514 944 2565 obtegebant,
998 2510 1110 2561 ὅπως
1144 2514 1365 2566 σιμβαίνοι
1401 2512 1646 2568 φεοομέναις
1676 2520 1767 2560 ταῖς

325 2564 502 2618 ἁμάξαις
530 2563 794 2624 ὖπερπηὸᾆν,
837 2576 880 2606 ut
908 2570 953 2608 de
975 2569 1189 2608 Alexandri
1218 2570 1404 2609 militibus
1427 2570 1615 2620 Polyaen.
1639 2570 1682 2608 L.
1703 2570 1767 2608 lv.

326 2625 468 2665 3.11.
499 2625 567 2662 ait.
614 2611 775 2662 Restant
794 2625 934 2672 falces,
967 2626 1068 2664 unde
1087 2626 1262 2665 curribus
1283 2639 1444 2674 nomeu,
1489 2622 1766 2692 συνήομοστιζ,

322 2687 457 2717 auctor
476 2681 614 2730 inquit,
645 2679 689 2719 δὲ
709 2685 800 2727 ταῖς
821 2678 981 2721 τούτων
1002 2680 1148 2733 ἀρχαῖς
1178 2686 1260 2721 sive
1281 2685 1479 2733 utrimque
1496 2684 1654 2719 summis
1673 2685 1764 2719 axi-

321 2735 401 2774 bus.
441 2736 613 2786 Namque
634 2736 770 2774 axibus
789 2741 946 2777 summis
973 2739 1161 2787 praefixas
1180 2739 1299 2776 fuisse
1317 2740 1458 2785 falces,
1485 2744 1522 2775 et
1542 2737 1635 2789 Cyri
1661 2741 1763 2789 regis

320 2805 455 2830 currus
480 2799 518 2830 et
549 2804 611 2830 res
637 2794 720 2843 ipsa
747 2793 926 2832 clamant.
976 2793 1133 2833 Curtius
1150 2794 1243 2834 haec
1261 2794 1305 2834 L.
1329 2795 1391 2832 lV.
1413 2795 1454 2834 9.
1483 2795 1524 2834 5.
1554 2796 1764 2832 aemulatus
