1859 3326
289 218 388 261 444
419 212 839 256 ANNOTATIONES
863 213 918 252 BN
944 212 1232 252 EXCERPTA
1254 212 1440 252 ΡΗΟΤΠ
1460 213 1653 257 LIB.XL.

283 336 357 384 ‘qui
382 334 416 370 si
444 331 490 369 de
516 331 637 381 sacris
665 329 747 367 suis
767 327 858 378 quid
879 327 1001 364 deteri
1024 335 1115 364 sunt
1134 328 1251 376 passi,
1292 330 1409 376 pauci
1430 334 1540 366 erant
1559 329 1609 367 ad
1631 336 1752 369 totam

289 397 458 441 gentem,
478 390 597 425 moris
617 388 716 424 aviti
738 386 1090 423 constantissimam
1110 386 1254 432 pariter
1274 392 1313 421 et
1333 387 1629 423 tenacissimam.
1668 386 1747 424 Sub

289 447 495 484 Persarum
523 446 683 492 imperio
709 456 732 479 a
762 443 925 489 satrapis
956 441 1189 491 regibusque
1212 441 1416 479 divexatos
1435 443 1556 479 fuisse
1576 442 1751 490 ludaeos,

289 505 378 555 quis
398 510 515 553 negat
535 496 739 538 districte?
797 497 883 538 Καὶ
904 493 1303 548 προπηλακιζόμενοι
1323 494 1404 538 ὑπὸ
1426 501 1509 538 τῶν
1528 500 1751 552 Περσικῶν

288 557 495 612 βασιλέων
525 556 591 596 καὶ
623 557 852 607 σατραπῶν
884 554 1003 591 verba
1023 552 1210 591 Hecataei
1229 554 1438 591 Abderitae
1469 561 1560 592 sunt
1582 558 1624 592 in
1645 555 1750 593 Iose-

289 617 356 666 phi
385 615 428 652 L.
444 615 472 652 I.
493 613 535 652 C.
562 613 700 661 Apion.
729 624 765 660 p.
786 612 897 650 456.
954 609 1073 647 Hisce
1093 624 1187 648 vero
1208 613 1451 648 contumeliis
1470 618 1510 648 et
1529 614 1751 649 vexationi-

288 675 361 711 bus
381 672 472 721 quid
493 670 669 707 effectum
691 665 774 704 est?
833 666 1085 704 Mutaruntne
1104 667 1238 704 Iudaei
1261 669 1451 705 maiorum
1476 666 1748 718 disciplinam&

289 730 420 780 Negat
458 727 598 765 ibidem
635 724 851 761 Hecataeus
883 725 955 760 iste
987 723 1102 772 idque
1131 726 1287 773 optime.
1346 723 1436 762 Non
1459 724 1650 772 diffiteor,
1684 738 1751 762 su·-

286 787 529 838 perstitiosos
549 781 733 832 quosdam
755 782 855 818 ritus
878 779 1084 818 Persarum
1101 779 1430 832 Macedonumque
1450 788 1579 819 aetate
1600 783 1641 818 in
1662 793 1744 817 mo-

286 856 351 881 res
374 844 528 880 venisse
550 839 732 887 ludae033
764 850 888 888 neque
910 839 950 874 in
970 850 1155 875 summam
1175 844 1304 874 tamen
1324 851 1454 886 sacra,
1488 839 1639 889 legibus
1658 837 1750 874 fini-

287 907 348 946 ta,
377 901 533 935 inversa
555 902 655 932 sunt.
713 894 842 942 Atque
873 893 932 930 his
963 907 1114 943 possem
1137 894 1319 945 defungi,
1359 897 1438 932 nisi
1456 893 1620 932 Photius
1637 894 1750 931 addi·-

288 956 432 1001 disset,
470 953 717 990 subiunxisse
747 949 963 988 Diodorum
993 952 1277 999 superioribus,
1319 949 1409 1004 περὶ
1428 949 1505 1001 μὲν
1533 952 1617 990 τῶν
1639 947 1749 990 'Jov-

286 1004 689 1054 δαίιυνἙκαταῖοςὸ
715 1003 926 1057 Μιλήσιος
949 1009 1083 1046 ταῦτα
1107 1004 1348 1058 ἱστόρηκεν,
1394 1009 1441 1045 de
1473 1007 1636 1046 Iudaeis
1666 1009 1748 1044 ista

285 1070 479 1108 narravit
499 1066 734 1103 Hecataeus
752 1065 946 1102 Milesius.
1006 1063 1100 1100 Inde
1121 1065 1370 1100 conclusione
1392 1064 1554 1112 quadam
1583 1062 1640 1100 Cl.
1662 1063 1746 1100 Pet.

285 1126 461 1164 Zornius
503 1123 674 1160 confecit
707 1125 747 1158 in
779 1121 996 1171 Prolegom.
1021 1120 1155 1157 Hecat.
1189 1120 1362 1158 Abderit.
1393 1119 1492 1156 hanc
1521 1120 1567 1156 de
1595 1119 1749 1160 ludaeis

284 1183 473 1233 Eclogam
492 1192 574 1216 non
595 1192 678 1215 esse
697 1177 894 1224 Diodori,
932 1177 997 1213 sed
1022 1176 1230 1214 Hecataei
1254 1177 1427 1222 Milesii,
1465 1187 1672 1224 omnesque
1704 1178 1748 1213 in

285 1252 418 1278 errore
441 1238 603 1282 versari,
630 1237 696 1284 qui
716 1234 888 1272 Diodoro
909 1234 1097 1280 tribuant,
1124 1246 1258 1282 aspero
1276 1233 1369 1269 satis
1390 1232 1556 1270 decreto.
1592 1232 1746 1281 Ecquid

285 1299 389 1334 enim
421 1296 481 1332 illi
513 1295 798 1337 commiserunt,
839 1291 907 1338 qui
936 1302 983 1326 ex
1015 1289 1190 1326 Diodoro
1221 1289 1512 1338 produxerunt,
1543 1301 1638 1337 quae
1662 1290 1746 1325 cius

284 1356 327 1391 in
348 1354 458 1390 libris
475 1346 729 1399 legebantur?
783 1347 833 1384 At
855 1345 1049 1384 Diodorus
1071 1347 1190 1395 dicit,
1223 1346 1458 1384 Hecataeus
1476 1348 1610 1385 ταῦτα
1633 1340 1746 1384 ἱστό-

284 1424 407 1462 ρηκεν
427 1408 473 1444 de
494 1403 670 1443 ludaeis?
731 1403 833 1448 Quid
863 1410 945 1439 tum
976 1401 1133 1452 postca?
1186 1402 1392 1450 Excerpsit
1408 1401 1603 1440 Diodorus
1624 1403 1745 1439 libros

285 1467 462 1510 Ctesiae,
512 1461 778 1512 Thucydidis,
825 1459 1124 1509 Xenophontis,
1175 1460 1452 1506 Anaximenis,
1488 1458 1741 1508 Theopompi,

283 1523 473 1568 Athanis,
509 1517 720 1564 Clitar-chi,
761 1516 937 1564 Timaei,
981 1515 1148 1563 Calliae,
1195 1515 1342 1566 Diylli,
1388 1514 1532 1563 Sosili,
1574 1515 1745 1565 l'olybii,

284 1579 487 1617 Posidonii
507 1582 545 1611 et
566 1577 730 1625 plurium
752 1575 940 1611 aliorum:
972 1574 1081 1610 illine
1102 1576 1142 1610 in
1158 1579 1353 1621 posterum
1375 1572 1600 1609 nominandi
1619 1578 1745 1619 erunt,

283 1638 462 1687 neglecto
496 1630 693 1669 Diodoro?
753 1630 892 1676 Mitto,
931 1641 1119 1678 nusquam
1140 1643 1162 1666 a
1183 1628 1614 1677 Constantinopolitano
1633 1642 1745 1676 prae-

280 1695 365 1730 sule
392 1690 520 1737 tradi,
562 1689 768 1727 verborum
800 1686 972 1724 habitum
997 1693 1035 1723 et
1059 1688 1227 1723 colorem
1252 1685 1458 1722 Hecataei
1477 1698 1560 1722 esse
1579 1686 1743 1723 Milesii.

281 1752 519 1794 Quaeramus
548 1749 699 1795 potius,
747 1746 835 1793 quis
870 1743 1101 1781 Hecataeus
1134 1745 1200 1779 ille
1232 1741 1447 1780 fililesz'as?
1502 1741 1574 1778 Vir
1605 1742 1743 1778 doctus

280 1807 480 1844 diversum
499 1810 629 1840 censet
655 1803 702 1838 ab
721 1801 935 1840 Hecataeo
958 1804 1056 1847 isto,
1089 1800 1201 1836 domo
1222 1798 1378 1836 Milesio
1393 1829 1403 1845 ‚
1431 1801 1496 1848 qui
1518 1797 1612 1848 Cyri
1630 1797 1742 1835 Cam-

280 1863 463 1913 bysisque
493 1867 616 1897 aetate
637 1858 791 1896 floruit:
829 1859 920 1894 nolo
949 1858 1166 1907 refragari,
1203 1868 1429 1906 quamquam
1451 1868 1610 1904 caussa,
1643 1866 1741 1903 qua-e

278 1921 454 1958 adfertur
484 1930 532 1954 ex
558 1916 762 1953 Persarum
801 1923 937 1965 quarto
964 1916 1184 1963 principatu
1213 1920 1251 1949 et
1283 1912 1539 1950 Macedonum
1567 1913 1742 1960 imperio,

280 1977 327 2013 de
354 1989 428 2025 quo
462 1982 624 2022 utroque
655 1974 696 2009 in
730 1972 896 2022 Ecloga,
936 1984 1069 2020 parum
1097 1977 1155 2007 est
1183 1969 1328 2015 solida3
1384 1969 1514 2007 verbis
1546 1974 1743 2019 pugnatur

278 2033 468 2077 Diodori,
515 2044 565 2067 ex
594 2042 668 2079 quo
698 2032 775 2066 ista
806 2028 1024 2076 Excerpta,
1071 2040 1149 2064 non
1178 2026 1376 2063 Hecataei.
1433 2024 1510 2061 Sed
1543 2026 1594 2061 sit
1626 2026 1738 2062 alius.

278 2090 461 2128 Demiror
499 2087 745 2124 vehementer
796 2087 989 2121 neminem
1035 2097 1158 2133 neque
1187 2083 1369 2119 Iudaeum
1398 2093 1522 2130 neque
1552 2080 1740 2118 Christia-

279 2159 373 2185 num
404 2144 572 2180 hominis
603 2146 643 2180 in
671 2150 747 2179 tam
777 2143 918 2178 illustri
942 2154 1077 2177 caussa
1098 2141 1334 2178 meminisse.
1387 2138 1640 2177 Hecataeum
1663 2138 1743 2174 Ab-

281 2203 446 2240 deritam
465 2200 599 2249 cupide
623 2206 785 2247 utraque
809 2210 857 2233 ex
878 2204 981 2234 secta
1000 2200 1041 2234 in
1066 2203 1193 2245 partes
1217 2201 1384 2242 vocant,
1420 2207 1541 2244 neque
1559 2196 1617 2231 illi
1636 2195 1740 2231 iniu-

277 2263 348 2297 ria.
410 2257 466 2294 De
500 2256 652 2293 Milesio
682 2257 803 2291 altum
832 2260 976 2292 tacent.
1027 2254 1133 2296 Quae
1162 2251 1256 2289 mihi
1287 2265 1348 2287 res
1375 2264 1496 2300 paene
1523 2257 1741 2299 extorquet,

277 2324 322 2354 ut
347 2315 568 2353 Anderitum
596 2312 848 2348 Iler-alaeam
890 2323 913 2347 a
939 2309 1112 2346 Diodoro
1138 2309 1367 2346 advocatum
1396 2309 1554 2356 opiner,
1604 2314 1739 2345 notum

275 2386 404 2411 rerum
428 2370 653 2406 ludaearum
674 2371 920 2416 scriptorem,
951 2377 1194 2413 erroremque
1214 2365 1345 2401 deberi
1368 2364 1520 2401 Photio.
1565 2362 1625 2400 Tu
1645 2364 1736 2401 vide

282 2429 330 2466 G.
361 2429 415 2467 Io.
444 2427 619 2464 vossium
652 2424 754 2461 Hist.
787 2423 923 2460 Graec.
954 2422 996 2459 L.
1016 2423 1080 2459 IV.
1113 2424 1156 2463 3,
1192 2428 1230 2458 et
1251 2421 1488 2469 Spencerum
1505 2420 1555 2459 ad
1576 2420 1735 2472 Origen-

278 2485 321 2525 L,
340 2484 371 2526 Ι.
404 2484 448 2523 C.
467 2482 566 2521 Cels.
589 2495 670 2533 cap.
687 2482 760 2522 15.
782 2493 820 2530 p.
838 2480 943 2520 334.
966 2479 1025 2516 ed.
1046 2492 1139 2519 nov.
1198 2479 1340 2518 VVEss.
