1891 3310
377 172 438 212 ΙΝ
469 171 580 211 Lm.
611 169 741 211 xvl.
770 168 901 210 CAP.
931 170 1009 212 93.
1031 173 1175 215 -95.
1415 181 1500 223 1111

175 286 281 327 154.
312 286 386 326 93.
419 280 593 324 Ἑαυτὸν
619 285 708 330 τοΐς
732 277 896 323 δώδεκα
922 283 1041 331 θεοῖς
1063 285 1212 338 συνθρ.
1241 288 1506 344 καταριθμή-

59 345 162 390 σας]
193 342 262 380 Sic
281 355 313 379 c.
335 342 408 382 93.
437 336 672 393 σύνθρονον
693 334 841 379 ἑαυτὸν
868 335 1185 387 ἀποδεικνύντος
1210 345 1285 382 τοῦ
1306 346 1509 394 βασιλέως

58 403 144 445 τοῖς
164 394 323 438 δώδεκα
341 399 468 443 θεοῖς.
494 395 551 433 Ut
569 395 753 434 videlicet
762 395 1008 433 adsesorxn
1019 394 1189 434 Deorum
1211 405 1250 436 et
1260 403 1507 442 consiliorum

57 457 245 505 particeps
269 467 313 491 ac
330 453 542 491 maiestatis
560 458 804 499 censeretur3
822 462 917 505 'quo
942 451 1056 489 modo
1087 451 1241 503 Sibylla
1259 454 1509 508 Peregrinum

225 505 471 562 Σύνθρονον
484 504 703 563 Ἶ-Ῑφαίστῳ
727 506 795 548 καὶ
805 502 1014 561 Ἡρακλῆϊ
1027 504 1171 547 ἄνακτι

0 560 1 582 ³
57 566 230 604 futurum
240 568 344 604 canit
354 565 453 615 apud
464 564 620 602 Lucian.
630 571 746 604 mort.
759 563 917 615 Peregr.
933 577 965 601 c.
979 565 1054 604 29.
1082 563 1159 601 Sed
1171 566 1259 603 vide
1274 565 1329 605 Cl.
1344 568 1506 609 Salmas.

59 622 108 659 ad
129 621 325 673 Spartiani
356 621 476 659 Hadr.
500 633 532 658 c.
556 620 645 667 14„
681 619 822 658 Ezeoh.
846 618 1053 669 Spanhem.
1084 619 1190 658 Diss.
1218 622 1291 661 xl.
1322 625 1368 661 de
1393 625 1508 664 Num.

59 678 273 716 Praestant.
290 689 328 727 p.
351 678 470 725 334„
497 684 535 714 et
555 676 602 714 G.
624 676 835 714 Arnaldum
853 676 899 714 de
922 675 995 714 Dis
1018 676 1174 715 Paredr.
1197 693 1232 718 c.
1260 680 1346 728 15„
1375 684 1441 730 qui
1461 683 1509 721 de

60 732 230 783 Philippi
249 736 366 772 stulta
392 733 463 772 hac
492 734 699 772 ambitione
717 740 756 771 et
780 733 964 772 similium
989 734 1152 771 aliorum
1174 736 1285 784 plura
1310 739 1511 776 conduxe-

61 797 164 827 runt.
191 790 327 828 Wnss.

179 847 281 887 155.
306 847 349 886 4.
382 847 479 886 Τῶν
501 842 577 897 μὲν
593 841 673 898 γὰρ
692 841 800 885 κατὰ
816 841 914 892 τοὺς
932 841 1095 897 ἀγῶνας
1104 845 1198 897 etc.]
1229 847 1372 886 Locum
1392 852 1509 888 istum

63 902 279 949 eloquentia
310 901 344 939 Τ
347 903 432 940 ullii
462 904 628 952 explicat
656 903 828 939 oratione
847 914 936 952 pro.
957 900 1009 939 M.
1029 901 1215 940 Marcello
1244 918 1277 942 c.
1303 907 1345 946 2.
1372 905 1507 943 Rflon.

63 955 204 995 Omnia
220 957 350 996 eadem
365 958 411 995 de
429 958 606 1008 Philippo
624 959 843 1008 Polyaenus
854 957 1026 1009 Strateg.
1051 957 1094 995 L.
1112 958 1164 995 IV
1166 988 1175 997 .
1186 962 1227 1000 2.
1244 962 1302 1009 9.‚
1322 968 1367 999 ut
1389 975 1509 1011 paene

63 1020 191 1062 putem
211 1013 306 1052 haec
333 1014 468 1052 Nostri
499 1017 699 1065 scriptoris
729 1015 960 1052 aemulatum
991 1015 1113 1053 fuisse
1141 1023 1207 1052 aut
1242 1025 1345 1055 certe
1374 1019 1508 1058 eodem

63 1082 114 1106 ex
130 1070 262 1119 fonte,
290 1071 392 1108 unde
411 1077 566 1118 auctor,
595 1073 789 1108 sumsisse.
832 1070 941 1108 Adde
963 1071 1105 1108 Iustini
1134 1070 1180 1108 de
1201 1073 1379 1123 Philippo
1406 1076 1508 1114 iudi-

63 1127 165 1163 cium
191 1127 233 1164 L.
266 1126 338 1166 IX.
373 1130 414 1168 8.
446 1133 484 1164 et
511 1125 725 1164 Pausaniae
754 1126 917 1165 L.V111.
940 1129 981 1168 7.
1024 1125 1203 1167 Ceterum
1230 1126 1333 1184 ἤπερ
1364 1129 1427 1170 ἐπὶ
1457 1135 1509 1186 τῇ

66 1178 172 1221 κατὰ
199 1179 274 1229 τὰς
294 1181 532 1234 συμμαχίας
552 1180 719 1239 ἀνδρείᾳ
746 1183 890 1224 rectius
915 1184 1104 1236 verteris,
1133 1198 1251 1239 quam
1269 1190 1508 1229 strenuitate

66 1240 106 1276 in
118 1251 281 1291 pugnae
301 1241 603 1280 consociatione.
629 1239 765 1280 Wssss.
