1891 3310
371 174 433 215 lN
462 174 574 214 ΜΒ.
590 154 700 213 xv.
736 172 864 213 CAP.
899 175 1045 216 74..-
1069 177 1142 218 76.
1406 180 1463 221 57

23 304 112 329 men
129 303 209 329 non
234 294 525 328 consentaneus.
565 286 738 337 Namque
759 287 894 325 urbem
913 289 1067 326 tenebat
1088 288 1212 327 adhuc
1232 289 1328 327 illud
1350 293 1468 341 quin-

24 350 255 397 quennium,
281 358 355 395 quo
375 346 564 382 curulium
587 346 877 395 magistratuum
896 345 971 382 fuit
990 346 1172 392 solitudo,
1215 347 1276 383 uti
1301 347 1380 397 ipse
1401 350 1467 385 ait.

26 405 144 442 Addit
163 408 358 453 praeterea
377 402 454 437 illis
476 402 643 468 collegas
664 400 705 437 P.
728 406 765 436 et
785 399 824 437 C
846 401 878 437 V
881 401 1031 438 alerios.
1065 401 1201 438 WVEss.

138 461 212 500 61.
236 458 310 498 93.
342 453 590 507 Θεμεσίων
573 472 592 495 (1
619 454 826 508 Ἐρετρίας
849 472 898 496 τ(
887 452 1079 509 Ἠρα11ος]
1123 458 1190 495 llle
1211 457 1324 496 homo
1347 473 1371 496 a
1390 457 1469 497 De-

27 514 225 554 mosthene
249 515 422 551 oratione
443 513 488 549 de
511 511 661 550 Corona
680 524 714 560 p.
746 513 847 552 153.
840 540 864 560 .,
895 521 932 550 et
952 514 998 550 ab
1020 513 1210 552 Aeschine
1230 515 1275 552 de
1296 516 1395 553 falsa
1413 517 1468 553 le-

25 573 179 624 gatione
209 584 245 620 p.
277 571 348 609 50.
381 577 419 605 et
450 571 587 607 iterum
614 575 750 606 contra
780 567 1065 619 Ctesiphontem
1095 584 1131 620 p.
1170 572 1242 612 65.
1278 570 1469 621 Θεμίσων

26 630 248 665 constanter
278 631 463 663 iocatur:
503 626 663 672 melius3
693 638 781 662 nam
810 626 885 662 fuit
916 639 1054 662 nomen
1085 630 1279 676 proprium
1310 627 1471 666 Graecis

25 681 485 732 usurpatum.1uvenalis
508 682 626 718 Satir.
650 680 704 718 X.
727 684 833 721 221.
873 681 979 728 Quot
1003 682 1208 720 Themison
1230 697 1376 734 aegros
1397 699 1472 723 au-

27 742 157 778 tumno
181 739 340 777 occule}
343 740 376 774 ιι
393 750 482 776 uno.
512 738 565 774 At
591 737 813 774 Tllemz'sion
834 739 926 776 alibi
948 751 1025 775 non
1045 742 1223 777 occurrit.
1254 741 1385 778 ΡΑΙΜ.

33 797 36 800 ⁴
139 798 213 836 62.
238 797 313 834 97.
354 793 438 833 Καὶ
469 790 782 846 παραλαβόντες
812 793 852 832 ἐν
880 791 1240 849 παρακαταθηκῃ]
1274 796 1474 835 Thebanis

27 852 199 901 Oropum
230 851 484 888 Athenienses
511 857 690 898 tanquam
723 850 938 899 depositum
969 852 1234 901 tradiderunt,
1277 853 1397 890 donec
1424 856 1473 892 lis

27 911 152 947 omnis
173 909 377 945 terminata
395 907 516 943 foret:
545 906 765 956 Xenophon
785 906 937 944 Hellen.
959 908 1042 947 VH.
1070 922 1106 974 p.
1129 909 1236 948 495.
1265 917 1303 946 et
1334 909 1474 959 Ulpia-

26 977 100 1003 nus
121 964 168 1001 ad
189 962 386 1001 Demosth.
410 962 477 999 Or.
499 976 568 1012 pro
589 961 901 1013 C0r0n.p.1')3.
926 971 964 1000 et
985 963 1051 1001 Or.
1073 967 1114 1002 in
1129 965 1294 1003 Mediam
1313 980 1350 1016 p.
1365 967 1472 1007 335.

28 1021 278 1058 Grammatiei
297 1020 415 1057 verba
434 1032 491 1056 su
482 1026 543 1056 it:
587 1018 778 1068 Θεμίσων
808 1019 874 1058 καὶ
909 1016 1016 1059 Θεόὸ
1020 1036 1125 1074 (apog
1154 1019 1349 1072 Εὐβοεῖς,
1386 1022 1474 1062 ἐπι-

27 1075 195 1128 θίμειοι
211 1074 412 1129 Ωρωπῶ,
435 1073 840 1144 χο1οίτιοἈθ1Ῑ1αιίε1ν,
858 1074 1036 1143 κειμζιένῳ
1065 1075 1219 1127 μεταξιν
1250 1081 1324 1131 τῆς
1344 1077 1476 1118 Am-

28 1148 104 1186 κης
136 1132 203 1172 καὶ
233 1135 308 1184 τῆς
337 1131 562 1180 Βοιωτίας,
594 1129 634 1170 ἔ)
640 1134 743 1183 αβον
767 1128 882 1172 αὐτό.
914 1128 972 1179 (ὗς
993 1118 1063 1172 δὲ’
1070 1135 1285 1186 Αθηιαΐοι
1306 1133 1476 1186 ἴιιελλον

29 1191 242 1240 πολεμεῖν,
278 1187 389 1235 ἔδοξε
414 1187 505 1242 δίκη
527 1189 637 1238 μᾶλλ
642 1203 687 1227 ον
719 1187 956 1239 xpfiwfflu,
984 1186 1057 1228 τὸν
1083 1189 1126 1229 (δὲ
1153 1206 1182 1240 μ
1188 1188 1271 1256 ε’χρι
1294 1206 1368 1244 της
1387 1189 1477 1245 κρί-

31 1259 135 1292 σεως
157 1241 310 1312 χρόνον
334 1242 547 1296 Θηβαῖοι
535 1244 698 1298 (’(Ῐαο-αν
730 1242 848 1285 αὐτοὶ
871 1241 1068 1297 λαβόιτες
1096 1243 1290 1300 ᾳιὶάξειν
1318 1246 1365 1288 τὸ
1388 1262 1470 1299 χω-

31 1302 133 1354 ρι’.ον
163 1317 219 1348 (υς
235 1301 278 1341 de*
297 1298 338 1340 ἶ)
343 1303 460 1351 (11)(11,
474 1298 700 1352 οὐδετέροις
720 1298 939 1341 ἀπέδοσαν.
969 1304 1074 1347 Quae
1092 1303 1244 1352 quidem
1261 1317 1342 1341 rem
1356 1307 1478 1352 ipsam

30 1360 229 1397 illustrant
266 1364 304 1395 et
334 1360 590 1395 coniecturam
618 1359 801 1396 Palmerii
830 1359 1035 1397 adfirmant
1065 1361 1241 1412 egregie,
1296 1363 1412 1399 sicuti
1439 1367 1474 1398 et

31 1415 317 1465 Harpocration
339 1416 379 1451 in
404 1413 607 1464 Θὲμίσων.
644 1414 781 1452 WVESS.

147 1473 219 1512 62.
253 1473 291 1511 8.
319 1467 486 1509 ”Εηεισε
517 1467 614 1517 τοὺς
633 1468 845 1522 ”Ελληνας
865 1467 964 1518 τοὺς
982 1469 1059 1523 μὲν
1078 1470 1283 1524 πολέμους
1300 1468 1479 1514 καταλύ-

36 1527 226 1578 σασθαι]
267 1527 405 1563 Graeci
433 1529 507 1575 ipsi
526 1529 672 1577 legatos
701 1528 748 1564 ad
769 1528 1024 1566 Artaxerxem
1042 1531 1248 1577 miserunt,
1277 1543 1437 1580 quorum
1459 1544 1480 1568 e

33 1597 194 1622 numero
223 1597 308 1621 cum
336 1582 542 1620 Thebanus
568 1584 771 1632 Pelopidas
793 1598 922 1635 regem
946 1599 1037 1622 suae
1061 1587 1212 1623 civitati
1230 1586 1479 1625 addictiorem

34 1640 252 1688 habuisset,
297 1641 434 1677 allatae
455 1641 501 1677 ab
527 1653 571 1677 eo
591 1643 694 1688 pacis
719 1641 872 1689 quidem
895 1649 986 1678 sunt
1005 1642 1273 1690 conditiones,
1312 1643 1379 1680 sed
1403 1656 1484 1681 nou

35 1704 212 1748 receptae
232 1710 254 1734 a
274 1699 434 1743 ceteris,
466 1697 656 1733 referente
675 1696 937 1747 Xenophonte
957 1697 1111 1735 Hellen.
1135 1698 1178 1738 L.
1202 1699 1286 1738 Vll.
1314 1713 1350 1750 p.
1373 1700 1480 1740 487.

38 1753 186 1792 Tamen
206 1755 294 1803 quia
316 1753 407 1790 belli
426 1754 626 1803 plerosque
647 1760 863 1802 pertaesum
885 1761 978 1801 erat,
998 1757 1114 1791 tacito
1136 1755 1299 1804 quodam
1320 1769 1484 1794 consen-

39 1823 85 1848 su
117 1813 219 1847 inter
250 1811 430 1846 civitates
458 1810 640 1858 quasdam
662 1822 740 1857 pax
761 1811 884 1848 valuit
907 1817 1168 1860 cessatumque
1196 1812 1242 1850 ab
1267 1815 1384 1850 armis
1411 1820 1484 1862 est,

39 1867 172 1904 eodem
190 1872 345 1902 auctore
369 1879 403 1915 p.
426 1865 532 1905 496.
568 1866 703 1902 WVESS.

153 1924 226 1963 62.
249 1924 320 1962 16.
347 1918 628 1973 Ἀναξιμένης
646 1917 666 1961 ὃ
688 1919 1015 1976 Λαμψακηνὸς]
1045 1922 1194 1962 Rhetor
1213 1923 1486 1974 Anaximenes,

39 1980 106 2029 qui
135 1977 367 2015 Graecorum
392 1991 454 2014 res
484 1980 769 2026 antiquissimas
799 1993 918 2030 usque
951 1980 1000 2018 ad
1025 1980 1269 2019 Mantinense
1300 1985 1487 2031 praelium

39 2043 78 2073 et
97 2035 266 2083 Philippi
289 2042 402 2083 atque
423 2033 634 2071 Alexandri
653 2036 755 2072 facta
775 2036 978 2086 descripsit
995 2038 1098 2074 infra
1122 2052 1153 2075 c.
1178 2040 1250 2080 89.
1281 2039 1381 2076 Nam
1400 2039 1488 2089 phi-

39 2091 221 2140 losophus
240 2092 354 2142 lange
384 2091 489 2139 prior
518 2097 642 2128 aetate
668 2092 756 2129 fuit.
800 2093 896 2130 Vide
920 2095 1026 2130 viros
1047 2094 1180 2132 doctos
1200 2095 1249 2134 ad
1270 2095 1419 2134 Laertii
1439 2096 1484 2136 L.

39 2147 90 2187 II.
115 2149 154 2188 3.
180 2154 218 2184 et
239 2146 416 2184 Vossium
438 2146 585 2187 Histor.
610 2147 745 2186 Graec.
767 2148 810 2185 L.
831 2149 859 2186 Ι.
881 2150 951 2190 10.
990 2150 1127 2188 VVESS.

155 2201 437 2246 62.17.Ετι
460 2203 503 2242 δὲ
522 2206 605 2243 τῶν
615 2204 926 2257 Πιθαγορικων
938 2204 1119 2260 ([ιλοσοᾳ
1126 2223 1181 2247 ων
1193 2223 1230 2248 οι
1220 2205 1311 2247 (τε).
1315 2205 1487 2259 ξυταΐοι]

42 2260 257 2311 Archytas,
287 2259 492 2307 Timaeus,
530 2259 796 2309 Xenophilus,
825 2261 1024 2311 Phanton,
1056 2263 1301 2312 Echecrates,
1330 2263 1488 2302 Diocles

44 2324 83 2356 et
104 2317 360 2367 Polymastus.
393 2317 561 2368 Egregie
582 2316 776 2368 Diogenes
799 2317 1243 2362 LaertiusL.V111.46.
1266 2337 1334 2388 και
1360 2319 1488 2360 αὐτοῦ

43 2370 324 2428 (Pythagorae)
354 2369 400 2412 τὸ
428 2369 622 2424 σύστημα
646 2372 798 2425 ὸιέμειε
827 2373 945 2428 μέχρι
975 2391 1122 2429 γενεων
1147 2376 1231 2417 ἒννε
1227 2376 1262 2416 ἀ
1283 2394 1307 2429 1]
1333 2393 1400 2416 και
1424 2375 1491 2416 ὁὲ-

43 2445 111 2470 κα.
147 2431 369 2468 τελευταῖοι
397 2426 474 2481 γὰρ
507 2428 688 2481 ἐγέιοντο
715 2446 799 2470 των
829 2433 1156 2501 Πυθαγορείων,
1188 2432 1259 2480 οὓς
1280 2449 1347 2472 και
1368 2431 1492 2483 Ἀρι-

44 2482 235 2534 στόξενος
256 2481 348 2532 eive,
370 2482 600 2554 Ξενόφιλός
620 2501 661 2526 τε
687 2482 708 2527 ὃ
729 2488 827 2526 Aa7.
830 2484 1003 2534 κιὸευς’
981 2487 1061 2530 απὸ
1089 2485 1269 2547 Θρύκνς,
1287 2489 1354 2528 καὶ
1379 2487 1490 2528 (Dm-

45 2557 129 2583 των
162 2557 182 2582 ο
223 2537 442 2589 Φλιάσιος,
474 2543 542 2581 καὶ
559 2538 834 2595 Εχεκράτνς,
860 2560 928 2584 και
949 2546 1107 2597 Διοκ11
1114 2561 1155 2594 ς,
1190 2546 1257 2585 καὶ
1283 2542 1492 2597 Πολίγια-

47 2613 158 2645 στος.
200 2598 478 2636 Generationes
498 2612 574 2636 nov
579 2613 636 2635 em
658 2607 725 2637 aut
746 2602 859 2638 etiam
882 2602 1035 2650 decem,
1064 2617 1126 2640 eas
1155 2605 1259 2640 enim
1292 2605 1491 2652 scripsisse

46 2654 261 2707 Diogenem
279 2668 395 2693 manu
415 2658 560 2693 exarati
582 2656 670 2692 libri
691 2658 913 2707 ostendunt,
944 2663 977 2697 si
997 2661 1043 2697 ab
1067 2659 1220 2710 Olymp.
1240 2669 1305 2695 Lx.
1326 2668 1492 2707 repetas,

49 2718 88 2750 et
120 2713 232 2749 annis
260 2722 322 2748 xx
350 2714 524 2763 singulas
550 2712 750 2760 absolvas,
788 2715 837 2751 ad
856 2714 954 2752 hanc
976 2717 1097 2765 ipsam
1116 2723 1278 2754 aetatem
1299 2715 1493 2753 devenies.

50 2768 159 2813 Quod
192 2771 317 2818 ipsum
344 2776 733 2806 conmonstraverunt
762 2769 856 2810 lust.
886 2771 1039 2821 Lipsius
1062 2771 1105 2810 L.
1138 2773 1170 2811 1.
1199 2771 1422 2810 Manuduct.
1446 2771 1495 2808 ad

51 2821 172 2863 Stoic.
191 2824 412 2876 Philosoph.
429 2823 533 2863 Diss.
555 2827 596 2866 6.
619 2831 657 2863 et
678 2824 725 2863 R.
744 2824 942 2867 Bentleius
961 2827 1126 2870 Dissert.
1146 2829 1192 2867 de
1210 2828 1336 2879 Epist.
1357 2827 1497 2866 Phala-
