1859 3326
318 155 408 197 150
776 150 1302 194 ANNOTATIONES

317 268 504 305 banorum
515 263 622 304 hane*
635 264 783 305 eladem
795 267 925 309 verbis
946 267 1152 306 miseratur
1168 266 1381 309 Aeschines
1393 268 1461 308 Or.
1482 269 1524 308 in
1544 267 1770 322 Ctesiphon.

318 338 354 374 p.
377 326 449 364 76.
481 334 595 371 quem
614 324 832 361 exscribere
854 336 958 361 nunc
982 323 1136 373 quidem
1157 337 1237 362 non
1257 333 1384 364 vacat.
1412 326 1549 365 WEss.

431 381 535 421 170
565 381 640 420 99.
681 376 898 419 Καθόλων
925 377 970 419 ὁὲ
998 386 1069 417 etc.
1081 378 1099 433 ]
1131 379 1433 420 Rhodomannus
1454 387 1677 420 correxerat
1697 396 1797 421 κα-

314 431 470 482 θόῖιις.
504 436 607 485 quod
637 449 723 473 cum
751 448 831 474 non
861 438 954 473 satis
975 437 1170 486 placeret
1199 438 1402 479 substituit
1428 441 1471 477 in
1495 445 1578 476 not.
1597 437 1774 477 Addend.

319 491 455 532 :za-36)
460 507 530 539 ov,
560 499 599 529 et
620 492 777 540 verius,
805 506 866 529 me
892 492 1032 532 iudice.
1079 492 1215 530 VVESS.

439 550 540 589 170.
565 551 607 589 9.
638 546 783 594 Ὅστις
812 544 912 587 ἴδιὸν
940 546 1014 587 οὐκ
1034 545 1084 587 ἂν
1104 546 1281 602 ἠλέησε]
1311 548 1474 588 Videtur
1492 562 1778 599 supervacanea

320 605 490 656 negandi
510 617 611 642 vox:
651 616 747 653 quae
779 605 882 641 enim
912 611 1148 653 sequuntur,
1174 606 1403 654 ostendunt,
1430 610 1623 645 neminem
1642 607 1777 654 fuisse,

320 664 387 712 qui
407 661 674 700 misericordia
694 667 931 711 tangeretur.
966 661 1122 698 induxit
1134 662 1304 699 eamdem
1318 661 1632 702 Rhodomannus.
1666 661 1778 699 Cete-

323 731 408 755 rum
430 724 579 767 praeter
599 716 881 765 Thespienses‚
919 716 1164 755 Plataeenses
1187 725 1225 754 et
1245 718 1545 767 Orchomenios,
1572 726 1776 769 perpetuos

324 773 596 812 Thebanorum
616 775 808 820 inimicos,
833 773 1050 810 Phocenses
1074 777 1265 823 oppressis
1292 772 1495 814 admodum
1517 789 1556 813 se
1572 788 1712 826 graves
1740 780 1779 812 et

323 831 489 869 infestos
509 830 773 877 ostenderunt,
799 830 963 866 testibus
987 831 1153 868 Arriano
1173 829 1216 868 L.
1235 830 1266 868 Ι.
1291 834 1331 872 8.
1351 831 1454 871 Plut.
1467 832 1578 871 Alex.
1598 845 1634 883 p.
1656 832 1794 879 670.‚.

326 884 377 923 D.
398 893 436 923 et
456 885 604 924 Iustino
626 885 669 922 L.
688 885 759 925 ΧΙ.
782 886 823 926 3.
846 886 982 925 lVESS.

443 943 546 982 170.
572 942 646 983 24.
673 937 801 995 (Υπὲρ
830 939 929 988 τοὺς
953 938 1274 996 ἑξακισχιλίους]
1308 941 1455 982 Eadem
1474 944 1580 984 Plut.
1604 943 1716 981 Alex.
1743 955 1781 993 p.

329 999 436 1039 670.
458 997 507 1036 D.
532 1006 572 1035 et
594 999 780 1036 Aelianus
803 997 949 1036 L.X11.
963 1001 1005 1038 7.
1029 999 1117 1036 Var.
1136 999 1253 1047 Hist.,
1275 1001 1342 1037 sed
1363 1013 1411 1038 ex
1424 1000 1515 1038 Mss.
1527 1002 1780 1037 instauratus.

324 1052 566 1092 Blancardus
578 1057 779 1105 sequentia
791 1057 996 1104 exscripsit
1006 1055 1054 1091 ad
1065 1056 1217 1096 Arrian.
1232 1069 1342 1094 suum
1355 1056 1396 1094 L.
1408 1056 1437 1096 Ι.
1450 1070 1487 1106 p.
1502 1058 1593 1104 27„
1605 1056 1672 1094 sed
1685 1067 1782 1105 quae

329 1115 522 1157 correxit,
556 1124 759 1159 operarum
780 1118 892 1148 erant
911 1113 952 1147 in
973 1110 1244 1151 Rhodomanni
1265 1109 1422 1152 ἐκδόσει
1443 1119 1612 1161 peccata.
1645 1112 1783 1150 WEss.

440 1169 550 1213 (170.
581 1169 654 1207 37.
697 1162 771 1213 (Ως
802 1165 1012 1219 εὐεργέτας
1041 1168 1277 1218 τιμᾶσθαι]
1319 1167 1534 1221 Θηβαίους
1558 1165 1786 1219 πατρικοὺς

307 1251 316 1266 .
330 1221 479 1277 φίλους
499 1223 740 1275 νομίζεσθαι
761 1225 834 1263 τοῦ
852 1222 1056 1274 βασιλέως
1080 1224 1198 1261 edicit
1218 1226 1260 1260 in
1280 1224 1524 1274 Plut.Pelop.
1548 1236 1584 1272 1).
1605 1225 1713 1265 294.
1731 1223 1782 1260 D.

329 1280 580 1319 Artaxerxes.
608 1280 734 1317 Erant
753 1280 927 1328 profecto
949 1280 994 1316 de
1018 1279 1154 1316 Xerxe
1175 1279 1351 1318 Thebani
1376 1282 1530 1331 egregie
1550 1282 1696 1328 meriti,
1712 1293 1786 1318 un·

332 1337 377 1372 de
390 1336 593 1374 Persarum
617 1350 736 1384 more,
769 1337 814 1372 de
833 1349 907 1386 quo
930 1336 1021 1374 infr.
1048 1350 1082 1374 c.
1108 1338 1194 1384 SI.,
1214 1334 1435 1389 εὐεργετῶν
1456 1338 1536 1374 illis
1558 1338 1696 1374 titulus
1716 1349 1786 1375 ve-

329 1394 401 1430 nit.
430 1392 517 1432 Vid.
543 1391 586 1430 Β.
608 1391 848 1430 Brissonium
871 1393 916 1428 de
940 1390 1063 1443 Regn.
1086 1393 1237 1431 Persar.
1258 1392 1303 1430 L.
1324 1393 1354 1431 Ι.
1379 1395 1485 1436 138.
1513 1399 1552 1431 et
1573 1392 1665 1430 Des.
1683 1391 1786 1430 Her-

332 1449 460 1487 aldum
485 1448 646 1488 Advers.
669 1449 711 1486 L.
732 1448 761 1486 Ι.
782 1450 823 1488 9.
852 1449 987 1486 VVESS.

448 1507 550 1545 170.
575 1506 649 1544 47.
675 1502 822 1544 Πολύν
844 1503 1039 1555 ἐπέστησε
1062 1499 1198 1557 φόβον
1219 1508 1306 1551 τοῖς
1326 1501 1650 1558 ἀφισταμένοις]
1680 1503 1787 1542 Ean-

332 1561 419 1603 dem
454 1561 675 1599 Thebarum
702 1561 877 1598 funditus
907 1564 1123 1598 excisarum
1154 1563 1345 1598 rationem
1373 1563 1536 1611 ipsemet
1567 1561 1788 1602 Alexander

331 1618 460 1656 reddit
487 1619 529 1655 in
553 1617 716 1656 Luciani
736 1617 924 1655 Mortuor.
949 1616 999 1657 D.
1021 1616 1113 1655 Xll.
1132 1618 1201 1665 4,,
1225 1617 1293 1655 ubi
1311 1618 1442 1670 pulcre
1463 1616 1511 1656 Τ.
1532 1616 1787 1656 Hemsterhu-

334 1675 424 1713 sius.
452 1673 587 1711 WEss.

450 1732 551 1771 171.
582 1730 657 1771 49.
685 1726 915 1782 ’Hegionem
944 1725 1141 1782 ἀργυρίου
1169 1724 1355 1773 τάλαντα
1385 1732 1486 1778 Βία]
1525 1729 1684 1767 Summa
1707 1741 1787 1767 non

333 1786 539 1824 admodum
572 1799 735 1838 magna,
776 1789 809 1823 si
838 1785 947 1822 urhis
976 1785 1269 1835 amplitudinem
1297 1792 1336 1822 et
1364 1786 1480 1823 decus
1507 1793 1667 1836 spectes.
1708 1785 1788 1823 Sed

332 1850 443 1880 erant
463 1842 641 1880 Thebani
659 1845 917 1894 ligurritores.
947 1840 1071 1878 Docet
1090 1840 1322 1889 Clitarchus,
1344 1842 1503 1880 eandem
1521 1843 1788 1880 manubiarum

333 1912 519 1938 summam
539 1912 797 1936 annumerans
817 1898 917 1948 apud
935 1897 1073 1934 Athen.
1093 1897 1135 1934 L.
1159 1897 1222 1934 1V.
1251 1900 1322 1938 12.
1347 1912 1383 1947 p.
1410 1900 1513 1939 148.
1538 1898 1583 1935 Ε.
1615 1897 1790 1936 Tametsi

333 1968 428 1993 vero
452 1954 605 1992 Thebas
624 1955 846 1992 Alexander
865 1956 1048 1991 everterit
1073 1961 1110 1990 et
1128 1956 1301 2002 captivos
1322 1956 1530 1992 subiecerit
1550 1954 1702 2002 hastae,¹
1723 1966 1790 2001 pe-

333 2013 457 2061 percit
474 2018 599 2050 tamen
623 2012 843 2056 nonnullis,
872 2010 918 2046 de
942 2010 1079 2058 quibus
1101 2009 1254 2048 Arrian.
1273 2008 1416 2062 Ἀναβ.
1449 2010 1492 2048 L.
1516 2010 1546 2049 Ι.
1574 2012 1616 2051 9.
1653 2017 1693 2048 et
1711 2010 1790 2049 Ae-

334 2069 428 2105 lian.
449 2067 539 2104 Var.
563 2067 664 2105 Hist.
687 2067 728 2104 L.
751 2066 843 2103 XlI.
868 2067 909 2105 7.
936 2066 1071 2103 Wssss.

451 2125 555 2165 171.
593 2125 665 2164 53.
701 2117 1019 2174 Ἐξαιτήσοντιις
1040 2121 1125 2159 τῶν
1147 2116 1337 2174 ῥητόρων
1358 2118 1487 2174 δέκα]
1531 2121 1731 2161 Oratores
1751 2127 1794 2160 et

337 2180 474 2227 daces,
503 2193 666 2230 quorum
692 2180 845 2226 fiducia
868 2179 985 2215 toties
1006 2177 1208 2225 rebellent,
1241 2179 1378 2215 melius
1401 2178 1585 2226 lustinus,
1613 2181 1695 2216 sive
1717 2177 1791 2231 ὁή-

334 2234 576 2288 μαγωγοὺς,
600 2237 658 2273 uti
674 2233 927 2272 Plutarchus:
965 2245 1128 2281 namque
1149 2236 1253 2270 inter
1278 2247 1343 2271 eos
1361 2232 1550 2271 Rhetores
1576 2240 1686 2271 erant
1707 2233 1791 2272 De-

335 2292 575 2339 mosthenes,
608 2292 809 2342 Lycurgus
842 2296 880 2328 et
907 2288 1146 2339 Hyperides,
1174 2292 1292 2327 ceteri
1323 2303 1367 2328 eo
1390 2293 1545 2328 nomine
1573 2293 1643 2328 vix
1668 2290 1791 2340 digni.

335 2347 478 2385 Decem
500 2354 627 2385 autem
652 2348 727 2384 sibi
754 2346 842 2384 dedi
859 2345 1120 2382 Alexandrum
1143 2347 1370 2394 postulasse,
1403 2346 1630 2384 Idomeneus
1653 2353 1690 2383 et
1709 2345 1792 2383 Du-
1835 2363 1838 2366 ⁴

335 2405 391 2443 ris
406 2404 675 2441 adsentiuntur
686 2402 860 2440 Diodoro
881 2401 978 2452 apud
992 2400 1092 2438 Plut.
1105 2400 1355 2439 Demosthen.
1372 2416 1408 2452 p.
1423 2404 1527 2443 856.
1539 2401 1601 2449 D.,
1620 2404 1792 2451 plerique

339 2468 470 2498 tamen
491 2467 528 2497 et
547 2461 812 2508 probatissimi
831 2461 1036 2506 scriptores
1059 2470 1137 2494 non
1151 2460 1254 2495 ultra
1276 2465 1364 2495 octo
1376 2459 1645 2508 procedebant,
1659 2459 1792 2497 eodem

339 2515 930 2556 auctoreC011f.Maussac.ad
950 2513 1216 2564 Harpocratio
1210 2527 1246 2551 1.
1271 2517 1314 2551 in
1329 2512 1628 2582 ἸΑν-ῐίπατρος.
1649 2513 1792 2552 VVEss.

458 2574 537 2613 17
525 2583 560 2612 l.
600 2572 674 2612 65.
718 2566 1012 2622 Μιμησασθαι
1053 2567 1130 2615 τὰς
1166 2567 1271 2609 Λεω
1309 2566 1437 2623 κόρας
1473 2585 1542 2609 και
1582 2567 1656 2617 τὰς
1686 2566 1792 2608 ‘Ya-

343 2627 565 2681 κινθίὸας]
613 2627 672 2665 De
702 2627 883 2664 Leocoris
914 2627 1070 2663 consule
1100 2625 1261 2664 Sumam
1290 2629 1330 2663 in
1357 2622 1616 2678 Λεωκόριον.
1655 2625 1792 2663 Rflon.

338 2683 427 2723 Dis‘.
422 2687 517 2723 raxi
558 2697 692 2721 vocem
733 2677 994 2734 Λεωκὸοας,
1043 2689 1088 2718 ut
1131 2682 1231 2730 apud
1270 2681 1519 2720 Demosthen.
1571 2682 1679 2719 Orat.
1716 2683 1792 2720 Pa-

337 2749 435 2778 rent.
474 2754 510 2791 p.
555 2741 660 2781 749.
713 2734 885 2805 Ἠκηκόε
891 2752 968 2777 σαν
1012 2737 1242 2778 Λεοντιὸαι
1291 2736 1663 2805 μυθολογουμένας
1716 2735 1793 2784 τὰς

339 2796 473 2837 AER
510 2794 735 2844 KOPAE,
802 2789 859 2841 ὡς
902 2789 1032 2840 αὐτὰς
1069 2791 1220 2835 ἔδοσαν
1257 2790 1433 2848 σφάγιον
1479 2798 1565 2841 τοῖς
1605 2792 1792 2841 πολίταις
