1891 3310
331 203 396 244 IN
423 203 538 244 LIB.
569 201 757 244 leu.
785 201 912 249 CAP.
936 203 1167 247 42-44.
1392 206 1484 248 251

29 321 146 358 alicui
163 318 307 371 arguit.
330 311 476 355 Rflou.
498 313 708 354 Consulum
727 316 887 356 nomino
905 322 1008 354 recte
1029 328 1052 356 o
1071 315 1160 355 viro
1178 313 1401 355 doctissimo
1425 317 1492 354 in-

7 377 194 414 'staurari
230 375 364 413 Livius
399 373 608 410 testabitur
640 371 682 409 L.
706 371 775 410 IX.
806 375 846 415 7.
900 371 1043 409 Deesse
1066 383 1215 420 quoque
1236 373 1327 409 bina
1348 385 1489 410 consu-

29 433 107 478 lum
129 434 236 481 paria
257 437 295 468 et
325 429 419 467 duos
439 429 591 466 Atticae
615 430 783 466 civitatis
817 427 1035 466 Archontes
1065 427 1154 465 huic
1181 428 1306 475 libro,
1333 441 1396 465 res
1428 434 1489 467 est

29 488 336 539 exploratissima
364 487 483 533 ipsius
512 484 680 521 Diodori
710 485 958 533 testimonio,
988 494 1047 521 vn
1071 497 1110 521 se
1143 496 1332 521 annorum
1360 490 1490 535 gestas

27 557 91 582 res
112 543 183 581 hoc
205 544 302 581 libro
320 543 441 579 fuisse
455 542 686 589 conplexum
705 544 877 578 notantis
897 553 978 589 cap.
1003 543 1042 581 l.
1065 540 1108 577 ld
1129 541 1170 576 in
1190 539 1490 591 ambiguo,defi-

28 602 184 639 ciantne
203 607 290 636 ante
306 596 594 645 Apollodorum,
607 609 656 633 an
678 604 765 644 post
784 599 866 634 cius
888 599 1156 648 magistratum
1181 609 1264 645 cap.
1281 598 1352 636 58.
1377 595 1490 634 huius

29 657 132 694 libri.
174 656 375 693 Posterius
407 654 450 689 in
470 660 636 690 mentem
656 655 767 690 venit
796 653 1009 700 Palmerio,
1033 659 1077 690 ut
1111 653 1168 690 ibi
1187 653 1362 699 videbis,
1381 653 1490 702 prius

29 717 182 762 praeter
209 709 532 747 Rhodomannum
559 708 662 745 hunc
691 711 733 746 in
763 709 918 747 modum
946 709 1141 746 adstruxit
1169 708 1220 745 H.
1243 707 1490 745 Dodwenus:

39 769 108 809 l'el
125 768 215 806 hinc
233 767 502 816 intelligimus,
525 778 747 816 supremum
767 767 988 817 superioris
1007 765 1101 803 libri
1118 764 1359 802 Archontem
1380 760 1493 815 (qui-

33 837 184 876 cunque
207 825 355 862 demum
387 825 422 859 is
438 821 598 873 fuerit)
628 822 684 859 ad
712 835 856 859 annum
889 821 1042 873 Olymp.
1070 833 1171 859 CXV.
1208 823 1249 861 3.
1292 827 1492 873 spectare,

27 894 105 935 pro
127 887 253 918 mente
272 878 456 916 Diodori.
486 877 543 915 Et
558 879 685 916 locum
705 879 806 916 adeo
827 879 934 915 illum
959 891 1042 915 esse
1061 878 1277 930 Archippi,
1300 879 1344 915 ni
1362 878 1496 916 desint

33 941 73 976 in
95 938 183 986 fine
213 936 308 974 libri
341 933 516 973 XVIII.
543 935 619 973 duo
653 934 898 987 Archontos‚·
938 947 1014 972 non
1043 942 1177 972 autem
1208 934 1340 983 illum,
1379 946 1493 986 quem

29 996 152 1043 fingit
168 992 393 1038 Meursius,
427 990 583 1042 Olymp.
606 1002 706 1029 CXV.
738 993 773 1031 l.
808 997 1030 1042 praeeunte
1064 991 1361 1030 Rhodomanno.
1393 988 1494 1027 Nul-

32 1051 109 1098 lum
129 1062 226 1087 sane
253 1047 452 1099 Archippo
483 1049 670 1096 adiungit
694 1046 898 1086 Diodorus
925 1047 1245 1098 olympionicen,
1271 1053 1345 1083 aut
1359 1059 1494 1084 nume-

31 1120 118 1154 rum
145 1105 413 1156 Olympiadis,
447 1106 552 1155 quod
572 1111 702 1142 tamen
723 1105 786 1142 illi
803 1105 986 1141 sollemne
1008 1110 1069 1140 est
1091 1105 1131 1140 in
1150 1105 1266 1140 annis
1289 1102 1494 1154 Olympia-

33 1165 122 1203 dum
138 1164 293 1214 primis.
329 1160 482 1198 Nexum
504 1168 750 1211 praeterea,
770 1174 851 1212 pro
881 1167 1009 1197 mente
1030 1159 1225 1206 Diodori,
1258 1160 1401 1197 docent
1419 1158 1495 1196 ad-

33 1221 161 1267 iuncti
192 1217 392 1268 Archippo
415 1223 456 1255 et
473 1216 695 1266 Demogeni
721 1217 988 1256 Archontibus
1007 1217 1182 1255 Romani
1207 1215 1328 1264 Coss„
1363 1217 1432 1266 qui
1452 1227 1496 1252 so

33 1278 202 1315 invicem
215 1276 402 1326 proxime
425 1275 633 1325 excipiunt
652 1275 692 1311 in
711 1273 850 1311 Fastis
869 1274 1073 1314 Romanis.
1123 1272 1274 1310 Similis
1294 1277 1355 1309 est
1371 1283 1496 1310 nexus

39 1333 161 1377 Coss,
173 1343 269 1383 quos
286 1343 371 1367 cum
389 1329 584 1368 Archonte
598 1330 836 1381 Apollodoro
857 1331 1067 1368 committit
1077 1328 1294 1366 Diodorus.
1322 1327 1498 1366 Proinde

33 1390 316 1438 magistratum
338 1389 467 1425 tenuit
484 1387 752 1438 Apollodorus
779 1386 932 1438 Olymp.
952 1397 1052 1424 CXV.
1073 1387 1116 1426 2.
1149 1397 1231 1436 pro
1268 1383 1497 1435 hypothesi-

35 1446 105 1484 bus
124 1445 295 1483 eiusdem
314 1442 498 1481 Diodori.
542 1442 639 1480 Tum
662 1445 811 1481 demum
831 1444 973 1481 desunt
1001 1444 1041 1480 in
1064 1441 1203 1479 Fastis
1221 1439 1397 1478 Diodori
1419 1441 1496 1478 cluo

37 1502 237 1541 consulum
261 1501 399 1551 paria.
437 1499 529 1536 Hoc
550 1501 652 1537 enim
680 1502 851 1551 spatium
873 1506 935 1537 ost
961 1501 1068 1537 inter
1090 1495 1371 1550 (praeturam)
1401 1496 1499 1534 Phi.

37 1559 151 1597 loclis
171 1563 212 1594 et
238 1556 485 1608 Apollodori.
536 1555 619 1593 Hic
648 1557 784 1608 itaque
805 1557 1021 1594 statuenda
1056 1561 1119 1593 est
1141 1553 1315 1592 Diodori
1337 1555 1499 1602 lacuna,

37 1616 85 1654 ut
113 1616 242 1652 desint
266 1613 374 1665 apud
401 1612 511 1650 illum
535 1612 757 1650 Archontes
781 1612 933 1664 Olymp.
957 1623 1055 1650 CXV.
1083 1613 1120 1651 l.
1149 1617 1190 1648 et
1210 1621 1331 1649 cxw.
1348 1610 1393 1650 4.
1445 1608 1504 1647 Ee

37 1677 148 1710 recte
182 1671 281 1708 adeo
309 1667 462 1720 Olymp.
488 1680 608 1706 CXW.
629 1670 669 1708 3.
706 1670 856 1707 tenebit
875 1668 1035 1706 Archon
1063 1667 1260 1705 Philocles
1275 1679 1352 1717 pro
1376 1665 1501 1717 hypo-

41 1727 212 1767 thesibus
231 1725 415 1763 Diodori.
457 1724 526 1763 Sic
547 1738 643 1775 ergo
665 1725 908 1773 Archontes,
936 1727 974 1762 si
1000 1725 1056 1762 ad
1071 1735 1196 1761 annos
1223 1721 1500 1774 olympiadum

39 1784 406 1828 accommodentur,
435 1794 511 1818 non
534 1783 772 1820 incommode
792 1795 855 1830 se,
883 1788 929 1820 ut
944 1783 1098 1835 opinor,
1116 1779 1332 1828 habebunt,
1358 1780 1501 1822 saltem

35 1854 114 1893 pro
138 1840 336 1879 sententia
356 1835 542 1876 Diodori.

211 1895 365 1945 Olymp.
479 1892 709 1932 Archontes.
821 1893 978 1944 Olymp.
1090 1891 1320 1931 Archontes.

211 1962 333 1989 cle.
358 1950 400 1989 3.
484 1949 694 1989 Philocles.
824 1961 925 1990 cxv.
946 1952 991 1991 2.
1092 1949 1370 2000 Apollodorus.

211 2019 331 2046 CXIV·
353 2007 396 2046 4-
827 2018 928 2047 CXV.
950 2007 994 2047 3.
1095 2005 1333 2057 Archippus.

211 2075 311 2103 (JXV.
337 2064 378 2102 l.
461 2096 465 2101 .
827 2074 930 2103 CXV.
952 2063 996 2103 4.
1098 2061 1354 2111 Demogenes.

45 2119 159 2159 Idem
187 2121 410 2170 colligimus
434 2131 454 2156 e
473 2115 663 2169 Dionysii
689 2116 1002 2158 Halicarnassei
1024 2116 1234 2156 Dinarcho
1269 2113 1337 2169 (p.
1364 2111 1505 2168 116.)

46 2177 113 2215 Ibi
128 2176 233 2214 hanc
251 2176 437 2214 habemus
459 2175 701 2214 Archontum
721 2177 900 2225 seriem,
914 2175 1134 2225 Philocles,
1165 2173 1401 2223 Archippus,
1427 2171 1508 2209 Ne-

48 2233 252 2280 aechmus,
289 2231 569 2280 Apollodorus,
592 2231 838 2281 Archippus,
874 2232 1130 2283 Demogenes.
1178 2231 1288 2268 Hinc
1319 2233 1507 2281 apparet,
1539 2260 1541 2262 .

49 2292 211 2327 omissos
231 2292 270 2327 in
295 2287 476 2326 Diodoro
496 2288 718 2326 Archontes
738 2290 817 2327 illis
840 2291 957 2342 ipsis,
981 2301 1078 2340 quos
1103 2289 1299 2332 diximus,
1330 2287 1428 2323 locis
1447 2285 1509 2321 in-

47 2347 248 2384 serendos.
274 2343 344 2383 Sic
364 2347 472 2383 veris
498 2344 774 2397 Olympiadum
797 2348 913 2384 annis
934 2344 1247 2396 assignabuntur
1268 2355 1333 2380 res
1356 2356 1382 2379 a
1403 2340 1511 2378 Dio-

52 2404 149 2441 doro
169 2402 236 2439 sub
268 2401 331 2439 his
350 2400 616 2440 Archontibus
647 2409 860 2440 narratae.
900 2401 984 2439 Nec
1007 2403 1130 2440 aliter
1163 2399 1377 2444 constabit,
1407 2395 1516 2448 quod

53 2461 117 2497 ait
134 2457 356 2504 Diodorus,
385 2458 570 2495 decennio
584 2460 753 2509 patriae
767 2457 1024 2510 praefuisse,
1053 2471 1140 2497 cum
1162 2459 1398 2501 eiiceretur,
1426 2452 1512 2489 De-

53 2517 235 2553 metrium
256 2513 506 2552 Phalereum.
542 2513 699 2564 Fugam
721 2514 923 2552 Demetrii
954 2514 1146 2553 Phalerei
1170 2513 1323 2563 Olymp.
1350 2518 1512 2550 CXVII!-

55 2579 206 2610 nnrrat
231 2573 314 2623 ipse
345 2569 559 2609 Diodorus.
611 2570 759 2622 Itaque
787 2583 946 2609 necesse
972 2578 1055 2619 est,
1094 2578 1141 2609 ut
1175 2569 1325 2619 Olymp.
1350 2577 1449 2605 ch.
1469 2565 1513 2604 3.

52 2628 208 2676 fuerit,
239 2628 294 2665 ad
313 2629 534 2674 minimum,
558 2639 632 2677 quo
652 2629 708 2665 ad
726 2628 858 2665 urbem
878 2627 1156 2666 Atheniensem
1175 2626 1345 2671 venerit,
1369 2622 1514 2659 Deme-

60 2687 255 2735 triumque
287 2682 523 2721 Phalereum
543 2683 806 2735 praefecerit
833 2684 1071 2722 Cassander.
1113 2683 1232 2722 Illius
1261 2686 1392 2718 autem
1417 2674 1516 2715 anni

61 2742 300 2779 Archontem
334 2739 487 2792 Olymp.
523 2749 644 2778 cxm.
686 2742 722 2781 l.
761 2741 941 2778 tribuunt
970 2740 1277 2779 Rhodomunnus
1310 2741 1351 2773 et
1375 2734 1513 2772 Meur-

62 2800 167 2845 sius,
196 2797 300 2847 quod
317 2796 471 2844 facere
494 2803 625 2834 tamen
650 2807 698 2834 ne
723 2798 877 2848 quidem
897 2799 1036 2850 potuit
1051 2797 1267 2835 Diodorus.
1316 2791 1517 2830 Hactenus

69 2856 133 2891 ille
159 2853 206 2890 nd
226 2852 391 2895 Dissert,
417 2849 462 2890 V.
485 2850 530 2889 de
550 2851 680 2902 cyclis
702 2865 739 2902 p.
763 2855 868 2894 805.
909 2854 1029 2899 Quae,
1048 2855 1081 2891 si
1102 2849 1370 2889 Rhodomanni
1388 2860 1519 2896 repre·
