1875 3310
370 217 659 250 OECONOMIA
695 215 967 249 msvonmss
1002 216 1229 252 D10DOR1.
1414 225 1530 258 cmx

73 323 170 359 quae
194 317 306 359 gesta
329 313 469 360 ubique
495 314 591 356 sint,
632 312 851 358 singulatim
875 312 1097 359 perlustrat.
1139 317 1178 360 2)
1212 315 1341 353 Altera
1367 329 1534 365 persona

74 376 133 405 est
153 370 428 416 chronographi
454 375 494 405 et
517 371 653 405 indicis
679 371 822 415 potius,
856 381 967 417 quam
993 369 1175 406 historici.
1226 375 1297 408 Ubi
1315 387 1377 410 res
1395 383 1532 422 gestae

72 438 288 462 communes
316 434 355 463 et
377 429 454 463 late
472 432 647 472 patentes
664 428 869 472 principem
892 429 1018 472 operis
1039 428 1208 464 historici
1225 431 1348 466 locum
1375 444 1533 479 occupa-

71 490 170 526 runt,
197 484 254 519 his
272 486 396 520 obiter
412 486 643 519 adiiciuntur
660 495 705 518 ac
724 495 791 529 per
808 495 990 520 annorum
1010 486 1212 521 intervalla
1230 489 1450 525 inseruntur
1466 502 1531 526 res

71 542 300 586 singulares,
337 544 503 577 virorum
530 542 684 586 ingenio
714 542 939 588 scriptisque
967 543 1172 578 celebrium
1198 547 1428 588 memoriae,
1473 559 1534 583 ca-

71 609 135 632 sus
159 600 423 635 memorabiles
450 600 643 633 civitatum
677 600 884 641 minorum,
918 610 1013 645 quae
1029 610 1052 634 a
1067 605 1278 646 systemate
1298 605 1533 647 reliquorum

68 656 290 700 populorum
319 662 521 703 separatae
550 661 781 692 manserant.
829 656 924 692 Illae
949 659 1100 703 quidem
1125 665 1236 694 erant
1259 658 1431 694 historiae
1453 661 1533 706 pri,

70 713 225 756 mariae,
252 714 323 749 hae
350 725 443 749 vero
468 712 616 749 notitiae
638 711 829 746 historicae
853 714 1088 748 secundariae
1111 727 1156 750 ac
1173 716 1356 752 historiae
1375 718 1532 753 catholi-

70 779 136 803 cae
154 771 273 804 veluti
294 773 308 792 ²
336 782 512 817 parerga.
553 771 597 804 In
615 768 674 803 his
693 772 965 814 posterioribus
983 772 1175 808 Diodorus
1195 775 1250 808 ita
1266 781 1440 809 versatus
1460 781 1533 818 est,

69 831 112 859 ut
131 828 191 861 vel
211 829 328 863 verbo
344 840 406 863 res
425 833 577 862 notaret
591 828 737 872 potius,
761 838 872 872 quam
890 831 1041 874 copiose
1061 831 1315 875 describeret,
1346 834 1445 867 sicut
1463 834 1532 875 lib,

70 882 154 926 XV,
178 895 257 930 cap.
276 888 318 923 81
339 891 434 919 extr.
467 885 618 927 xvm,
643 895 722 929 cap.
742 888 785 922 13
803 890 901 919 extr.
914 887 997 930 vel,
1031 889 1173 921 omissa
1195 888 1343 934 reliqua
1360 889 1533 935 historia,

71 951 144 974 non
164 943 234 975 nisi
250 942 464 987 fragmenta
482 942 671 983 adferret,
695 940 789 975 haec
803 946 930 976 tamen
952 944 1035 987 ipsa
1055 943 1209 978 uberius
1229 947 1457 991 explicaret,
1489 953 1534 982 ut

70 995 135 1032 lib.
152 998 242 1041 XX,
269 1009 300 1036 c.
318 1002 480 1042 22—26,
516 1009 589 1045 quo
618 998 700 1033 loco
727 998 908 1032 historiae
941 1000 1101 1044 Bospori
1129 1003 1320 1036 Cimmerii
1344 1005 1532 1049 particula

71 1053 283 1090 exhibetur.
331 1056 558 1090 Huiusmodi
577 1057 722 1090 notitiis
741 1056 978 1091 brevioribus
998 1058 1220 1103 plerumque
1251 1064 1445 1094 extremus
1466 1072 1534 1096 cu-

71 1113 189 1144 iusvis
216 1113 304 1145 anni
329 1113 434 1147 locus
459 1115 678 1157 assignatus
699 1118 774 1156 est,
806 1114 890 1156 ubi,
916 1114 1135 1158 appendicis
1152 1115 1256 1158 loco,
1281 1127 1414 1162 regum
1441 1119 1534 1152 alia-

69 1179 152 1202 rum
176 1174 382 1212 terrarum,
415 1181 511 1216 quae
530 1171 635 1213 parvi
660 1172 842 1204 momenti
868 1172 990 1205 instar
1007 1171 1055 1204 ad
1073 1176 1243 1215 systema
1258 1175 1451 1217 politicum
1469 1174 1533 1210 ha-

68 1224 223 1266 berent,
249 1226 373 1261 obitus
390 1234 428 1261 et
442 1227 722 1269 successiones,
754 1228 905 1274 aliaque
923 1228 1186 1262 memorabilia
1202 1231 1332 1274 paucis
1351 1234 1533 1265 nuntian-

71 1287 153 1325 tur,
185 1289 227 1317 ut
248 1284 313 1319 lib.
332 1284 422 1328 XV,
453 1296 483 1319 c.
499 1287 544 1320 52
567 1289 662 1319 extr.
687 1288 732 1322 88
755 1290 852 1321 extr.
875 1295 1142 1330 nonnunquam
1171 1286 1269 1321 adeo
1296 1289 1413 1322 totius
1442 1289 1534 1323 anui

69 1347 331 1386 argumentum
351 1343 542 1376 annotatis
562 1332 856 1387 chronologicis,
889 1352 909 1376 e
927 1343 1164 1378 diversorum
1188 1353 1392 1388 regnorum
1415 1349 1454 1378 et
1472 1355 1532 1379 re-

69 1400 389 1445 rumpublicarum
403 1399 564 1435 historia
586 1400 789 1446 decerptis,
811 1402 973 1435 constat.
1014 1401 1202 1446 Exempla
1217 1400 1337 1437 habes
1352 1401 1534 1447 lib.XVI,

70 1568 156 1602 baec
180 1569 215 1602 in
241 1569 410 1614 Hispania
432 1577 619 1613 geruntur,
650 1569 781 1603 Petelia
811 1570 849 1603 in
874 1570 1038 1612 Bruttiis,
1076 1571 1211 1614 aliquot
1234 1578 1313 1615 post
1337 1572 1534 1613 mensibus,

72 1627 177 1658 quam
203 1625 323 1659 coepta
346 1617 543 1660 oppugnari
567 1624 657 1657 erat,
689 1618 731 1649 ab
757 1618 979 1657 Himilcone,
1010 1620 1185 1661 praesecto
1209 1618 1442 1659 Hannibalis,
1471 1630 1535 1650 ex-

71 1671 222 1705 pugnata
241 1671 310 1703 est,
336 1674 365 1697 e.
383 1665 438 1697 30.
459 1663 561 1699 —fEt
578 1663 614 1694 in
629 1663 791 1695 Sardinia
808 1674 862 1694 res
879 1675 942 1706 per
957 1665 999 1695 Τ.
1011 1665 1203 1704 Manlium,
1230 1672 1443 1707 praetorem,
1467 1665 1535 1696 ad-

70 1709 263 1739 ministrari
282 1716 444 1751 coeptae,
471 1720 559 1750 quae
577 1709 727 1740 omissae
746 1717 843 1740 erant
862 1718 926 1741 etc.
951 1721 979 1741 c.
991 1709 1047 1744 40.
1065 1727 1113 1735 ——-
1137 1711 1204 1742 Per
1221 1710 1317 1741 idem
1334 1718 1470 1752 tempus
1488 1711 1531 1745 T.

72 1755 243 1785 Otacilius
270 1755 523 1796 quinquaginta
550 1756 691 1786 navium
717 1755 759 1786 ab
777 1755 944 1797 Lilybaeo
969 1756 1076 1787 classe
1094 1757 1130 1788 in
1145 1757 1303 1789 Africam
1321 1764 1533 1788 transvectus

71 1799 371 1843 depopulatusque
386 1812 510 1842 agrum
529 1800 855 1843 Carthaginiensem
875 1810 940 1832 etc.
967 1812 995 1832 c.
1011 1802 1069 1836 41.

167 1860 185 1892 1
217 1858 473 1899 Aigumentum
492 1859 608 1898 operis
623 1860 852 1901 praecipuum
872 1866 904 1890 et
919 1857 1144 1901 plincipalc’
1136 1869 1158 1892 ι,
1179 1869 1210 1890 e.
1231 1856 1414 1890 historiam
1434 1868 1535 1889 com-

71 1914 219 1935 :munem
245 1903 474 1944 grandiorum
498 1914 689 1945 regnorum
711 1913 833 1936 etr-:eu
826 1916 910 1947 .1np.
930 1904 1107 1936 Diodorus
1124 1904 1267 1946 proprio
1288 1904 1393 1935 verbo
1411 1905 1536 1947 appel—-

73 1951 122 1981 lat
137 1961 199 1990 τνν
215 1950 289 1991 ἐπες
292 1949 415 1991 γελίαν
431 1948 498 1981 τῶν
514 1948 724 1993 γεγονότων·
748 1949 1054 1992 quemadmodum
1069 1951 1212 1981 altexam
1232 1962 1292 2002 par
1295 1958 1366 1981 tem
1384 1961 1532 1991 eamque

72 1972 345 2026 secuiidariam'
338 2006 360 2025 1.
378 2006 407 2025 e.
431 2003 593 2027 annotata
611 1996 672 2027 clu
676 1997 859 2037 onolofrica
878 2004 911 2027 et
925 1995 1182 2037 fragmentaiia,
1207 1995 1270 2031 τὰς
1286 1999 1456 2037 συνεχεῖς
1448 2007 1536 2040 πρα-

73 2043 146 2078 Suc.
195 2040 277 2075 Vid
297 2040 360 2074 lib.
371 2038 448 2079 XX,
467 2052 495 2076 c.
513 2042 557 2076 21
584 2050 669 2074 extr.
711 2041 854 2074 Constat
868 2042 981 2082 euim,
1015 2042 1161 2074 verbum
1176 2042 1398 2084 ἐπαγγελίαν,
1436 2053 1535 2083 prae-

75 2095 126 2119 ter
148 2087 232 2123 alia,
275 2087 381 2117 emm
397 2089 633 2130 propositum
651 2087 888 2131 primarium,
932 2088 1069 2130 idque'
1062 2100 1097 2119 in
1123 2099 1201 2118 suas
1226 2095 1339 2140 pantes
1370 2086 1534 2128 divisum,

75 2144 166 2177 opus
178 2132 400 2176 promissum
419 2139 457 2164 et
476 2134 759 2175 annuntiatum,
784 2134 1000 2175 significare,
1038 2144 1143 2175 quain
1164 2136 1258 2164 vocis
1276 2134 1348 2164 vim
1375 2133 1534 2165 illustra-

72 2181 122 2210 vit
136 2177 256 2220 Steph.
277 2179 312 2209 in
331 2177 436 2213 'lhes
450 2178 554 2213 Tem.
567 2179 594 2218 l,
613 2191 647 2222 p.
658 2181 702 2213 20
719 2191 771 2220 sq
790 2187 823 2211 et
840 2179 903 2210 sub
921 2191 1004 2211 voce
1020 2175 1282 2223 ποοκατασκευὴ
1299 2179 1404 2213 Tom.
1416 2179 1476 2216 lll,
1496 2189 1532 2230 p.

75 2225 155 2264 821,
179 2234 284 2265 quam
300 2235 532 2279 synonymam
552 2234 625 2255 esse
642 2226 775 2256 asserit.
821 2224 920 2256 Alibi
941 2225 1067 2256 codem
1085 2237 1188 2256 sensu
1206 2226 1272 2256 alia
1291 2225 1440 2255 formula
1461 2225 1536 2255 uti—

76 2278 152 2303 tur:
193 2267 281 2300 κατὰ
300 2281 361 2311 την
380 2271 414 2301 ἐν
433 2268 531 2314 ἀρχῆ
535 2271 594 2312 τῆς
609 2272 733 2313 βίῖλου
748 2268 937 2315 πρόθεσιν,
968 2271 1029 2302 lib.
1046 2271 1110 2303 XV
1115 2271 1167 2311 ll,
1190 2282 1218 2301 c.
1238 2271 1302 2306 118
1326 2278 1411 2304 extr.
1448 2265 1536 2302 vnd—

74 2318 178 2347 θεσιι
197 2313 369 2356 latonam-v
387 2326 526 2357 quoque
545 2318 700 2358 appellat
716 2317 778 2348 lib.
788 2318 816 2356 l,
838 2328 911 2371 cap.
931 2318 965 2351 3.
1010 2316 1116 2359 Quod
1135 2294 1250 2348 aiitem
1265 2324 1400 2358 partem
1417 2316 1533 2358 opeiis

75 2361 320 2392 secundariam
336 2362 472 2402 attinet,
498 2370 620 2393 notum
639 2370 706 2403 est,
727 2361 774 2395 τὸ
790 2364 922 2403 συνὲχὲς
940 2373 1008 2393 non
1028 2374 1168 2406 sempe]
1185 2362 1228 2393 de
1244 2374 1360 2393 lwelunl
1380 2362 1535 2404 ipsaium

75 2419 165 2437 nexu
190 2415 223 2437 et
245 2407 471 2448 cognatione,
503 2407 565 2439 sed
583 2419 686 2450 saepe
704 2408 748 2439 de
770 2415 928 2451 tempure
946 2408 1125 2448 adbiberi,
1161 2416 1197 2439 nt
1213 2407 1362 2450 proinde
1383 2409 1420 2438 αἱ
1439 2418 1535 2438 ουνε-

74 2457 144 2493 Zac,-
168 2451 302 2496 πράξεις
319 2454 390 2483 sint
415 2454 472 2484 tes
503 2463 682 2490 coaevae,
716 2465 798 2495 quas
817 2463 1023 2495 argumento
1040 2455 1208 2497 primario
1229 2454 1344 2495 operis
1361 2453 1534 2484 subiicere

76 2501 313 2531 constituerat.
359 2499 406 2530 Ut
421 2497 525 2538 haec,
549 2509 636 2540 quae
654 2498 748 2540 dixi,
779 2501 881 2541 plane
900 2501 1163 2540 confirmentur,
1190 2498 1424 2541 comparanda
1443 2505 1535 2536 sunt,

76 2556 163 2597 quae
180 2543 383 2576 Diodorus'
376 2556 412 2575 m
427 2545 611 2586 prooemio
629 2546 743 2588 operis
762 2544 825 2577 lib.
838 2544 865 2585 l,
889 2556 918 2579 c.
940 2547 1009 2579 l—
1022 2549 1054 2582 5.
1080 2546 1123 2577 de
1141 2556 1303 2577 universo
1320 2544 1435 2586 operis
1454 2555 1536 2574 sns-

76 2591 167 2634 cepti
191 2591 339 2621 consilio
362 2598 642 2633 praemonuerat
686 2591 780 2622 Nam
798 2601 879 2621 cum
904 2590 1137 2631 observasset,
1167 2592 1365 2644 plerosque
1379 2589 1537 2644 scripto-

75 2648 130 2667 res
146 2638 248 2667 unius
267 2644 399 2668 tantum
420 2636 543 2678 populi
561 2643 617 2667 aut
632 2636 735 2667 unius
752 2636 897 2668 civitatis
915 2636 1027 2676 bella,
1051 2649 1180 2680 paucos
1197 2647 1259 2671 ἰας
1276 2632 1415 2671 κοιιὰς
1406 2635 1537 2679 πράξεις

79 2682 322 2724 descripsisse,
350 2683 526 2734 protessus
542 2690 626 2736 est,
647 2693 683 2712 se
700 2682 762 2718 τὰς
780 2693 857 2714 rou
860 2693 899 2717 ας
914 2681 973 2724 ἰῗς
991 2684 1187 2725 οἶκοιμείης
1208 2680 1346 2725 πράξεις
1371 2681 1536 2722 (lib.1‚c

80 2728 131 2769 1.)
160 2728 360 2771 σύμπαντος
383 2726 513 2771 κόσμου
539 2726 674 2773 πράξεις
698 2727 806 2774 ὥσπερ
830 2726 922 2765 τινὸς
945 2728 1027 2773 mccc:
1053 2730 1181 2765 πόλεως
1208 2727 1286 2772 (lib.
1297 2727 1325 2769 Ι,
1344 2737 1371 2758 c·
1382 2724 1431 2771 3)
1459 2737 1533 2758 ⁰⁵⁵0

73 2775 361 2818 perscriptuium.
