1859 3326
288 214 380 256 366
754 206 1278 250 ANNOTATIONES

400 324 509 365 453
550 324 627 365 21
676 319 846 374 Λαβων
880 318 1037 376 ῥυτὸν]
1085 319 1173 360 Hoc
1205 320 1350 359 Suidas
1375 321 1417 361 in
1449 333 1591 376 genere
1617 333 1740 372 pocu-

288 384 343 433 li,
381 380 603 432 Hesychius
629 382 670 418 in
697 381 823 429 specie
854 379 1004 429 phialae
1032 392 1156 430 genus
1188 378 1294 416 facit.
1340 377 1479 417 Rnon
1522 379 1741 417 Praestaret

285 439 413 493 μέγα,
440 438 516 476 nisi
540 433 900 492 ῥυτὸνχωροΐητα
926 427 999 474 δυο
1023 437 1129 486 χοᾶς
1139 431 1327 485 Diphilus
1350 437 1514 474 dixisset
1538 435 1638 486 apud
1661 436 1691 472 Ε
1695 449 1741 473 ιι-

288 496 506 535 stathium
496 508 536 533 ln
557 494 669 531 Hom.
691 506 726 543 p
748 494 878 533 1286.
901 492 965 540 qui
985 497 1109 529 tamen
1131 491 1169 529 id
1192 494 1381 540 poeticum
1403 506 1484 530 esse
1507 500 1545 530 et
1565 492 1740 530 animad-

286 552 515 593 vertendum
538 551 698 588 indicat.
728 548 910 599 Figuram
931 550 1012 586 eius
1032 549 1161 598 poculi
1181 549 1363 587 describit
1381 549 1472 600 Ulpi
1477 563 1573 587 anus
1591 549 1638 587 ad
1660 548 1739 585 De-

287 608 427 648 mosth.
449 607 607 646 Midian.
629 620 664 656 p
689 605 796 646 363.
827 601 956 672 ρυτὰ,
988 607 1190 676 inquiens,
1218 601 1392 673 ἐπιμήκη
1416 602 1593 659 ποτήοια
1619 620 1741 658 κερα-

285 666 438 718 τοειὸῆ.
474 662 558 703 ἄιω
586 678 634 714 με
621 663 662 702 ἐν
693 659 736 700 εἰ
740 658 970 713 ρυνόμενα,
1006 661 1062 709 εἷς
1083 659 1155 704 ὀξὺ
1177 660 1221 702 δὲ
1241 659 1368 715 7⁷170²
1372 678 1435 702 τα
1463 676 1535 700 nec
1558 662 1741 700 dissentit

287 692 427 760 Athen.
447 721 488 758 L.
510 719 585 758 XI
607 731 644 768 p.
663 719 771 759 497.
803 718 905 769 Lege
928 716 1161 757 salmasium
1183 720 1224 756 in
1249 718 1373 756 Solin.
1394 733 1430 770 p.
1455 720 1561 760 663.
1577 719 1627 756 W
1631 730 1712 756 Ess

400 778 509 819 453.
533 778 610 816 29.
641 776 836 827 Κεοαμεῦ
859 773 927 814 καὶ
957 777 1126 827 καμιιεῦ
1149 775 1239 825 etc-J
1272 775 1451 814 Meminit
1471 776 1563 813 dicti
1580 788 1742 826 respon-

288 838 396 884 sique
419 833 643 885 Agathoclis
664 833 768 872 Plut.
789 831 1070 884 Apophthegm.
1092 846 1129 882 p.
1156 834 1260 874 156.
1286 831 1331 869 Ε.
1374 832 1468 870 Mox
1494 829 1741 886 εὐτραπελία

288 893 517 930 scurrilem·
507 903 549 928 m
568 889 731 927 iocando
750 889 1005 927 urbanitatem
1031 890 1224 938 exprimit.
1247 888 1476 927 Aristoteles
1494 889 1582 926 Eth.
1606 888 1738 941 Magn.

285 949 330 987 L.
353 949 380 986 1.
401 950 474 988 31.
503 948 663 997 optime:
698 942 945 999 εὐτραπεὶία
977 942 1021 986 ὁ
1053 945 1138 986 ἐστὶ
1170 960 1351 998 αεσοτης
1379 945 1646 997 βωμολοχίας
1669 944 1738 985 καὶ

285 1003 337 1059 ἃ)
341 1003 509 1059 ροικίας.
537 1002 621 1043 ἔστι
642 1000 686 1043 δὲ
704 1002 795 1056 πεοὶ
816 1000 868 1042 τὰ
891 999 1137 1055 σκώμματα.
1170 1024 1218 1031 -·
1249 999 1362 1041 ἔσται
1385 999 1467 1042 δὲ(
1448 1019 1468 1042 o
1492 998 1740 1056 εὗτοάηὲλος

286 1063 435 1108 ὸιττῶς
464 1063 553 1107 πῶς
575 1075 743 1128 penny&
747 1073 803 1106 ος
845 1058 913 1098 καὶ
940 1075 1019 1127 ymo
1051 1056 1070 1100 ὃ
1103 1055 1330 1110 ὸινοὶμεῑος
1363 1061 1555 1109 σκῶψαι,
1593 1058 1662 1098 καὶ
1693 1056 1740 1105 ὃς

282 1116 485 1170 υποαείνῃ
509 1131 753 1167 σκωπτομεν
757 1131 824 1165 ος,
856 1113 1113 1169 εὐτράπελος·
1150 1116 1217 1154 καὶ
1241 1112 1265 1168 ἡ
1290 1113 1534 1168 ςύτοαπεὶία
1555 1111 1742 1168 τοιαύτη.

285 1177 406 1226 Iunge
434 1173 529 1214 Dcs.
559 1173 721 1212 Hei-aldi
741 1173 949 1213 Animadv.
971 1174 1012 1211 in
1036 1172 1205 1211 Martial.
1236 1172 1330 1211 L.1
1353 1173 1445 1220 42„
1475 1174 1587 1223 plura
1609 1172 1645 1210 si
1669 1185 1740 1211 ve-

283 1235 346 1271 lis.
375 1231 511 1269 W'Ess.

398 1288 506 1328 453.
538 1287 611 1327 36.
654 1282 742 1325 Τὸν
767 1281 952 1338 ἀριθμὸν
970 1282 1291 1334 πεντακοσίους]
1321 1282 1503 1336 Tyranni
1521 1283 1594 1324 hoc
1612 1285 1755 1323 scelus

285 1346 479 1395 copiosius
499 1347 740 1394 persequitur
759 1342 942 1393 Polyaen.
969 1342 1011 1379 L.
1033 1342 1078 1379 V.
1101 1343 1142 1382 3.
1164 1342 1204 1382 3.
1234 1342 1373 1379 VVESS.

397 1401 505 1442 454.
534 1402 606 1440 71.
646 1396 757 1446 Τοὺς
783 1421 832 1427 -
855 1395 1147 1452 παρήλλαττον
1180 1396 1301 1438 οὐδὲν
1328 1396 1627 1449 ἐνοχλοῦντας]
1664 1395 1739 1437 Rei

286 1461 405 1496 series
426 1460 610 1505 scriptum
637 1457 729 1493 olim
755 1456 875 1493 fuisse
900 1453 1020 1496 οὐδὲν
1050 1454 1311 1507 ἐνοχλοῦντες
1332 1455 1556 1506 persuadet:
1583 1454 1738 1494 secutus

286 1522 324 1553 et
344 1515 382 1553 id
403 1515 597 1562 Interpres
617 1519 687 1550 est.
720 1512 770 1550 v.
774 1523 857 1552 Ess.

396 1571 504 1612 454.
530 1571 586 1609 75
638 1566 926 1623 Ἀνηρέθ·ησαν
949 1564 1037 1622 'Ay
1039 1584 1063 1607 α
1067 1569 1174 1608 9οκ7
1179 1564 1294 1621 ἕους]
1332 1564 1514 1620 Rectius,
1544 1581 1629 1607 meo
1650 1570 1737 1618 qui-

286 1623 1199 1679 demmdmio1171v’147a3022'so12c.STEPH-

396 1685 504 1724 454
529 1685 600 1724 8]-
633 1682 717 1723 Καὶ
741 1684 896 1722 nomm
918 1696 1049 1733 marg
1072 1697 1167 1729 τους
1197 1679 1229 1721 ie
1235 1696 1402 1733 οοκαυτ.
1433 1678 1591 1735 αιὸρας
1619 1679 1737 1722 κατέ-

283 1741 460 1792 κοῖτος]
493 1739 581 1777 Non
605 1748 759 1789 repeto,
795 1752 891 1788 quae
913 1740 959 1776 de
981 1742 1126 1777 inmani
1147 1739 1217 1776 hac
1237 1738 1614 1791 Carthaginiensium
1642 1741 1734 1778 reli-

284 1799 399 1848 gione
419 1800 459 1834 in
479 1797 741 1865 superioribus
761 1797 942 1835 animadv
947 1809 1030 1834 ersa
1051 1803 1152 1834 sunt.
1190 1795 1266 1833 Hic
1288 1810 1435 1834 mecum
1465 1796 1629 1834 observa
1657 1793 1734 1848 τὴν

286 1853 315 1892 ἶ
303 1869 398 1903 ἐραν
422 1869 523 1905 σκηι
529 1851 575 1905 '7¹'
605 1853 781 1904 πλησίον
811 1854 858 1892 οἱ
864 1867 942 1892 σαν
961 1855 1034 1893 mv
1055 1854 1226 1904 βωμοῦ,
1256 1855 1338 1890 sive
1362 1867 1512 1891 sacrum
1533 1855 1573 1890 in
1596 1855 1735 1890 castris

283 1911 572 1948 tabernaculum
603 1924 718 1960 prope
749 1923 831 1948 eam
856 1923 985 1958 aram,
1028 1911 1068 1947 in
1089 1923 1163 1960 qua
1183 1909 1283 1960 capti
1303 1911 1360 1948 illi
1383 1910 1523 1948 Graeci
1547 1910 1620 1947 diis
1640 1910 1735 1947 ado-

284 1967 474 2006 lebantur.
523 1966 677 2004 Monuit
706 1968 798 2004 olim
819 1966 982 2005 Servius
1007 1967 1057 2004 ad
1075 1966 1169 2004 Aen.
1191 1966 1232 2003 L.
1254 1966 1318 2003 Vl.
1341 1969 1416 2008 68.
1448 1969 1583 2005 solitos
1611 1967 1733 2005 fuisse

285 2022 626 2074 Carthaginienses
647 2024 779 2061 brevia
800 2023 958 2061 deorum
981 2025 1188 2061 simulacra
1207 2024 1246 2059 in
1267 2025 1416 2061 lecticis
1438 2031 1614 2073 portare,
1651 2024 1734 2060 for-

284 2086 385 2116 tasse
418 2088 460 2117 ut
490 2083 635 2118 circum
665 2093 779 2131 agros
811 2087 850 2117 et
875 2087 1001 2118 castra
1031 2080 1272 2118 circumferri
1302 2087 1480 2129 possent,
1519 2079 1735 2118 cuiusmodi

285 2138 447 2174 deorum
477 2136 629 2174 baiulos
669 2139 788 2175 variis
819 2136 1037 2174 Matheseos
1066 2150 1157 2174 suae
1187 2138 1284 2173 locis
1312 2133 1502 2174 Firmicus
1534 2131 1732 2173 Maternus

284 2199 481 2231 memorat.
523 2192 628 2230 Hinc
653 2206 747 2231 vero
772 2193 978 2240 discimus,
1007 2194 1158 2231 Poenos
1181 2194 1356 2241 exemplo
1378 2192 1616 2231 Phoenicum
1642 2205 1732 2229 suo-

283 2262 383 2296 rum,
413 2251 478 2299 qui
498 2246 599 2289 ναὸν
627 2245 984 2302 ζἰΐγοᾳιοροῦμειόν
1006 2249 1143 2286 honori
1162 2248 1237 2286 Dei
1256 2248 1444 2300 Agrotae,
1474 2251 1556 2288 sive
1575 2248 1732 2287 Schrad-

286 2307 376 2353 dai,
410 2308 468 2342 uti
489 2308 656 2355 explicat
675 2306 908 2353 Bochartus‚
948 2305 1294 2358 circumgestabant
1313 2306 1414 2356 apud
1435 2306 1575 2342 Euseb.
1594 2305 1731 2354 Praep-

285 2362 477 2413 Evangel.
500 2363 542 2399 L.
561 2362 589 2399 1.
613 2376 649 2412 p.
670 2363 755 2411 35„
787 2365 868 2399 suis
898 2364 938 2399 in
970 2366 1108 2400 castris
1138 2363 1427 2399 tabernaculum
1459 2361 1661 2409 habuisse,
1688 2365 1731 2400 in

285 2431 360 2468 quo
384 2431 494 2455 sacra
517 2418 685 2456 Saturno
713 2421 795 2456 sive
824 2419 1003 2457 Moleclzo
1033 2420 1230 2468 facerent,
1268 2431 1525 2468 quorsumque
1546 2415 1751 2468 respiciat*

286 2482 396 2513 vates
418 2475 583 2512 Amosus
601 2488 632 2511 c.
652 2475 787 2515 V.26.
820 2471 948 2515 0:⁸sz
966 2487 1060 2516 nizo
1083 2486 1142 2515 ΠΝ
1159 2487 1332 2524 Dobunni,
1360 2476 1397 2513 id
1421 2482 1491 2519 est,
1516 2477 1728 2525 interprete

288 2532 329 2569 S.
353 2531 550 2580 Stephano
571 2531 618 2570 A.
640 2530 684 2568 Α.
708 2545 790 2582 cap.
809 2532 895 2572 Vll.
914 2534 1002 2580 43„
1028 2531 1095 2571 καὶ
1121 2529 1213 2572 sive)
1220 2529 1338 2583 άρἐτε
1369 2530 1445 2584 τὴν
1468 2531 1506 2570 Σ
1505 2532 1733 2571 KHNHN

285 2590 361 2628 τοῦ
393 2588 642 2628 MOAOX.
678 2587 734 2624 Ut
762 2591 864 2626 enim
889 2589 1101 2627 Phoenices
1130 2596 1168 2626 et
1198 2590 1341 2635 Poeni,
1370 2590 1424 2626 ita
1446 2588 1641 2625 israelitae
1663 2588 1729 2626 isti

284 2645 494 2696 degeneres
513 2646 824 2692 tabernaculum,
852 2650 935 2683 sive
967 2643 1153 2699 ([ορητὸν
1177 2643 1301 2693 ναὸν,
1331 2645 1494 2682 Molechi
1513 2645 1728 2696 circumge—

285 2703 462 2749 stabant,
490 2701 646 2750 eiusque
676 2703 827 2739 numini
859 2705 1029 2740 victimis
1059 2702 1234 2740 humanis
1263 2703 1440 2740 litabant.
1483 2699 1579 2738 Rem
1605 2702 1725 2751 ipsam

284 2759 467 2796 viderunt
486 2760 562 2795 viri
585 2759 751 2809 egregii,
785 2757 851 2795 sed
870 2757 1057 2806 Diodori,
1094 2760 1156 2807 qui
1181 2759 1340 2796 mirifice
1362 2771 1535 2795 caussam
1555 2771 1636 2795 eam
1659 2771 1728 2808 po-

285 2822 412 2851 tuerat
433 2818 589 2861 iuvaoe,
618 2815 749 2861 obliti,
779 2814 909 2865 Camp.
933 2816 1112 2866 Vitringa
1136 2815 1228 2854 Obs.
1255 2815 1363 2852 sacr.
1400 2814 1440 2851 L.
1463 2814 1510 2850 Il.
1538 2816 1576 2854 1.
1610 2821 1647 2850 et
1674 2814 1727 2852 lo.

285 2870 502 2920 spencerus
530 2871 622 2922 Leg.
650 2871 768 2909 Hebr.
798 2871 840 2908 L.
869 2871 936 2908 111.
969 2873 1008 2912 3.
1038 2884 1074 2921 p.
1104 2874 1207 2913 805.
1237 2886 1324 2909 nam
1357 2872 1402 2908 de
1430 2870 1614 2908 aediculis
1644 2873 1727 2909 sive
