1891 3310
460 179 522 218 IN
559 179 668 217 Lm
696 178 831 219 XIX.
859 178 986 216 CAP.
1026 181 1096 220 ll.
1113 182 1250 220 *lti-
1500 186 1593 226 275

245 293 352 333 328.
378 293 452 333 71.
486 291 571 332 Καὶ
591 287 719 345 μεγά)
724 306 788 338 αις
807 289 1019 342 ἕπιβολαῖς
1037 307 1084 331 πε
1089 293 1211 344 (usta)
1216 290 1421 346 λομὲνου]
1456 294 1500 333 Si
1518 312 1591 347 με-

127 343 256 402 γᾶὶου
290 353 382 396 ταῖς
419 347 571 398 ἕηιβο)
566 354 630 395 ι·.-’ς
663 360 712 385 ex
745 347 839 399 ch.
874 361 933 398 pr.
972 350 1176 396 malueris,
1219 349 1317 386 nihil
1353 352 1587 390 reluctabar.

125 405 159 442 V
164 408 335 456 ulgatum
357 418 436 442 non
457 407 595 453 placet.
640 406 745 449 Quae
766 418 858 442 vero
880 412 1189 456 consequuntur,
1215 407 1334 455 proba
1352 414 1454 445 sunt.
1491 409 1589 479 Vide

126 462 276 501 Aelian.
304 461 407 499 Hist.
439 461 526 499 Var.
550 460 592 498 L.
619 461 725 499 XIV.
746 462 822 502 48.
856 461 994 501 IVEss,

239 519 345 559 328.
380 520 452 559 78.
482 513 834 570 Συνηθροικότων
854 517 910 564 εἷς
928 515 974 556 τὸ
999 513 1130 566 αἰῒό]
1161 517 1220 555 Ne
1240 531 1364 558 move.
1394 519 1589 589 Interpre-

122 580 184 612 tes
205 574 462 611 Alexandrini
481 574 642 613 Nehcm.
666 573 731 613 IV.
749 577 788 614 8.
823 569 1134 625 συιηχθησαν
1119 590 1229 613 anm
1234 589 1297 620 τες
1317 574 1381 613 ἐπὶ
1401 573 1445 614 τι)
1471 576 1522 615 αὖ
1529 575 1588 617 τό.

124 629 166 669 S.
194 630 317 668 Lucas
338 631 383 667 A.
417 631 463 669 A.
497 630 543 667 II.
571 617 790 682 1.,ἷ-σιῖν
774 625 952 676 άπαπτες
984 626 1265 681 ωιιοθιμαὸὸν
1294 629 1358 669 ἐπὶ
1390 630 1437 671 τὸ
1471 630 1586 674 αὑτό·

121 688 189 725 ubi
212 687 502 738 diligentissimi
489 686 702 764 vRapheffi
724 699 772 722 ex
791 685 957 737 Polybio
983 694 1093 724 notas
1116 688 1278 736 inspice.
1310 687 1443 725 VVESS.

237 744 343 784 328.
371 743 443 784 84.
482 741 746 796 Σατραπειαν
775 739 809 781 δ’
841 739 1066 795 efflemsi-717
1056 744 1129 781 71)
1114 743 1225 782 ειόνα
1248 745 1323 795 τῆς
1340 745 1407 784 ἐΠ
1412 743 1585 798 οσίὸος]

120 796 321 838 Revocavi
340 813 388 836 ex
401 798 519 836 Basil.
539 806 578 836 et
597 800 753 848 scriptis
773 801 964 836 veriorem
984 802 1227 848 scripturam.
1257 800 1463 838 Peucestae
1481 804 1586 840 enim

120 868 200 894 non
229 859 352 893 maior
386 860 534 893 'tantum
564 855 737 893 Persidis
767 868 881 905 pars,
931 855 997 892 sed
1026 858 1209 893 universa
1240 858 1417 906 parebat,
1465 866 1508 895 ut
1538 858 1582 896 L.

119 911 263 951 XVIII.
297 912 371 951 39.
413 913 600 950 traditum
628 913 723 949 fuit:
779 914 887 948 cuius
924 912 1079 960 quidem
1108 914 1386 961 praefecturam
1415 928 1501 951 cum
1534 916 1582 952 ab

117 968 342 1006 Alexandro
372 971 563 1019 acceperit
590 968 690 1019 apud
713 967 870 1007 Arrian.
896 967 996 1017 Exp.
1025 968 1137 1005 Alex.
1167 968 1210 1006 L.
1231 968 1296 1006 Vl.
1316 972 1409 1020 28„
1436 973 1584 1010 iustum

115 1026 247 1075 utique
275 1031 334 1061 est
352 1021 421 1076 ἔτη
446 1024 626 1065 πλείονα.
659 1024 798 1062 Wnss.

237 1082 343 1122 328.
372 1083 448 1122 95.
480 1080 689 1132 H07.÷',ucov
710 1079 743 1120 δ’)
770 1076 790 1120 ὃ
814 1077 1046 1128 ΠἸακεδών]
1079 1080 1159 1118 Imo
1179 1094 1273 1119 vero
1298 1078 1585 1134 Τληπόλεμος.

116 1136 204 1175 Hoc
234 1140 390 1175 nomine
427 1137 655 1176 Carmaniae
694 1138 931 1186 praefectum
970 1151 1103 1174 omnes
1136 1138 1370 1174 describunt.
1425 1139 1508 1177 vid.
1537 1140 1582 1178 L.

116 1193 266 1233 XVIII.
292 1195 365 1234 39.
393 1201 431 1232 et
450 1194 566 1232 XIX.
587 1197 664 1235 28.
704 1194 857 1231 Arrian.
878 1194 976 1243 Exp.
999 1195 1040 1231 L.
1065 1193 1130 1233 VI.
1152 1196 1228 1234 27.
1249 1202 1321 1233 etc.
1359 1195 1491 1235 wass,

232 1252 339 1291 328.
376 1252 449 1291 97.
490 1250 577 1291 Καὶ
610 1246 859 1302 Σιβύρτιος]
906 1251 1060 1298 Optime
1089 1253 1225 1300 scripti
1259 1250 1380 1287 codd.
1421 1252 1580 1299 Vitium,

116 1307 219 1358 quod
240 1308 424 1357 praefecti
457 1307 569 1345 huius
598 1321 739 1345 nomen
769 1319 881 1355 saepe
905 1307 1096 1354 foedavit,
1140 1319 1220 1344 non
1241 1308 1344 1359 fugit
1364 1311 1471 1345 viros
1493 1323 1580 1346 eru-

116 1364 218 1401 ditos
249 1364 328 1401 Ian.
356 1363 601 1402 Gebhardum
625 1365 673 1401 ad
692 1364 830 1412 Nepot.
852 1363 1014 1401 Eumen.
1035 1364 1166 1404 (2:13.
1190 1370 1229 1401 et
1251 1364 1300 1401 N.
1321 1363 1579 1403 Blancardum

117 1421 160 1458 in
185 1421 339 1458 Arrian.
370 1420 414 1460 L.
441 1420 505 1457 VI.
530 1434 565 1470 p.
586 1422 696 1462 429.
729 1420 866 1459 WVEss.

229 1477 335 1517 328.
364 1479 404 1518 6.
441 1474 510 1515 Ἐκ
532 1476 576 1516 δὲ
603 1480 678 1529 τῆς
697 1475 868 1528 Ἰνδικῆς
893 1472 1090 1528 Εὔδαμος
1110 1475 1209 1527 etc.]
1252 1472 1449 1529 Εὔδημος
1466 1477 1580 1515 huius

113 1533 206 1571 libri
227 1546 307 1582 cap.
320 1535 395 1573 44.
419 1540 458 1570 et
471 1533 678 1573 Arrian.L.
693 1533 843 1573 V1.27.
872 1532 950 1570 Sed
977 1533 1048 1569 hoe
1070 1535 1168 1571 leve.
1199 1532 1359 1570 Constat
1379 1547 1426 1570 ex
1448 1535 1583 1572 eodem

113 1589 280 1627 Arriano
311 1589 524 1627 Eudamum
561 1591 602 1627 in
624 1591 731 1627 Indis
761 1591 808 1628 ab
829 1589 1049 1627 Alexandro
1067 1591 1189 1627 fuisse
1210 1593 1399 1638 relictum,
1423 1598 1461 1627 et
1478 1592 1580 1628 Poro

113 1652 295 1697 tanquam
316 1647 513 1684 custodem
542 1647 772 1696 adpositum.
798 1647 935 1685 VVESS.

231 1704 334 1744 328-
361 1706 430 1744 ll.
450 1702 578 1751 Πεζοὶ
598 1702 674 1754 μὲν
696 1702 860 1749 πλείους
879 1704 963 1741 τῶν
982 1701 1144 1753 μυρίων
1165 1709 1203 1739 et
1213 1701 1344 1752 reliq.]
1359 1702 1581 1741 Haccbona

114 1760 148 1797 si
165 1759 333 1807 fuerint,
362 1773 470 1797 error
489 1768 547 1796 est
566 1764 607 1796 in
628 1760 892 1809 superioribus
912 1762 1094 1795 numeris.
1127 1758 1227 1796 Sede
1248 1760 1295 1796 ad
1319 1761 1507 1807 calculos,
1543 1767 1581 1797 et

112 1815 283 1866 peditum
314 1817 536 1881 ampliorem
568 1829 792 1863 numerum,
824 1818 995 1863 equitum
1028 1816 1156 1864 paullo
1186 1817 1376 1852 minorem
1400 1818 1579 1865 reperies,

113 1871 304 1920 Equidem
327 1873 410 1908 sine
431 1873 736 1909 membranarum
757 1872 942 1923 suffragio
971 1871 1071 1908 nihil
1095 1878 1242 1909 tentare
1262 1875 1447 1910 sustineo.
1485 1873 1582 1910 Vide

114 1934 244 1966 tamen
266 1929 427 1966 inferius
451 1942 530 1978 cap.
551 1931 627 1968 27.
656 1929 794 1966 NVEss.

228 1984 334 2025 329.
363 1985 437 2025 30.
459 1982 625 2025 Ἵστατο
646 1982 725 2039 2129
752 2006 801 2014 --
821 1979 970 2037 σκηνή]
999 1975 1096 2022 Vide
1116 1991 1196 2022 not.
1215 1986 1256 2022 in
1279 1984 1322 2022 L.
1345 1983 1490 2022 XVIII.
1506 1987 1579 2025 61.

113 2038 249 2078 wass.

229 2098 336 2137 329.
368 2097 441 2137 34.
471 2096 629 2150 Συνῆγε
651 2094 758 2137 καθ’
783 2092 944 2151 ημεόαν
964 2110 1056 2136 συνι
1050 2093 1204 2147 Ὁρῶν]
1234 2097 1504 2146 Adscripserat
1526 2096 1582 2134 lll.

114 2150 290 2205 Scaliger
319 2154 408 2191 libri
439 2156 500 2191 sui
533 2168 621 2191 orae
657 2169 803 2206 ovmsyc
789 2169 853 2193 ετο
895 2160 962 2191 aut
991 2154 1200 2204 συπῇὶῶε,
1243 2166 1402 2202 quorum
1439 2156 1581 2191 alteru-

114 2216 219 2247 trum
243 2217 281 2247 et
301 2224 372 2261 ego
392 2212 566 2258 mallem,
597 2212 756 2262 vulgato
779 2213 917 2260 quippe
939 2211 1210 2258 praestantius.
1243 2210 1329 2247 Non
1354 2218 1456 2246 reete
1479 2213 1580 2247 enim

115 2266 261 2304 dixeris
293 2266 503 2305 Eumenem
530 2269 570 2305 in
601 2269 776 2318 singulos
807 2267 889 2304 dies
920 2279 1006 2303 eum
1038 2279 1261 2303 consessum
1300 2270 1483 2317 coegisse.
1540 2267 1579 2303 ld

113 2323 300 2372 praesidis
330 2331 433 2370 erat,
464 2335 578 2373 quam
607 2324 835 2376 dignitatem
862 2325 1144 2374 praefectorum
1169 2326 1288 2361 ceteri
1319 2323 1467 2361 homini
1495 2337 1579 2360 meo

114 2380 321 2430 negabant.
355 2381 489 2417 Wnss.

231 2436 336 2475 329.
368 2437 441 2476 39.
476 2434 528 2476 Οἳ
547 2437 734 2487 βασιλεῖς
758 2431 1095 2486 συνετετάχεισαν
1118 2430 1308 2487 διδόναι]
1357 2434 1398 2471 ln
1427 2436 1499 2472 hoe
1516 2449 1580 2472 ac-

116 2493 286 2540 quiesco.
316 2490 583 2543 Συνέστησαν
609 2492 702 2544 Reg.
733 2495 770 2533 l.
803 2495 933 2543 glossa
957 2500 1036 2539 est,
1067 2493 1234 2540 alibique
1256 2494 1429 2528 locorum
1452 2492 1579 2528 sedem

115 2561 302 2597 occupare
331 2549 616 2586 conmodiorem
639 2556 777 2599 potest.
813 2549 924 2586 Conf.
954 2549 1053 2585 And.
1079 2548 1308 2585 Dounaeum
1328 2548 1513 2584 Praelect.
1538 2551 1578 2585 in

116 2602 366 2642 Demosthen.
393 2604 459 2642 Or.
481 2605 527 2641 de
548 2605 638 2644 Pac.
659 2619 695 2654 p.
719 2607 790 2646 14.
822 2606 958 2643 VVEss.

231 2662 336 2701 329.
371 2662 444 2701 59.
481 2658 703 2708 ”Amalec
729 2660 795 2700 καὶ
815 2660 1023 2712 Πολέμων
1044 2659 1143 2712 etc.]
1185 2659 1333 2698 Horum
1362 2660 1508 2698 cladem
1538 2668 1577 2697 et

118 2718 380 2765 captivitatem
405 2718 447 2755 L.
467 2717 612 2755 XVlil.
631 2719 707 2757 45.
737 2726 961 2766 persecutus
980 2719 1067 2754 fuit.
1095 2717 1234 2753 Wcss.

232 2774 339 2814 329.
372 2775 446 2814 65.
485 2770 688 2813 ’Ἐπεισάν
708 2789 823 2820 τινας
850 2777 933 2813 τῶν
963 2788 1053 2825 τηρ.
1081 2771 1235 2819 αὐτοὺς
1255 2772 1403 2820 λῦσαι]
1436 2771 1581 2822 Perpe-

117 2840 200 2868 ram
221 2832 416 2868 omittitur
444 2842 657 2880 pronomen
689 2833 730 2868 in
756 2829 852 2882 Reg.
884 2830 1057 2868 schedis:
1085 2842 1208 2878 neque
1238 2831 1339 2865 enim
1372 2830 1582 2866 absentiam

1211 2888 1264 2924 18
1289 2886 1309 2906 *
