1891 3310
453 214 531 243 EX
571 214 987 251 IORDANIAPP.
1029 216 1250 249 CHRo-N.
1482 220 1587 252 LVII

139 309 283 343 narium
306 313 527 352 temporum,
553 310 615 343 ubi
642 310 764 352 docet,
789 310 914 345 Thoth
941 323 1058 357 usque
1083 313 1131 347 ad
1155 315 1313 359 Augusti
1337 316 1510 350 Caesaris
1535 318 1586 351 vi-

136 368 290 400 ctoriam
316 367 362 400 de
383 369 543 401 Antonio
570 373 608 402 et
632 369 831 412 Cleopatra
855 371 1026 413 Aegypto
1050 371 1328 405 dominantibus
1352 384 1500 417 vagum,
1524 375 1586 407 al)-

135 424 223 458 inde
256 435 345 458 vero
381 427 455 459 diei
489 435 599 459 xxix.
636 428 775 459 mensis
806 428 964 470 Augusti
998 429 1148 461 affixum
1189 428 1318 465 fuisse.
1377 431 1413 463 Si
1449 433 1523 465 iam
1560 443 1584 466 a

137 492 264 515 mense
291 482 502 525 Septembri
528 484 614 515 anni
644 484 684 517 V.
709 486 746 516 C.
767 484 897 517 'stricte
918 487 1121 528 computati
1139 486 1376 520 CCCCXXX.
1398 499 1516 533 usque
1536 491 1585 524 ad

136 550 301 574 mensem
323 541 581 584 Septembrem
602 542 688 573 anni
711 541 750 574 V.
771 542 809 576 C.
825 542 953 574 itidem
973 545 1103 576 stricte
1125 546 1327 589 computati
1343 546 1585 582 DCCCCXCI.

133 603 327 642 computus
346 599 514 640 ducatur,
540 599 774 641 complentur
790 600 875 630 anni
896 598 1087 643 Philippici
1104 601 1238 635 DLXl.
1256 608 1294 636 et
1312 604 1442 647 incipit
1462 615 1585 638 curre-

134 667 173 689 re
195 667 314 689 annus
338 656 488 691 DLXII.
536 656 707 688 Eundem
734 667 925 689 numerum
944 668 1124 691 annorum
1147 658 1280 692 DLXI.
1301 659 1417 694 infert
1435 672 1583 707 quoque

134 719 327 757 computus
349 714 650 757 Olympiadicus3
687 714 731 745 ab
758 715 982 758 Olympiade
1010 717 1106 748 enim
1131 717 1284 750 ineunte
1311 717 1440 752 CXIV.
1463 730 1582 764 usque

133 772 180 804 ad
211 772 445 815 Olympiadis
467 771 626 804 CCLlV.
652 781 788 804 annum
813 773 1016 805 secundum
1045 775 1235 808 exclusive
1268 780 1355 808 sunt
1387 777 1584 821 Olympia-

133 829 199 861 des
229 831 399 873 integrae
431 828 539 863 CXL.
577 839 658 860 cum
696 835 919 862 excurrente
949 841 1022 862 uno
1057 841 1173 870 anno,
1214 843 1305 876 ergo
1337 843 1456 877 aeque
1493 835 1582 867 anni

133 885 267 918 DLXI.
296 891 334 919 et
357 897 476 919 annus
502 886 652 920 DLXll.
679 887 819 929 incipit.
866 887 963 919 Hinc
985 890 1176 932 sequitur,
1202 889 1410 923 Diodorum
1436 902 1521 924 esse
1543 892 1582 925 in

131 945 319 986 ipsissima
346 942 521 977 methodo
549 945 786 987 computandi
814 946 921 977 initia
945 946 1222 989 Olympiadum,
1252 959 1295 980 ac
1322 949 1580 991 Censorinum,

131 1007 408 1045 consequenter
433 1006 471 1035 et
498 1002 731 1042 Varronem3
774 1006 886 1046 atque
921 1004 1075 1046 proinde
1106 1004 1395 1048 Chrouologiam
1422 1005 1583 1040 Diodori

131 1059 442 1103 Olympiadifflm,
475 1060 520 1092 ab
545 1060 586 1094 V.
612 1061 650 1093 C.
675 1060 973 1094 cccxxxvffl.
1001 1062 1073 1094 iam
1101 1072 1185 1094 esse
1211 1063 1423 1106 regularem
1454 1068 1492 1096 et
1517 1074 1582 1108 sy..

131 1118 390 1158 stematicam‚
429 1128 501 1150 non
528 1121 671 1150 tantum
699 1119 736 1150 in
764 1128 825 1158 se,
869 1118 935 1150 sed
961 1123 998 1151 et
1022 1123 1196 1162 respectu
1221 1120 1480 1153 consulatuum
1508 1121 1580 1153 Ro-

130 1185 346 1215 manorum3
378 1175 447 1207 hoc
472 1176 552 1219 ipso
580 1177 692 1216 enim,
730 1175 827 1220 quod
851 1176 1079 1208 Censorinus
1104 1176 1204 1209 dieat
1222 1187 1358 1209 annum
1377 1178 1582 1212 secundum

131 1232 366 1274 Olympiadis
391 1232 546 1267 CCLlV.
575 1234 705 1266 iniisse
732 1243 754 1265 a
780 1233 911 1266 diebus
932 1233 1086 1265 aestivis
1106 1235 1194 1265 anni
1214 1234 1257 1267 V.
1274 1234 1314 1266 C.
1332 1233 1577 1271 DCCCCXCI.

130 1299 285 1322 neccsse
320 1293 395 1329 est,
441 1301 578 1323 annum
614 1292 774 1334 primum
803 1290 1039 1334 Olympiadis
1065 1291 1191 1327 CXIV,
1232 1291 1300 1323 sub
1334 1293 1438 1325 cuius
1470 1293 1577 1326 initio

130 1351 298 1379 mortuus
329 1352 387 1380 est
416 1349 650 1389 Alexander,
692 1350 821 1381 iniisse
854 1349 985 1381 diebus
1010 1350 1164 1381 aestivis
1189 1350 1276 1382 anni
1302 1350 1348 1384 V.
1372 1351 1409 1385 C.
1446 1352 1577 1384 stricte

129 1407 330 1451 computati
363 1406 599 1438 CCCCXXX.
627 1411 668 1439 ut
693 1406 882 1439 Diodorus
910 1405 1006 1438 idem
1032 1411 1180 1450 tempus
1205 1408 1335 1440 mortis
1363 1408 1578 1448 Alexandri,

128 1477 200 1498 non
229 1463 377 1508 quidem
404 1463 533 1497 addito
558 1475 655 1497 anno
682 1464 728 1497 V.
753 1465 790 1496 C.
814 1464 880 1496 sed
907 1458 1097 1506 expressis
1122 1465 1357 1507 Olympiadis
1386 1470 1424 1499 et
1448 1477 1579 1500 consu-

126 1524 224 1556 latus
249 1522 355 1554 annis
385 1520 523 1562 refert,
562 1523 624 1565 (in
650 1532 746 1556 ηιιηι.
776 1521 957 1556 CXLVII.
988 1523 1115 1566 agitur
1147 1523 1359 1557 incidenter
1394 1523 1440 1557 de
1477 1534 1576 1559 anno

126 1592 193 1626 per
218 1580 369 1613 diversa.
394 1580 501 1613 initia
527 1580 740 1614 consularia.
763 1581 1007 1624 intercepto.)

216 1681 414 1718 CXLVIII.
449 1682 567 1715 Porro
599 1683 646 1716 ad
678 1683 895 1727 Ingressum
920 1682 983 1715 lib.
1004 1681 1106 1714 XIX.
1138 1681 1329 1715 Diodorus
1358 1683 1488 1726 incipit
1512 1694 1576 1717 an-

126 1753 212 1775 num
246 1752 268 1774 a
292 1742 418 1773 lTroia
452 1745 562 1783 capta
596 1741 875 1777 DCCCLXVII.
917 1751 998 1773 cum
1038 1750 1136 1773 anno
1172 1745 1306 1783 quarto
1341 1740 1578 1784 Olympiadis

126 1800 236 1834 CXV.
284 1799 357 1831 Pro
387 1800 609 1841 magistratu
634 1798 801 1832 Romano
827 1800 998 1842 assignat
1021 1798 1204 1831 Consules
1229 1797 1273 1833 1..
1301 1796 1510 1839 Plautium,
1538 1804 1577 1833 et

125 1858 175 1891 M.
202 1857 396 1897 Fulvium,
439 1857 526 1900 (qui
561 1857 646 1888 aliis
677 1857 804 1889 Fastis
838 1857 987 1890 Foslius
1018 1859 1212 1898 vocatur.)
1258 1856 1383 1888 Annus
1420 1861 1575 1902 quartus

124 1914 359 1958 Olympiadis
385 1913 494 1948 CXV.
521 1924 567 1946 ex
601 1913 792 1948 schemate
826 1913 1014 1947 Sectionis
1044 1914 1182 1946 tertiae
1217 1916 1276 1946 est
1307 1923 1426 1947 annus
1465 1915 1507 1950 V.
1536 1917 1576 1950 C.

123 1973 160 2005 in
187 1972 272 2005 laxo
298 1976 471 2015 computu
496 1973 615 2016 primo
640 1971 952 2012 ccccxxxvi„
980 1975 1018 2004 et
1039 1972 1072 2003 ei
1092 1970 1296 2004 secundum
1319 1970 1467 2004 Livium
1487 1982 1571 2005 con-

121 2030 278 2062 veniunt
304 2028 478 2061 consules
505 2039 527 2061 a
552 2028 719 2063 Diodoro
746 2030 942 2073 assignati.
993 2028 1098 2061 Idem
1125 2038 1245 2061 annus
1271 2030 1384 2062 etiam
1412 2030 1576 2063 resultat

123 2098 169 2121 ex
201 2088 311 2119 annis
344 2087 484 2119 Troiae
515 2087 792 2121 DCCCLXVII.
828 2087 886 2120 his
916 2087 1015 2120 enim
1049 2084 1284 2119 detrahendo
1318 2086 1574 2120 CCCCXXXI.

122 2156 241 2178 annos
276 2144 380 2178 urbis
415 2145 603 2178 conditum
640 2155 911 2189 praegressos,
965 2143 1091 2187 prodit
1124 2153 1245 2176 annus
1278 2143 1572 2180 CCCCXXXVI.

119 2204 173 2237 Ad
207 2203 423 2246 ingressum
458 2203 543 2236 libri
574 2203 655 2237 XX.
688 2203 879 2237 Diodorus
911 2203 1044 2246 incipit
1073 2211 1212 2234 annum
1248 2211 1271 2233 a
1304 2201 1422 2234 Troia
1465 2206 1575 2247 capta

119 2259 418 2293 DCCCLXXIV.
446 2271 527 2297 cum
557 2271 655 2294 anno
678 2263 791 2295 tertio
819 2259 1055 2305 Olympiadis
1082 2258 1230 2291 CXVII.
1273 2257 1346 2291 Pro
1376 2260 1573 2303 magistra-

120 2323 159 2351 tn
194 2318 360 2350 Romano
394 2319 565 2361 assignat
597 2319 778 2352 Consules
812 2320 851 2352 C.
878 2318 1012 2351 lulium
1052 2315 1218 2358 (rectius
1247 2316 1419 2356 Iunium)
1455 2321 1494 2349 et
1528 2317 1574 2358 Q.

120 2376 332 2408 Aemilium.
377 2376 505 2408 Annus
536 2378 671 2409 tertius
698 2376 934 2421 Olympiadis
958 2373 1102 2409 CXVII.
1135 2378 1195 2407 est
1226 2384 1345 2406 annus
1384 2374 1424 2409 V.
1461 2376 1497 2408 C.
1535 2375 1573 2408 in

119 2434 206 2466 laxo
240 2437 414 2476 computu
442 2435 561 2477 primo
586 2434 849 2476 CCCCXLlll,
886 2437 925 2466 et
958 2433 991 2465 ei
1023 2431 1227 2464 secundum
1260 2431 1408 2463 Livium
1434 2432 1573 2464 Consu-

120 2491 176 2524 les
202 2490 289 2523 dicti
316 2495 417 2523 recte
451 2492 698 2535 applicantur.
753 2492 857 2525 ldem
891 2500 1013 2523 annus
1045 2490 1159 2522 etiam
1191 2489 1353 2522 resultat
1384 2499 1429 2522 ex
1465 2490 1572 2522 annis

119 2548 259 2581 Troiae
301 2546 595 2583 DCCCLXXIV.
637 2548 694 2581 his
740 2551 838 2582 enim
884 2546 1119 2582 detrahendo
1152 2545 1407 2579 CCCCXXXI.
1454 2556 1573 2579 annos

117 2605 222 2638 urbis
248 2605 438 2638 conditum
465 2616 728 2650 praegressos,
768 2616 888 2639 annus
912 2609 1085 2639 remanet
1116 2602 1367 2638 CCCCXIMI.
1414 2602 1470 2636 Ex
1497 2613 1572 2635 om-

120 2662 227 2694 nibus
260 2661 316 2694 his
353 2663 611 2696 inferendum:
654 2663 943 2707 systematicam
980 2667 1018 2696 et
1049 2661 1123 2695 nde
1154 2661 1305 2704 dignam
1340 2670 1425 2692 esse
1461 2659 1574 2693 Chro-

121 2719 309 2763 nologiam
348 2720 526 2762 Diodori3
581 2722 685 2754 cuius
727 2725 853 2754 autem
890 2721 1117 2764 Systematis
1150 2720 1187 2751 in
1224 2718 1332 2751 annis
1364 2717 1405 2751 V.
1437 2718 1476 2750 C.
1512 2719 1573 2760 sit,

122 2776 264 2810 frustra
295 2778 513 2821 inquiritur,
554 2779 728 2821 quoniam
763 2788 952 2821 nunquam
986 2787 1168 2810 annorum
1195 2775 1241 2810 V.
1267 2776 1306 2808 C.
1339 2777 1570 2810 mentionem

121 2833 228 2868 facit:
277 2835 453 2868 Ceterum
487 2836 595 2868 annis
625 2835 895 2879 Olympiadieis
921 2835 1086 2879 applicat
1110 2835 1354 2878 magistratus
1381 2833 1570 2867 Romanos
