1859 3326
280 204 375 245 206
748 195 1269 238 ANNOTATIONES

282 328 377 355 vero
406 312 505 351 nihil
536 310 791 357 dissentiant,
817 310 950 360 utique
980 321 1164 348 excusare
1190 309 1455 360 inpudentiam
1482 301 1605 352 Porus
1632 310 1733 350 haud

284 372 441 423 poterit.
478 369 561 420 Ego
588 380 681 406 vero
711 366 812 404 haud
834 369 938 416 scio,
968 378 1018 403 an
1048 367 1192 404 iniuria
1222 369 1276 406 ita
1296 379 1365 405 rex
1396 369 1463 406 ille
1489 367 1735 417 deprimatur,

283 427 547 482 arguendique
576 425 643 461 isti
673 426 752 460 sint
783 425 1011 472 scriptores,
1053 425 1119 471 qui
1147 423 1249 461 Poro
1280 425 1593 474 contribuerunt,
1633 426 1731 474 quod

284 478 556 528 Xandramae,
575 479 675 517 lndo
696 490 845 528 quoque
866 486 903 516 et
926 477 1106 516 Indorum
1126 479 1223 530 regi,
1249 483 1441 530 proprium
1461 488 1557 519 erat.
1593 481 1733 519 Porum

285 542 438 591 quidem
459 545 584 584 certe,
613 537 674 574 cui
698 538 802 573 victo
824 535 870 572 ob
892 535 1076 573 virtutem
1099 534 1318 573 Alexander
1339 537 1515 588 ignovit,
1541 539 1649 589 regio
1669 551 1733 589 ge-

283 611 377 636 nere
405 597 523 634 fuisse
553 593 872 644 proseminatum,
898 602 1082 642 regesque
1112 590 1289 629 habuisse
1321 600 1528 644 cognatos,
1568 606 1617 631 ex
1641 596 1734 642 illis,

285 667 382 704 quae
410 655 450 690 in
482 649 743 699 superioribus
774 647 988 693 Diodorus,
1017 659 1188 696 quaeque
1215 648 1319 690 Plut.
1347 649 1534 689 Arrianus
1562 658 1600 688 et
1630 644 1736 688 Curt.

285 712 408 749 literis
428 707 699 757 prodiderunt,
730 711 881 741 constat
899 703 1062 743 abunde.
1093 704 1228 742 WESS.

398 766 504 804 233.
535 764 607 802 84.
640 757 782 800 ’Λλλὰ
808 755 1028 813 πρωτεύων
1047 767 1118 798 etc.
1131 759 1145 809 ]
1176 759 1335 799 Rectius
1353 757 1567 802 morab-mv
1596 760 1736 799 Ruon.

285 821 449 861 Videtur
468 818 612 868 Cospus
641 830 756 856 πιστε
759 831 844 855 υων
870 830 938 854 suo
957 818 1006 854 in·
1020 815 1160 855 Codice
1183 820 1393 869 reperisse,
1422 826 1557 870 estque
1588 819 1628 857 id
1649 819 1737 857 huic

284 881 371 917 loco
395 878 517 914 multo
540 876 677 923 aptius.
707 873 845 911 VVESS.

398 934 503 973 233.
537 933 612 971 97.
666 927 755 976 Τὰς
786 924 917 975 ὁπλὰς
946 922 1253 982 ὕποτετρίφθαι
1285 927 1526 984 συιὲβαηε]
1576 930 1736 982 Ignotus

285 996 369 1028 erat
397 991 587 1026 solearum
613 987 848 1033 ferrearum,
876 986 1013 1034 quibus
1040 988 1206 1037 ungulae
1227 999 1410 1035 equorum
1441 995 1576 1024 contra
1603 1001 1735 1036 asper-1

286 1054 324 1084 et
358 1058 540 1094 scruposa
572 1046 654 1080 loca
683 1045 934 1090 muniuntur,
964 1054 1070 1079 usus.
1118 1041 1209 1080 Scio
1242 1043 1288 1079 [S.
1318 1043 1495 1081 Vossium
1528 1045 1574 1081 ad
1596 1043 1734 1080 Catull.

285 1115 322 1153 p.
344 1104 419 1143 48·
451 1114 499 1138 ex
518 1099 776 1150 Xenophonte
798 1112 860 1135 eas
882 1110 1012 1135 eruere
1041 1105 1154 1147 atque
1184 1098 1274 1135 hinc
1289 1095 1557 1149 χαλκόποδας
1577 1099 1736 1138 Homeri

285 1172 342 1208 eq·-
337 1173 402 1196 ios
426 1160 642 1194 illuminare
666 1163 843 1194 conatum
863 1167 968 1202 esse,
997 1155 1063 1191 sed
1087 1158 1196 1192 irrita
1217 1167 1343 1203 opera,
1363 1162 1408 1192 ut
1427 1169 1546 1206 nuper
1566 1158 1628 1194 vir
1647 1169 1734 1193 eru-

284 1216 499 1252 ditissimus
536 1214 577 1249 in
608 1212 753 1250 Lexico
780 1210 960 1257 Rustico,
1006 1210 1078 1248 Rei
1109 1210 1219 1248 Rust.
1259 1212 1509 1277 scriptoribus
1543 1212 1733 1262 adposito,

283 1274 436 1322 egregie
458 1270 680 1306 declaravit.
706 1268 823 1305 Refer
842 1267 915 1304 huc
934 1270 1059 1316 potius
1076 1266 1229 1313 ι’ππους
1245 1261 1505 1316 χωλεύοντας
1527 1266 1569 1316 ἐξ
1594 1268 1736 1309 ΥΠΟ·

287 1326 514 1368 ΤΡΙΒῙ-ΙΣ
532 1339 580 1362 ex
599 1324 762 1374 Appiani
785 1323 997 1362 Mithridat.
1019 1337 1054 1374 p.
1076 1325 1183 1364 371.
1212 1323 1346 1360 WVESS.

396 1384 504 1423 233.
539 1384 579 1422 7.
611 1380 700 1434 Την
719 1379 918 1432 πολεμίαν
937 1376 1110 1446 χώραν]
1141 1379 1277 1417 induci
1297 1392 1375 1417 non
1398 1391 1574 1428 possum,
1595 1386 1640 1418 ut
1659 1379 1734 1430 hoc

283 1438 473 1478 damnem.
522 1436 863 1491 Παραποταμιάν
890 1443 1017 1474 tamen
1049 1439 1081 1475 si
1113 1437 1179 1485 qui
1199 1438 1425 1483 maluerint,
1463 1437 1564 1485 quod
1587 1450 1648 1474 res
1684 1437 1731 1475 ad

281 1497 478 1547 Hypanim
499 1493 640 1531 flumen
671 1497 723 1532 sit
740 1500 871 1545 gesta,
899 1494 1077 1530 fruantur
1107 1494 1266 1530 arbitrio
1298 1505 1378 1530 suo.
1417 1491 1510 1530 Mox
1539 1493 1628 1546 περὶ
1658 1491 1735 1545 τὴν

281 1568 440 1604 ποοιομ
450 1567 496 1602 '1²
513 1548 642 1602 ἥσχο)
646 1555 726 1590 εΐῖο
747 1563 826 1587 non
846 1561 1087 1598 spernerem,
1114 1549 1227 1587 modo
1251 1547 1369 1586 Codd.
1393 1549 1627 1587 addicerent.
1665 1549 1735 1587 Sic

280 1612 443 1659 ipsemet
462 1614 595 1644 auctor
616 1607 726 1644 L.11.
748 1608 821 1647 40.
854 1605 992 1643 WESS.

393 1665 586 1705 233.12.
612 1664 711 1709 Τοΐς
732 1662 775 1701 δὲ
795 1661 934 1701 παισὶι
950 1657 1149 1715 ἐπιφορὰς
1161 1656 1418 1726 ταγματικὰς
1426 1655 1632 1713 ἀπένειμε]
1645 1661 1735 1699 Pol-

279 1711 1446 1772 Ιιιοῐ8111.94.ετιφορα,τοτῶμισθῶπροστιθέμενοι,ὦς
1462 1715 1696 1756 Θουκυὸίδτ
1685 1733 1734 1771 ς,

282 1778 376 1815 haec
395 1779 604 1823 illustrant,
619 1782 657 1812 et
679 1761 931 1825 Thucydidis,
946 1787 1056 1823 quem
1078 1776 1221 1821 innuit,
1240 1776 1346 1811 locus
1364 1772 1408 1810 L.
1427 1772 1492 1810 Vl.
1513 1774 1587 1814 31.
1614 1771 1734 1814 Ἀπο-

282 1849 432 1887 φοραν,
453 1846 501 1869 ne
520 1834 585 1882 qui
606 1834 648 1869 in
669 1833 943 1883 cogitationem
964 1833 1094 1868 veniat
1113 1844 1156 1868 ea
1175 1843 1267 1878 vox,
1288 1829 1392 1868 aliud
1417 1829 1732 1879 indicarefflenr.
1786 1879 1789 1880 ⁷

281 1889 459 1928 Valesius
481 1891 521 1926 in
542 1894 625 1928 not.
648 1888 839 1926 Mauss'tci
863 1887 911 1924 ad
933 1886 1160 1937 Harpocrat.
1180 1887 1346 1926 docebit.
1376 1885 1512 1923 WESS.

392 1946 500 1985 234.
525 1946 600 1984 21.
630 1940 810 1984 Δώδεκα
829 1946 942 1982 θεῶν
961 1940 1131 1994 βωμους
1146 1944 1235 1993 etc.]
1265 1942 1375 1980 Conf.
1388 1941 1540 1979 Arrian.
1560 1949 1731 1981 extremo

277 2000 378 2039 libro
393 2001 453 2048 V.,
485 2000 604 2049 (leque
624 2003 701 2037 aris
722 1999 796 2047 his,
825 2007 1070 2037 monumento
1091 2006 1127 2036 et
1147 2001 1311 2037 termino
1333 1997 1596 2035 Alexandreae
1617 2012 1732 2047 expe-

279 2058 450 2104 ditionis,
466 2058 728 2105 copiosissime
751 2057 993 2105 disputantes
1015 2058 1121 2092 viros
1144 2055 1492 2104 praestantissimos
1507 2053 1562 2091 Cl.
1582 2053 1731 2092 Salma-

280 2115 381 2151 sium
401 2116 441 2150 in
459 2112 582 2150 Solin.
606 2125 643 2162 p.
671 2113 773 2153 556.
791 2111 1026 2149 Freinshem.
1047 2112 1096 2148 ad
1115 2110 1220 2149 Curt.
1237 2110 1310 2149 [X.
1333 2111 1375 2150 3.
1401 2110 1471 2150 19.
1497 2110 1603 2149 etH.
1624 2109 1730 2149 Can-

277 2173 496 2222 negiterum
513 2167 677 2206 Dissert.
701 2168 746 2205 de
765 2167 1094 2218 Brittenburgoc.
1119 2169 1160 2208 9.
1189 2181 1224 2219 p.
1252 2167 1357 2208 105.
1400 2166 1532 2204 WESS.

391 2226 496 2265 234.
530 2225 604 2264 34
635 2221 856 2277 Αποφαιι
860 2239 959 2263 οντα
982 2219 1125 2275 ῥώμας
1147 2245 1195 2252 -·
1219 2218 1463 2275 υπερφυεῖς]
1503 2222 1636 2259 Visum
1657 2221 1730 2260 hoc

278 2289 337 2319 est
356 2281 623 2330 praestabilius
653 2281 700 2317 ob
722 2282 923 2317 meliorum
952 2281 1136 2317 librorum
1169 2279 1425 2317 concordiam.
1473 2278 1604 2326 Adde,
1632 2290 1728 2328 quae

276 2338 377 2387 opud
397 2336 649 2374 Plutarchum
667 2332 779 2376 Alex.
801 2350 840 2387 p.
866 2338 986 2384 70οἾ
1015 2336 1062 2373 de
1085 2338 1293 2375 vanissimo
1319 2335 1392 2373 hoc
1418 2337 1521 2386 regis
1547 2337 1729 2374 instituto

277 2396 469 2446 leguntur.
492 2392 628 2432 lVESs

390 2451 498 2491 234.
530 2451 602 2489 37.
628 2446 726 2487 ’Em
746 2443 819 2488 τὸν
837 2444 1046 2500 Ἀκεσίνην
1064 2444 1280 2499 ποταμὸν]
1319 2445 1437 2484 Recte
1456 2446 1496 2484 id
1516 2446 1668 2497 quidem
1688 2453 1726 2483 et

276 2519 382 2546 vere.
419 2506 496 2543 Sed
517 2519 611 2555 quae
630 2506 758 2541 statim
780 2505 1009 2552 succedunt,
1035 2512 1258 2556 argumento
1276 2517 1359 2540 esse
1378 2504 1583 2550 videntur,
1606 2516 1725 2541 naves

276 2563 409 2600 codem
427 2565 468 2600 in
488 2562 607 2599 fluvio
628 2574 710 2597 esse
731 2568 957 2607 exstructas,
979 2573 1182 2611 regemque
1202 2559 1370 2597 secundo
1390 2560 1464 2597 isto
1476 2573 1585 2596 amne
1601 2559 1724 2595 ocea-

276 2632 368 2657 num
387 2631 522 2657 versus
547 2617 775 2654 defluxisse:
804 2617 905 2665 quod
922 2618 1062 2655 falsum
1085 2625 1124 2654 et
1146 2623 1359 2654 ceterorum
1378 2616 1610 2653 testimoniis
1631 2628 1723 2651 con-

274 2678 435 2713 trarium
455 2682 526 2711 est.
565 2673 696 2711 Moliti
718 2675 819 2710 enim
838 2686 956 2711 naves
991 2674 1032 2711 in
1053 2673 1236 2724 Hydaspe
1268 2672 1498 2710 Macedones
1518 2677 1629 2718 sunt,
1655 2684 1721 2707 eo-

276 2733 434 2780 demque
463 2730 582 2768 fluvio
610 2729 658 2767 ad
678 2742 782 2766 mare
803 2729 1021 2767 Alexander
1048 2728 1430 2778 descendit.1taque
1453 2733 1519 2764 aut
1546 2726 1670 2764 addi
1660 2741 1721 2764 ιη-

272 2790 444 2838 telligive
465 2787 598 2833 debet,
623 2784 690 2824 καὶ
709 2787 857 2824 τοῦτον
877 2783 1045 2835 διαβὰς,
1072 2784 1136 2824 ἐπὶ
1157 2782 1229 2825 τὸν
1243 2779 1472 2836 ζΥὸοἷσπην,
1491 2795 1612 2833 eoque
1633 2789 1720 2821 tra-

272 2858 409 2889 mzsso,
438 2845 494 2882 ad
514 2841 765 2894 Hydaspem,
793 2853 888 2891 quae
916 2840 1169 2880 Freinshemii
1196 2842 1416 2878 coniectura
1445 2839 1492 2877 ad
1519 2839 1624 2879 Curt.
1651 2839 1719 2877 lX.
