1859 3326
318 181 381 222 66
784 175 1306 218 ANNOTATIONES

314 294 448 333 aciem
474 292 666 332 exercitus
693 291 896 344 utriusque
921 299 960 332 et
976 303 1129 346 pugnae
1159 293 1336 332 ordinem
1367 293 1494 345 paullo
1517 293 1630 332 aliter
1656 294 1781 344 expli-

323 365 429 390 cans.
461 350 601 390 wass.
1478 380 1480 383 .

339 405 341 407 ¹
440 409 514 449 70.
544 408 616 448 14.
656 402 764 446 Οὔτε
783 402 930 460 ἄνδρες
954 404 1095 446 δυνατ.
1114 410 1206 454 ταῖς
1226 404 1268 446 ἓν
1296 410 1384 454 τοῖς
1402 402 1604 454 κινδύνοις
1624 402 1782 461 ἀνδρα-

324 464 509 519 γαθίαις]
529 464 640 509 Quod
659 463 720 500 his
733 464 1002 501 adstruebatur
1015 471 1052 501 et
1066 465 1288 501 nectebatur
1306 466 1497 502 artissime
1513 462 1784 512 ἐπεδείξαντο,

324 523 366 560 id
389 523 496 559 iussu
528 521 754 559 schedarum
773 534 889 557 manu
920 527 1162 558 exaratarum
1184 521 1321 560 delevi.
1362 520 1523 559 Salvum
1543 529 1669 558 tamen
1698 533 1782 557 esse

326 581 536 629 potuisset,
566 578 679 616 modo
709 575 783 624 τὰς
812 576 853 616 ἐν
874 581 961 624 τοῖς
987 573 1190 624 κινδύνοις
1207 574 1506 630 ζάνδραγαθίας
1525 576 1782 625 ἐπεδείξαντο

325 649 416 687 prae
437 649 477 673 se
507 636 598 673 libri
626 636 828 672 tulissent:
857 645 980 683 neque
1004 637 1107 672 enim
1126 636 1240 672 aliter
1273 637 1457 684 oportuit.
1497 635 1646 672 Auctor
1667 645 1785 682 supra

323 707 358 733 c.
377 693 450 734 65.
480 694 671 746 φανερῶς
690 689 979 743 ἐνδεδειγμένοι
999 688 1075 738 τὰς
1098 691 1206 738 ἰδίας
1223 688 1525 745 ἀνδραγαθίας.
1552 691 1605 729 Et
1623 690 1665 729 L.
1676 689 1786 728 XVI.

328 752 403 791 87.
430 744 717 800 Ἀλεξάνδρου
738 745 1085 802 φιλοτιμουμένου
1113 750 1171 804 τῷ
1191 748 1316 800 πατρὶ
1337 746 1413 801 τὴν
1442 747 1552 788 ἰδίαν
1578 742 1787 801 ἀνδραῇια-

324 805 429 847 θίαν
457 804 733 852 ἐνδείξασθαι.
778 804 829 842 Et
860 803 904 844 L.
927 804 976 842 11.
1000 807 1040 846 6.
1091 804 1326 844 Semiramis
1355 802 1500 860 καιρὸν
1532 801 1679 856 ἔλαβεν
1707 800 1785 857 τὴν

325 862 436 903 ἰδίαν
457 859 606 919 ιξρετὴν
627 859 924 909 ἐπιδείξασθαι.
949 861 1084 900 WEsS.

441 921 513 960 71.
542 919 619 960 48.
655 913 993 972 Προθυμότερον
1027 916 1341 972 προσπίπτοντα
1367 920 1426 974 τῷ
1454 918 1609 974 θυμῷ]
1653 916 1789 956 Malim.

325 975 640 1031 προπίπτοντα,
668 978 776 1014 cuius
800 977 994 1026 opinionis
1020 989 1174 1014 caussas
1205 977 1296 1015 dare
1323 978 1482 1015 memini
1501 976 1551 1014 ad
1572 974 1686 1013 huius
1717 975 1787 1013 lib.

325 1047 359 1071 c.
383 1034 456 1075 65.
487 1033 624 1072 WESS.

442 1092 516 1131 71.
550 1091 622 1130 53.
664 1084 847 1142 Καιρίαν
876 1085 997 1141 ἔλαβε
1036 1086 1196 1143 πληγὴ-ν
1227 1088 1283 1138 εἷς
1313 1086 1387 1130 τὸν
1418 1084 1630 1144 θώρακα]
1676 1088 1789 1133 Quod

327 1160 559 1198 proavorum
580 1152 802 1184 nostrorum
821 1150 1006 1185 memoria
1022 1160 1094 1184 usu
1114 1149 1244 1194 venit„
1271 1154 1315 1184 ut
1336 1150 1511 1185 certatim
1535 1148 1630 1193 sibi,
1652 1145 1788 1198 ignavi

329 1207 468 1251 etiam,
496 1205 660 1255 gloriam
680 1204 818 1241 deiecti
840 1203 1006 1242 Gustavi
1027 1203 1217 1253 Adolphi‚
1247 1203 1388 1241 Heroas
1408 1206 1675 1254 illustrissimi,
1698 1204 1788 1240 vin-

328 1262 526 1308 dicarent,
555 1262 637 1297 cius
667 1262 882 1309 exexuplum
913 1263 956 1298 in
974 1261 1242 1310 Epaminonda
1271 1261 1460 1299 dederunt
1486 1260 1638 1298 Graeci.
1687 1259 1789 1297 Nam

328 1321 512 1367 prostrati
539 1317 691 1355 laudem
719 1316 985 1355 Mantinenses
1008 1317 1270 1355 Machaerioni
1292 1320 1369 1356 civi
1386 1331 1478 1365 suo,
1509 1316 1692 1367 Spartani
1718 1329 1788 1354 suo

327 1374 614 1422 Machaerioni‚
658 1381 724 1411 aut
757 1375 953 1412 Anticrati
981 1377 1117 1422 etiam,
1161 1374 1419 1414 Athenienses
1453 1374 1615 1424 Gryllo,
1649 1373 1788 1411 Xeno-

327 1432 484 1481 phontis
511 1431 579 1480 F.‚
622 1445 771 1482 magna
815 1432 1027 1481 cupiditate
1060 1439 1321 1469 asseruerunt.
1377 1431 1464 1470 Vid.
1502 1431 1604 1469 Plut.
1635 1430 1785 1481 Agesil.

325 1503 361 1539 p.
385 1491 491 1530 616.
516 1489 563 1528 A.
597 1494 635 1525 et
661 1487 825 1526 Pausan.
846 1489 888 1526 L.
911 1488 1016 1528 V111.
1043 1490 1062 1529 1
1078 1491 1113 1529 l.
1144 1488 1217 1526 IX.
1242 1489 1314 1529 15.
1351 1487 1545 1527 Nimirum
1575 1489 1789 1538 gloriosum

325 1547 552 1583 censebatur
577 1551 616 1583 et
645 1545 798 1583 Aeneae
824 1548 958 1598 magni
987 1545 1125 1584 dextra
1152 1546 1310 1594 cadere,
1349 1552 1387 1584 ct
1407 1547 1513 1586 victo
1542 1557 1592 1582 ex
1619 1543 1790 1581 Hectore

323 1602 570 1653 triumphare.
598 1602 735 1642 Wssss.

441 1662 514 1700 71.
549 1660 622 1699 74.
663 1655 930 1713 Ἀμφότεροι
951 1655 1051 1706 τοὺς
1076 1657 1207 1707 ῗδίους
1227 1655 1432 1711 ἔθαψαν]
1470 1656 1692 1708 Xenophon
1712 1657 1792 1693 cla-

323 1717 428 1753 rius:
458 1710 687 1769 ἀμφότεροι
711 1712 912 1770 τρόπαιον
933 1713 1186 1769 ἐστήσαντο,
1212 1714 1311 1763 τοὺς
1340 1715 1385 1755 δὲ
1403 1713 1648 1767 ἱσταμένους
1674 1709 1793 1753 οὐδέ-

322 1787 433 1825 τεροι
466 1767 657 1813 ἐκώλυον.
695 1770 865 1826 νεκροὺς
888 1771 931 1812 δὲ
961 1769 1191 1827 ἀμφότεροι
1220 1771 1296 1826 μὲν
1327 1768 1384 1820 ὡς
1403 1767 1657 1823 νενικηκότες
1684 1764 1793 1809 ὓπο-

325 1826 533 1876 σπόνδους
565 1826 798 1877 ἀπέδοσαν,
832 1825 1061 1884 ἀμφότεροι
1094 1829 1138 1869 δὲ
1166 1825 1223 1877 ὡς
1251 1825 1471 1882 ἡττημένοι
1500 1822 1793 1872 ὑποσπόνδους

327 1882 648 1937 ἀπελάμβανον,
677 1894 847 1924 extremo
863 1886 912 1924 L.
935 1887 1020 1924 Vll.
1042 1886 1196 1924 Hellen.
1224 1887 1328 1925 Victi
1345 1899 1436 1938 ergo
1454 1887 1629 1934 utrique,
1657 1896 1792 1933 quam-

328 1954 443 1992 quam
478 1945 511 1980 si
539 1942 716 1981 Thebani
748 1946 935 1990 victoria,
963 1943 1235 1992 Epaminonda
1262 1945 1372 1980 letali
1403 1944 1565 1982 vulnere
1593 1952 1791 1991 percusso,

328 2006 432 2037 recte
452 2002 510 2036 uti
525 2001 745 2046 scivissent,
771 2002 898 2048 potior
918 2001 1089 2050 ipsorum
1111 2014 1245 2038 caussa
1264 2001 1404 2038 fuerat.
1426 1999 1563 2036 Wssss.

446 2057 521 2096 71.
555 2058 626 2097 78.
669 2052 978 2109 Εὐψυχοτάτην
1000 2059 1074 2096 τοῦ
1095 2056 1190 2106 βίου
1214 2052 1515 2108 καταστροφὴν
1535 2047 1790 2105 ἐποιήσατο]

329 2111 436 2150 Belle
456 2111 589 2150 Cicero
611 2113 653 2150 L.
675 2112 721 2150 V.
740 2112 844 2151 Fam.
866 2113 934 2162 Ep.
961 2115 1032 2153 12.
1067 2113 1190 2159 Quem
1215 2116 1316 2151 enim
1334 2118 1512 2150 nostrum
1532 2112 1599 2148 ille
1619 2111 1789 2147 moriens

330 2171 442 2221 apud
458 2169 707 2208 fllantineam
735 2170 1032 2221 Epaminondas
1050 2183 1126 2208 non
1147 2184 1233 2207 cum
1254 2171 1427 2220 quadam
1447 2169 1703 2206 miseratione
1725 2164 1793 2201 de-
1857 2198 1859 2221 ἶ

330 2226 486 2264 lectat?
507 2229 577 2277 qai
594 2233 674 2264 tam
695 2227 844 2265 demum
867 2227 943 2264 sibi
961 2228 1086 2264 avelli
1103 2227 1212 2264 iubet
1226 2227 1443 2278 spiculum,
1465 2232 1733 2277 posteaquam
1754 2218 1795 2256 ei
1858 2223 1859 2229 ’

321 2285 589 2335 percontanti
616 2285 762 2322 dictum
792 2290 871 2332 est,
916 2295 1122 2322 CLYPEUM
1149 2296 1232 2321 esse
1263 2294 1456 2329 SALVUM,
1496 2288 1562 2329 ut,
1591 2283 1712 2318 etiam
1748 2276 1790 2312 in

330 2341 510 2378 vulneris
530 2341 689 2387 dolore,
715 2353 842 2391 aequo
865 2342 996 2378 animo
1016 2355 1103 2378 cam
1126 2341 1244 2378 laude
1263 2346 1500 2377 moreretur.
1540 2345 1577 2374 et
1599 2337 1644 2373 (le
1662 2331 1791 2370 Finih.

331 2396 376 2436 L.
405 2397 452 2434 ll.
476 2398 549 2437 30.
587 2396 696 2434 Adde
720 2397 885 2435 Pausan.
913 2397 956 2434 L.
976 2397 1048 2435 [X.
1072 2398 1145 2439 15.
1176 2403 1214 2434 et
1243 2396 1436 2434 Iustinum
1466 2395 1510 2433 L.
1535 2393 1601 2433 VI.
1633 2394 1697 2438 8..
1725 2389 1793 2438 (11ὶί

328 2453 515 2491 Nostrum
540 2455 766 2491 aemulatur.
794 2454 934 2491 WEss.

447 2512 521 2550 72.
553 2513 625 2551 88.
667 2507 750 2550 M&
777 2510 864 2550 Δία
895 2507 995 2561 μέν,
1023 2523 1173 2565 φησιν,
1204 2506 1310 2550 ἀλλὰ
1331 2507 1431 2561 ete]
1459 2507 1536 2545 Hic
1565 2503 1642 2558 μὲν
1666 2504 1790 2539 100ωιι

333 2566 482 2604 obtinet
499 2569 572 2606 τοῦ
591 2565 667 2617 μὲν
687 2559 782 2614 οὖν,
808 2569 873 2605 vel
894 2570 1023 2616 potius
1042 2570 1195 2618 μενοῦν
1215 2569 1472 2606 coniunctim:
1502 2567 1536 2601 si
1556 2567 1682 2600 tame¹ss
1702 2566 1789 2590 eum

335 2624 507 2661 obtinere
536 2630 674 2673 potest.
701 2622 856 2660 STEPH.
903 2624 1042 2661 Solent
1069 2624 1145 2675 μὲν
1176 2624 1248 2662 hac
1271 2624 1425 2673 quidem
1457 2624 1498 2659 in
1517 2612 1677 2678 formula
1692 2611 1788 2677 ³121(ss

334 2692 494 2728 rumque
517 2682 735 2731 negligere,
762 2686 806 2716 ut
834 2680 1083 2728 Aristophan.
1117 2682 1220 2718 Plut.
1251 2695 1289 2719 v.
1316 2681 1418 2720 101.
1457 2668 1540 2710 ῙΠὰ
1560 2667 1655 2732 Al?
1683 2667 1790 2732 “47:⁰1

334 2737 476 2791 πολλῷΙ
495 2738 656 2788 μᾶλλον
676 2730 883 2787 ἑξόμεσθά
904 2749 991 2775 σου·
1022 2744 1060 2773 et
1081 2750 1118 2775 v.
1144 2739 1247 2778 111.
1289 2734 1369 2770 ,Μὰ
1388 2724 1482 2773 Δί’,
1512 2722 1598 2764 ἀλλ’
1615 2727 1790 2790 ,αῑξαξιϋβ

336 2807 512 2840 παντες,
543 2800 580 2830 et
600 2806 637 2831 v.
660 2794 735 2832 22.
764 2805 851 2830 cum
875 2791 1037 2830 Kusteri
1060 2800 1164 2829 nota.
1192 2789 1273 2826 Nec
1303 2787 1411 2823 deleo
1441 2790 1569 2820 tamen
1595 2780 1704 2817 libris
1730 2791 1791 2814 nn-

337 2849 451 2887 vitia:
477 2863 537 2888 me
555 2849 708 2900 quidem
728 2855 830 2887 certe
846 2849 973 2887 iudice
994 2845 1185 2897 Stephani
1213 2845 1456 2895 explemento
1477 2842 1658 2890 praestat.
1693 2833 1790 2872 Rem
