1875 3310
429 195 714 228 OEcoNOMIA
741 194 1010 227 ms'romAE
1048 196 1267 230 moDoRI.
1359 199 1577 230 CLXXXIII

202 298 220 316 ⁴¹
243 294 286 328 ln
303 293 441 338 Cypro,
465 302 534 337 per
552 291 709 326 insidias
728 291 853 325 occiso
873 291 1061 337 Evagon-a,
1085 292 1260 328 Nicocles
1283 304 1399 339 regno
1418 297 1573 340 potitur.

109 352 152 388 In
171 352 283 386 Italia
300 350 457 384 Romani
479 349 749 382 Praenestinos
769 348 913 392 proelio
932 349 1122 393 subigunt.
1146 360 1176 386 c.
1191 351 1235 387 47
1256 356 1350 385 extr.

199 407 294 443 Αηπ.
318 409 352 442 4.
399 406 570 440 Durante
593 405 694 439 bello
721 415 867 439 summa
890 407 1149 440 consternatio
1178 407 1217 439 in
1235 406 1398 442 Graecia
1425 408 1472 443 ob
1495 413 1570 443 ter-

107 476 175 502 rae
202 469 349 505 motus,
380 463 667 503 inundationes,
698 463 934 496 calamitates
962 462 1070 498 alias.
1117 462 1204 496 Hae
1223 464 1373 497 violatis
1393 467 1511 499 sacris
1531 470 1570 500 et·

107 522 324 569 ingentibus
341 521 513 555 cavernis
530 518 791 553 subterraneis
809 521 847 553 in
859 520 1121 565 Peloponneso
1140 519 1367 558 tribuuntur.
1395 524 1488 559 c.48,
1507 523 1565 559 49,

698 595 782 644 Oly
794 608 873 643 mp.
889 597 972 632 cu,

197 665 293 702 Ann.
320 669 351 704 1.
395 664 475 700 Fax
504 664 542 698 in
571 664 678 699 coelo
695 665 859 709 prodigii
879 665 1001 699 instar
1017 669 1204 700 terrorem
1222 665 1355 699 iniicit.
1401 663 1480 697 lam
1502 666 1566 698 Ar-

104 729 286 761 taxerxes
310 725 446 757 iterum
474 732 605 767 pacem
632 723 733 755 inter
759 721 928 756 Graecos
951 724 1156 757 restituere
1184 726 1362 764 conatur,
1406 731 1566 765 eamque

103 783 309 827 componit.
353 780 462 814 Pacis
483 779 639 814 foedere
663 779 871 824 iunguntur
887 790 1038 821 omnes,
1059 783 1213 824 praeter
1230 779 1446 820 Thebanos,
1472 788 1566 823 quos

104 838 401 873 Lacedaemonii
424 837 534 879 ideo,
564 840 607 870 ut
631 846 850 871 communes
874 835 1029 880 hostes,
1052 837 1154 871 bello
1173 836 1460 881 prosequendos
1480 845 1566 869 eeu-

102 901 201 931 sent.
235 906 264 928 c.
281 897 339 932 50.

193 952 290 986 Arm.
314 956 348 990 2.
392 950 485 987 inde
500 951 643 985 bellum
658 949 900 987 Thebanqu
917 969 965 978 -—
1000 950 1134 996 Pugna
1148 951 1252 996 apud*
1264 949 1433 985 Leuctra
1449 949 1564 983 victo-

101 1021 166 1047 res
184 1011 382 1053 Thebani„
403 1010 498 1044 duce
514 1009 787 1053 Epaminonda.
823 1019 859 1047 c,
871 1010 1042 1047 51-56,

191 1067 288 1102 Anu.
311 1073 346 1107 3.
390 1066 591 1108 Thebani,
609 1068 816 1101 amicorum
836 1076 992 1100 numero
1013 1067 1152 1107 aucto,
1170 1067 1380 1109 potentiam
1396 1063 1563 1098 firmant.

100 1125 329 1170 ln-Graecis
354 1125 575 1158 civitatibus
593 1125 783 1158 tumultus
803 1124 1038 1168 frequentes.
1080 1121 1274 1162 Thessali,
1306 1122 1499 1156 hortatore
1523 1125 1564 1154 et

101 1184 196 1218 duce
216 1185 355 1217 iasone·
369 1181 562 1223 Pheraeo,
585 1182 632 1215 de
652 1180 1058 1225 imperiorGraecorum
1082 1183 1317 1215 concertant..
1348 1189 1383 1213 ct
1396 1181 1559 1215 57—60.

191 1241 209 1259 *
236 1241 385 1274 Eodem
397 1250 500 1273 anno
513 1243 593 1273 tres
610 1238 1049 1282 moriuntur-principes:
1070 1236 1187 1270 Iason
1200 1234 1405 1277 Pheraeos,
1426 1236 1563 1279 Amyn-

101 1302 174 1341 tas,
200 1309 267 1332 rex
285 1297 555 1339 Macedoniae,
577 1297 640 1331 cui·
655 1295 826 1328 succedit
841 1294 1062 1328 Alexander
1080 1294 1138 1327 fil-
1150 1293 1386 1336 Agesipolis„
1407 1303 1475 1326 rex
1489 1292 1560 1325 La-

99 1356 442 1390 cedaemoniorum.
469 1373 516 1381 —
552 1353 670 1387 Duris·
686 1352 841 1386 Samius
863 1351 917 1385 ab.
936 1349 1015 1385 hoc·
1034 1360 1140 1385 anno⁴
1154 1348 1355 1384 historiam.
1374 1350 1562 1384 Graeciae

98 1413 266 1447 scribere
293 1412 435 1456 incipit.
463 1421 494 1444 c.
510 1414 557 1448 60
570 1414 667 1444 extr.

189 1467 286 1502 Anu.
305 1471 339 1503 4.
384 1468 459 1502 Res
478 1468 710 1501 Graecorum
727 1466 838 1500 solae
850 1475 977 1509 paene
991 1464 1122 1498 omnia
1140 1467 1341 1507 occupant.
1380 1463 1424 1497 In
1443 1463 1562 1498 Thes-

98 1527 215 1568 salia,
251 1526 297 1559 oh
330 1524 510 1570 Polydori
540 1525 701 1559 Pheraei
726 1524 970 1569 superbia-m,
996 1532 1067 1555 res>
1085 1521 1341 1555 turbulentae.
1366 1532 1395 1557 c.
1415 1525 1470 1558 61.
1518 1522 1562 1554 ln

97 1585 366 1628 Peloponneso
386 1583 553 1617 Arcades
576 1582 776 1616 Thebanis
800 1582 921 1615 iuncti
941 1582 1082 1623 urgent
1107 1578 1455 1620 Lacedaemonios,
1499 1580 1564 1623 qui

96 1652 198 1676 nune
219 1640 475 1676 Athenienses
497 1642 541 1673 in
564 1640 753 1673 auxilium.
771 1642 920 1673 vocant.
958 1636 1166 1678 Messene„
1194 1635 1456 1680 Epaminonda
1479 1646 1564 1668 sua-

91 1710 208 1740 sore,
240 1698 288 1731 ab
314 1697 520 1731 Arcadibus
546 1697 759 1730 instaurata
785 1699 823 1728 et
847 1694 1009 1728 munita.
1054 1693 1192 1738 (Cuius
1208 1694 1325 1737 ipsius
1345 1694 1449 1726 urbis
1469 1693 1562 1734 fata,

96 1768 167 1802 per
184 1757 333 1790 modum
351 1754 525 1798 episodii,
547 1763 569 1786 a
587 1754 706 1798 primo
724 1753 833 1786 initio
852 1754 1091 1795 repetuntur.
1114 1761 1144 1784 c.
1155 1753 1226 1795 66.)
1264 1750 1561 1793 Ingravescente

95 1816 212 1856 bello,
238 1813 447 1856 Dionysius
461 1811 776 1845 Lacedaemoniis
794 1809 938 1842 auxilia
956 1809 1091 1846 mittit:
1113 1809 1345 1842 Artaxerxes
1363 1818 1468 1848 vero,
1492 1818 1561 1841 rex

95 1874 298 1908 Persarum
313 1894 324 1912 ,
347 1879 445 1903 nova
463 1869 656 1912 legatione
673 1867 843 1901 Graecos
861 1866 1011 1909 placare
1033 1869 1072 1899 et
1092 1875 1223 1909 pacem
1243 1875 1480 1899 communem
1503 1876 1560 1900 re·

96 1930 300 1966 conciliare
322 1927 470 1968 studet3
495 1925 563 1959 sed
583 1925 736 1959 obstant
754 1924 1000 1968 pertinaciter
1016 1922 1203 1956 Thebani.
1237 1933 1268 1956 c.
1288 1926 1452 1961 62-70,

186 1987 390 2032 sicyonem
408 1982 689 2028 tumvEuphron
706 1981 916 2027 tyrannide<
930 1980 1144 2026 occupavit,
1164 1990 1199 2015 c.
1212 1983 1258 2019 70
1279 1984 1376 2016 extr.

684 2059 855 2105 Olymp.
878 2060 982 2094 cm.

186 2121 282 2158 Αηη.
309 2125 341 2160 1.
385 2119 431 2154 In
457 2117 687 2153 Macedonia
712 2117 934 2153 Alexander-
956 2117 1049 2152 dolo,
1073 2116 1325 2151 interemtus:
1364 2124 1563 2150 successor

93 2181 339 2216 Ptolemaeus
358 2178 536 2213 Alorites.
570 2175 634 2221 (cf.
654 2187 684 2210 c.
697 2179 773 2219 60.)
811 2173 1100 2220 Epaminondae
1119 2173 1342 2218 abrogatum
1361 2173 1562 2217 imperium

93 2239 348 2278 Boeotorum,
371 2234 470 2280 quod
492 2235 641 2268 interea
660 2233 880 2277 Pelopidas,
910 2233 1080 2266 Ismenia
1093 2235 1266 2264 assumto
1280 2231 1383 2264 socio
1396 2254 1406 2271 ‚
1432 2239 1562 2262 susce-

94 2298 172 2341 pit3
204 2303 295 2327 mox
322 2292 537 2326 redditum·
588 2290 791 2336 Pelopidas
816 2301 884 2334 per
913 2289 1084 2323 fraudem
1116 2292 1249 2332 captus
1273 2288 1321 2321 ab
1346 2286 1562 2321 Alexandro

95 2352 281 2387 Pheraeo.
340 2349 422 2382 Nec
445 2348 562 2381 multo
587 2352 675 2391 post
698 2346 996 2381 Lacedaemonii
1024 2345 1175 2390 proelio
1197 2345 1354 2377 vincunt
1375 2343 1563 2378 Arcades:

97 2420 171 2454 quo
193 2408 292 2441 sacto
308 2405 346 2439 hi
359 2430 369 2447 ‚
403 2410 445 2438 ut
464 2404 610 2438 hostem
628 2409 807 2446 arceant,
827 2404 1089 2448 Megalopolin
1105 2401 1285 2440 condunt.
1312 2411 1341 2434 c.
1361 2403 1417 2437 71.
1442 2403 1498 2436 72.

189 2465 232 2498 111
254 2464 382 2496 Sicilia
403 2462 627 2505 Dionysius,
652 2466 730 2494 tum
749 2463 913 2494 maxime
932 2465 1183 2504 opportunum
1203 2461 1323 2498 ratus,
1348 2459 1385 2491 in
1407 2455 1561 2490 Cartha-

99 2523 314 2567 ginienses,
340 2525 448 2564 peste
466 2519 626 2553 afflictos
645 2523 684 2552 et
701 2518 750 2551 ad
768 2518 906 2552 bellum
929 2517 1028 2550 haud
1048 2519 1295 2561 praeparatos
1311 2539 1321 2555 ‚
1344 2514 1485 2547 bellum
1506 2523 1563 2546 re-

99 2581 312 2623 dintegrat,
337 2587 542 2621 eorumque
560 2587 674 2620 agros
695 2576 850 2611 invadit.
890 2575 983 2609 Mox
1004 2579 1126 2609 morte
1146 2573 1341 2617 abripitur.
1387 2569 1564 2604 Succedit

100 2637 310 2680 Dionysius
328 2635 462 2668 iunior.
491 2645 522 2668 c.
540 2637 596 2670 73.
620 2634 677 2670 74.

193 2692 288 2726 Anu.
307 2695 341 2728 2.
388 2690 516 2732 Ultra,
548 2701 644 2736 quae
672 2691 708 2723 in
736 2688 900 2723 Graecia
923 2687 1074 2723 infestis
1089 2687 1205 2720 armis
1223 2688 1334 2729 gesta
1353 2684 1450 2724 sint,
1482 2693 1566 2726 pro-

104 2750 246 2786 miscue
274 2751 518 2784 annotantur.
561 2747 767 2784 Alexandri
788 2746 949 2782 Pheraei
967 2746 1103 2781 feritas
1131 2748 1171 2780 et
1200 2741 1414 2776 immanitas
1432 2741 1471 2773 in
1491 2739 1564 2773 Sco
