<?xml version="1.0" encoding="UTF-8"?>
<!DOCTYPE html PUBLIC "-//W3C//DTD XHTML 1.0 Transitional//EN"
    "http://www.w3.org/TR/xhtml1/DTD/xhtml1-transitional.dtd">
<html xmlns="http://www.w3.org/1999/xhtml" xml:lang="en" lang="en">
 <head>
  <title>
</title>
<meta http-equiv="Content-Type" content="text/html;charset=utf-8" />
  <meta name='ocr-system' content='tesseract 3.04.00' />
  <meta name='ocr-capabilities' content='ocr_page ocr_carea ocr_par ocr_line ocrx_word'/>
</head>
<body>
  <div class='ocr_page' id='page_1' title='image "./bibliothecahisto05dioduoft_0748.png"; bbox 0 0 1859 3326; ppageno 0'>
   <div class='ocr_carea' id='block_1_1' title="bbox 295 215 1090 258">
    <p class='ocr_par' dir='ltr' id='par_1_1' title="bbox 295 215 1090 258">
     <span class='ocr_line' id='line_1_1' title="bbox 295 215 1090 258; baseline -0.01 -2"><span class='ocrx_word' id='word_1_1' title='bbox 295 222 412 258; x_wconf 84' lang='lat' dir='ltr'>XCIV</span> <span class='ocrx_word' id='word_1_2' title='bbox 791 234 794 237; x_wconf 93' lang='lat'>·</span> <span class='ocrx_word' id='word_1_3' title='bbox 884 215 1090 250; x_wconf 79' lang='lat' dir='ltr'>HEYNE</span> 
     </span>
    </p>
   </div>
   <div class='ocr_carea' id='block_1_2' title="bbox 286 315 1747 2476">
    <p class='ocr_par' dir='ltr' id='par_1_2' title="bbox 289 315 1741 755">
     <span class='ocr_line' id='line_1_2' title="bbox 291 315 1738 364; baseline -0.003 -8"><span class='ocrx_word' id='word_1_4' title='bbox 291 322 393 364; x_wconf 79' lang='lat' dir='ltr'><strong>mus)</strong></span> <span class='ocrx_word' id='word_1_5' title='bbox 413 329 458 363; x_wconf 84' lang='lat'><strong>1,-</strong></span> <span class='ocrx_word' id='word_1_6' title='bbox 482 318 555 353; x_wconf 88' lang='lat' dir='ltr'><strong>nisi</strong></span> <span class='ocrx_word' id='word_1_7' title='bbox 581 316 764 359; x_wconf 87' lang='lat' dir='ltr'><strong>eundem,</strong></span> <span class='ocrx_word' id='word_1_8' title='bbox 795 318 975 361; x_wconf 83' lang='lat' dir='ltr'><strong>tanquam</strong></span> <span class='ocrx_word' id='word_1_9' title='bbox 999 315 1220 360; x_wconf 80' lang='lat' dir='ltr'>popularem</span> <span class='ocrx_word' id='word_1_10' title='bbox 1245 325 1376 358; x_wconf 88' lang='lat' dir='ltr'><strong>suum,</strong></span> <span class='ocrx_word' id='word_1_11' title='bbox 1401 317 1473 350; x_wconf 90' lang='lat' dir='ltr'><strong>iam</strong></span> <span class='ocrx_word' id='word_1_12' title='bbox 1496 315 1738 362; x_wconf 79' lang='lat' dir='ltr'><strong>Agatharchi-</strong></span> 
     </span>
     <span class='ocr_line' id='line_1_3' title="bbox 290 371 1736 420; baseline -0.002 -8"><span class='ocrx_word' id='word_1_13' title='bbox 290 379 361 412; x_wconf 87' lang='lat' dir='ltr'><strong>des</strong></span> <span class='ocrx_word' id='word_1_14' title='bbox 383 377 621 412; x_wconf 83' lang='lat' dir='ltr'>adhibuerat.</span> <span class='ocrx_word' id='word_1_15' title='bbox 664 374 782 409; x_wconf 87' lang='lat' dir='ltr'><strong>Putes</strong></span> <span class='ocrx_word' id='word_1_16' title='bbox 804 377 933 406; x_wconf 81' lang='lat' dir='ltr'><strong>tamen</strong></span> <span class='ocrx_word' id='word_1_17' title='bbox 957 373 1067 418; x_wconf 90' lang='lat' dir='ltr'><strong>plura</strong></span> <span class='ocrx_word' id='word_1_18' title='bbox 1100 372 1308 407; x_wconf 89' lang='lat' dir='ltr'><strong>Diodorum</strong></span> <span class='ocrx_word' id='word_1_19' title='bbox 1335 373 1382 408; x_wconf 87' lang='lat' dir='ltr'><strong>de</strong></span> <span class='ocrx_word' id='word_1_20' title='bbox 1405 371 1650 420; x_wconf 77' lang='lat' dir='ltr'><strong>Aethiopibus</strong></span> <span class='ocrx_word' id='word_1_21' title='bbox 1677 375 1736 409; x_wconf 85' lang='lat' dir='ltr'><strong>his</strong></span> 
     </span>
     <span class='ocr_line' id='line_1_4' title="bbox 289 429 1740 479; baseline -0.003 -9"><span class='ocrx_word' id='word_1_22' title='bbox 289 437 436 470; x_wconf 80' lang='lat' dir='ltr'><strong>rescire</strong></span> <span class='ocrx_word' id='word_1_23' title='bbox 456 435 646 479; x_wconf 80' lang='lat' dir='ltr'><strong>potuisse3</strong></span> <span class='ocrx_word' id='word_1_24' title='bbox 671 441 755 464; x_wconf 89' lang='lat' dir='ltr'><strong>nam</strong></span> <span class='ocrx_word' id='word_1_25' title='bbox 781 429 940 463; x_wconf 87' lang='lat' dir='ltr'><strong>Romani</strong></span> <span class='ocrx_word' id='word_1_26' title='bbox 961 440 1007 464; x_wconf 86' lang='lat' dir='ltr'><strong>eo</strong></span> <span class='ocrx_word' id='word_1_27' title='bbox 1030 436 1200 474; x_wconf 89' lang='lat' dir='ltr'><strong>tempore</strong></span> <span class='ocrx_word' id='word_1_28' title='bbox 1221 429 1400 464; x_wconf 86' lang='lat' dir='ltr'><strong>Petronio</strong></span> <span class='ocrx_word' id='word_1_29' title='bbox 1415 432 1563 466; x_wconf 85' lang='lat' dir='ltr'><strong>ducein</strong></span> <span class='ocrx_word' id='word_1_30' title='bbox 1583 431 1740 467; x_wconf 85' lang='lat' dir='ltr'><strong>Aethio-</strong></span> 
     </span>
     <span class='ocr_line' id='line_1_5' title="bbox 291 484 1739 537; baseline -0.003 -11"><span class='ocrx_word' id='word_1_31' title='bbox 291 494 393 537; x_wconf 85' lang='lat' dir='ltr'><strong>piam</strong></span> <span class='ocrx_word' id='word_1_32' title='bbox 421 501 538 536; x_wconf 87' lang='lat' dir='ltr'><strong>usque</strong></span> <span class='ocrx_word' id='word_1_33' title='bbox 573 489 621 523; x_wconf 83' lang='lat' dir='ltr'><strong>ad</strong></span> <span class='ocrx_word' id='word_1_34' title='bbox 648 488 798 531; x_wconf 80' lang='lat' dir='ltr'><strong>Napata</strong></span> <span class='ocrx_word' id='word_1_35' title='bbox 829 489 1024 532; x_wconf 82' lang='lat' dir='ltr'>progressi</span> <span class='ocrx_word' id='word_1_36' title='bbox 1059 492 1188 528; x_wconf 85' lang='lat' dir='ltr'><strong>erant,</strong></span> <span class='ocrx_word' id='word_1_37' title='bbox 1224 484 1292 520; x_wconf 91' lang='lat' dir='ltr'><strong>sub</strong></span> <span class='ocrx_word' id='word_1_38' title='bbox 1317 497 1352 521; x_wconf 86' lang='lat' dir='ltr'><strong>a.</strong></span> <span class='ocrx_word' id='word_1_39' title='bbox 1376 489 1418 524; x_wconf 90' lang='lat' dir='ltr'><strong>U.</strong></span> <span class='ocrx_word' id='word_1_40' title='bbox 1439 489 1478 524; x_wconf 85' lang='lat' dir='ltr'><strong>C.</strong></span> <span class='ocrx_word' id='word_1_41' title='bbox 1499 487 1591 526; x_wconf 79' lang='lat'><strong>⁷31.</strong></span> <span class='ocrx_word' id='word_1_42' title='bbox 1613 490 1652 523; x_wconf 89' lang='grc'><strong>2.</strong></span> <span class='ocrx_word' id='word_1_43' title='bbox 1686 490 1739 532; x_wconf 83' lang='lat' dir='ltr'><strong>(v.</strong></span> 
     </span>
     <span class='ocr_line' id='line_1_6' title="bbox 293 543 1740 591; baseline 0.008 -22"><span class='ocrx_word' id='word_1_44' title='bbox 293 549 431 584; x_wconf 59' lang='lat' dir='ltr'>Strabo</span> <span class='ocrx_word' id='word_1_45' title='bbox 458 549 482 584; x_wconf 48' lang='lat'><strong>1·</strong></span> <span class='ocrx_word' id='word_1_46' title='bbox 501 559 532 582; x_wconf 57' lang='grc'><strong>6,</strong></span> <span class='ocrx_word' id='word_1_47' title='bbox 565 557 603 591; x_wconf 77' lang='lat' dir='ltr'><strong>p,</strong></span> <span class='ocrx_word' id='word_1_48' title='bbox 626 544 759 589; x_wconf 59' lang='lat'>1175)</span> <span class='ocrx_word' id='word_1_49' title='bbox 791 543 874 588; x_wconf 87' lang='lat' dir='ltr'><strong>ipse</strong></span> <span class='ocrx_word' id='word_1_50' title='bbox 899 549 1026 578; x_wconf 86' lang='lat' dir='ltr'><strong>autem</strong></span> <span class='ocrx_word' id='word_1_51' title='bbox 1052 544 1244 578; x_wconf 88' lang='lat' dir='ltr'><strong>Diodorus</strong></span> <span class='ocrx_word' id='word_1_52' title='bbox 1266 545 1382 578; x_wconf 88' lang='lat' dir='ltr'><strong>tertio</strong></span> <span class='ocrx_word' id='word_1_53' title='bbox 1409 544 1495 579; x_wconf 90' lang='lat' dir='ltr'><strong>hinc</strong></span> <span class='ocrx_word' id='word_1_54' title='bbox 1521 557 1620 580; x_wconf 90' lang='lat' dir='ltr'><strong>anno</strong></span> <span class='ocrx_word' id='word_1_55' title='bbox 1644 546 1740 580; x_wconf 81' lang='lat' dir='ltr'><strong>adiit</strong></span> 
     </span>
     <span class='ocr_line' id='line_1_7' title="bbox 289 597 1740 652; baseline -0.003 -11"><span class='ocrx_word' id='word_1_56' title='bbox 289 609 503 652; x_wconf 80' lang='lat' dir='ltr'><strong>Aegyptum</strong></span> <span class='ocrx_word' id='word_1_57' title='bbox 530 605 582 649; x_wconf 88' lang='lat' dir='ltr'><strong>(a.</strong></span> <span class='ocrx_word' id='word_1_58' title='bbox 605 601 715 646; x_wconf 82' lang='lat'>734.)</span> <span class='ocrx_word' id='word_1_59' title='bbox 757 604 800 634; x_wconf 86' lang='lat' dir='ltr'><strong>ut</strong></span> <span class='ocrx_word' id='word_1_60' title='bbox 830 600 927 636; x_wconf 88' lang='lat' dir='ltr'><strong>adeo</strong></span> <span class='ocrx_word' id='word_1_61' title='bbox 953 601 1122 647; x_wconf 87' lang='lat' dir='ltr'><strong>legatos,</strong></span> <span class='ocrx_word' id='word_1_62' title='bbox 1147 597 1195 634; x_wconf 90' lang='lat' dir='ltr'><strong>de</strong></span> <span class='ocrx_word' id='word_1_63' title='bbox 1220 601 1416 636; x_wconf 86' lang='lat' dir='ltr'><strong>deditione</strong></span> <span class='ocrx_word' id='word_1_64' title='bbox 1442 613 1466 636; x_wconf 87' lang='lat' dir='ltr'><strong>a</strong></span> <span class='ocrx_word' id='word_1_65' title='bbox 1490 605 1623 648; x_wconf 86' lang='lat' dir='ltr'><strong>regina</strong></span> <span class='ocrx_word' id='word_1_66' title='bbox 1647 605 1740 637; x_wconf 89' lang='lat' dir='ltr'><strong>Can-</strong></span> 
     </span>
     <span class='ocr_line' id='line_1_8' title="bbox 291 657 1741 705; baseline -0.004 -6"><span class='ocrx_word' id='word_1_67' title='bbox 291 665 384 699; x_wconf 87' lang='lat' dir='ltr'><strong>dace</strong></span> <span class='ocrx_word' id='word_1_68' title='bbox 411 664 568 702; x_wconf 88' lang='lat' dir='ltr'><strong>missos,</strong></span> <span class='ocrx_word' id='word_1_69' title='bbox 596 659 716 693; x_wconf 85' lang='lat' dir='ltr'><strong>fuisse</strong></span> <span class='ocrx_word' id='word_1_70' title='bbox 752 667 819 693; x_wconf 89' lang='lat' dir='ltr'><strong>eos</strong></span> <span class='ocrx_word' id='word_1_71' title='bbox 849 659 954 703; x_wconf 91' lang='lat' dir='ltr'><strong>ipsos</strong></span> <span class='ocrx_word' id='word_1_72' title='bbox 991 668 1086 705; x_wconf 87' lang='lat' dir='ltr'><strong>quos</strong></span> <span class='ocrx_word' id='word_1_73' title='bbox 1118 657 1314 693; x_wconf 81' lang='lat' dir='ltr'><strong>Diodorus</strong></span> <span class='ocrx_word' id='word_1_74' title='bbox 1354 661 1577 696; x_wconf 84' lang='lat' dir='ltr'><strong>convenisse</strong></span> <span class='ocrx_word' id='word_1_75' title='bbox 1607 664 1741 695; x_wconf 87' lang='lat' dir='ltr'><strong>narrat</strong></span> 
     </span>
     <span class='ocr_line' id='line_1_9' title="bbox 291 719 645 755; baseline -0.02 0"><span class='ocrx_word' id='word_1_76' title='bbox 291 720 450 755; x_wconf 86' lang='lat' dir='ltr'><strong>credere</strong></span> <span class='ocrx_word' id='word_1_77' title='bbox 475 719 591 751; x_wconf 91' lang='lat' dir='ltr'><strong>liceat</strong></span> <span class='ocrx_word' id='word_1_78' title='bbox 611 719 645 749; x_wconf 90' lang='lat'><strong>2.</strong></span> 
     </span>
    </p>

    <p class='ocr_par' dir='ltr' id='par_1_3' title="bbox 286 769 1747 2476">
     <span class='ocr_line' id='line_1_10' title="bbox 380 769 1744 819; baseline -0.001 -10"><span class='ocrx_word' id='word_1_79' title='bbox 380 775 603 819; x_wconf 83' lang='lat' dir='ltr'>Aethiopiae</span> <span class='ocrx_word' id='word_1_80' title='bbox 637 771 742 806; x_wconf 89' lang='lat' dir='ltr'><strong>notio</strong></span> <span class='ocrx_word' id='word_1_81' title='bbox 766 769 866 816; x_wconf 82' lang='lat' dir='ltr'><strong>apud</strong></span> <span class='ocrx_word' id='word_1_82' title='bbox 894 771 1104 806; x_wconf 86' lang='lat' dir='ltr'><strong>Homerum</strong></span> <span class='ocrx_word' id='word_1_83' title='bbox 1135 770 1212 807; x_wconf 87' lang='lat' dir='ltr'><strong>iam</strong></span> <span class='ocrx_word' id='word_1_84' title='bbox 1241 771 1425 816; x_wconf 84' lang='lat' dir='ltr'><strong>occurrit,</strong></span> <span class='ocrx_word' id='word_1_85' title='bbox 1459 771 1532 808; x_wconf 81' lang='lat' dir='ltr'><strong>etsi</strong></span> <span class='ocrx_word' id='word_1_86' title='bbox 1556 770 1744 816; x_wconf 83' lang='lat' dir='ltr'><strong>fabulosa,</strong></span> 
     </span>
     <span class='ocr_line' id='line_1_11' title="bbox 290 829 1742 874; baseline -0.003 -6"><span class='ocrx_word' id='word_1_87' title='bbox 290 833 473 868; x_wconf 87' lang='lat' dir='ltr'><strong>hactenus</strong></span> <span class='ocrx_word' id='word_1_88' title='bbox 509 835 638 865; x_wconf 88' lang='lat' dir='ltr'><strong>tamen</strong></span> <span class='ocrx_word' id='word_1_89' title='bbox 671 829 952 871; x_wconf 79' lang='lat' dir='ltr'><strong>memorabiliS,</strong></span> <span class='ocrx_word' id='word_1_90' title='bbox 987 829 1087 874; x_wconf 92' lang='lat' dir='ltr'><strong>quod</strong></span> <span class='ocrx_word' id='word_1_91' title='bbox 1121 830 1218 864; x_wconf 87' lang='lat' dir='ltr'><strong>alios</strong></span> <span class='ocrx_word' id='word_1_92' title='bbox 1251 832 1437 864; x_wconf 84' lang='lat' dir='ltr'>orientem</span> <span class='ocrx_word' id='word_1_93' title='bbox 1465 840 1619 872; x_wconf 85' lang='lat' dir='ltr'><strong>versus,</strong></span> <span class='ocrx_word' id='word_1_94' title='bbox 1645 832 1742 865; x_wconf 85' lang='lat' dir='ltr'><strong>alios</strong></span> 
     </span>
     <span class='ocr_line' id='line_1_12' title="bbox 288 885 1743 933; baseline -0.003 -7"><span class='ocrx_word' id='word_1_95' title='bbox 288 892 338 926; x_wconf 82' lang='lat' dir='ltr'><strong>ad</strong></span> <span class='ocrx_word' id='word_1_96' title='bbox 362 890 596 925; x_wconf 86' lang='lat' dir='ltr'><strong>occidentem</strong></span> <span class='ocrx_word' id='word_1_97' title='bbox 630 885 837 931; x_wconf 81' lang='lat' dir='ltr'><strong>Aethiopes</strong></span> <span class='ocrx_word' id='word_1_98' title='bbox 862 895 1072 930; x_wconf 81' lang='lat' dir='ltr'>agnoscere</span> <span class='ocrx_word' id='word_1_99' title='bbox 1096 887 1270 928; x_wconf 81' lang='lat' dir='ltr'><strong>videtur,</strong></span> <span class='ocrx_word' id='word_1_100' title='bbox 1296 888 1343 922; x_wconf 88' lang='lat' dir='ltr'><strong>de</strong></span> <span class='ocrx_word' id='word_1_101' title='bbox 1368 889 1503 933; x_wconf 83' lang='lat' dir='ltr'><strong>quibus</strong></span> <span class='ocrx_word' id='word_1_102' title='bbox 1528 889 1646 921; x_wconf 87' lang='lat' dir='ltr'><strong>multa</strong></span> <span class='ocrx_word' id='word_1_103' title='bbox 1668 888 1743 921; x_wconf 86' lang='lat' dir='ltr'><strong>dis-</strong></span> 
     </span>
     <span class='ocr_line' id='line_1_13' title="bbox 287 943 1739 993; baseline -0.002 -11"><span class='ocrx_word' id='word_1_104' title='bbox 287 953 398 993; x_wconf 86' lang='lat' dir='ltr'><strong>putat</strong></span> <span class='ocrx_word' id='word_1_105' title='bbox 431 946 567 980; x_wconf 88' lang='lat' dir='ltr'><strong>Strabo</strong></span> <span class='ocrx_word' id='word_1_106' title='bbox 605 944 650 988; x_wconf 86' lang='lat'><strong>(1,</strong></span> <span class='ocrx_word' id='word_1_107' title='bbox 677 953 712 987; x_wconf 86' lang='lat' dir='ltr'><strong>p.</strong></span> <span class='ocrx_word' id='word_1_108' title='bbox 735 943 787 978; x_wconf 87' lang='lat'><strong>58</strong></span> <span class='ocrx_word' id='word_1_109' title='bbox 823 946 863 977; x_wconf 81' lang='lat' dir='ltr'><strong>et</strong></span> <span class='ocrx_word' id='word_1_110' title='bbox 891 943 954 988; x_wconf 86' lang='lat' dir='ltr'><strong>al.)</strong></span> <span class='ocrx_word' id='word_1_111' title='bbox 1000 945 1180 988; x_wconf 87' lang='lat' dir='ltr'><strong>Agnoscit</strong></span> <span class='ocrx_word' id='word_1_112' title='bbox 1212 955 1360 990; x_wconf 90' lang='lat' dir='ltr'><strong>quoque</strong></span> <span class='ocrx_word' id='word_1_113' title='bbox 1393 950 1596 990; x_wconf 78' lang='lat' dir='ltr'><strong>utrosque,</strong></span> <span class='ocrx_word' id='word_1_114' title='bbox 1626 945 1739 979; x_wconf 81' lang='lat' dir='ltr'><strong>Asiae</strong></span> 
     </span>
     <span class='ocr_line' id='line_1_14' title="bbox 289 1000 1739 1047; baseline -0.001 -10"><span class='ocrx_word' id='word_1_115' title='bbox 289 1006 405 1046; x_wconf 89' lang='lat' dir='ltr'><strong>alios,</strong></span> <span class='ocrx_word' id='word_1_116' title='bbox 426 1003 529 1036; x_wconf 89' lang='lat' dir='ltr'><strong>Indis</strong></span> <span class='ocrx_word' id='word_1_117' title='bbox 547 1001 771 1042; x_wconf 76' lang='lat' dir='ltr'><strong>similioreS,</strong></span> <span class='ocrx_word' id='word_1_118' title='bbox 797 1001 894 1035; x_wconf 89' lang='lat' dir='ltr'><strong>alios</strong></span> <span class='ocrx_word' id='word_1_119' title='bbox 918 1000 1089 1043; x_wconf 80' lang='lat' dir='ltr'><strong>Africae,</strong></span> <span class='ocrx_word' id='word_1_120' title='bbox 1113 1002 1334 1036; x_wconf 87' lang='lat' dir='ltr'><strong>Herodotus</strong></span> <span class='ocrx_word' id='word_1_121' title='bbox 1359 1002 1458 1046; x_wconf 87' lang='lat' dir='ltr'><strong>(Vll,</strong></span> <span class='ocrx_word' id='word_1_122' title='bbox 1487 1003 1583 1047; x_wconf 83' lang='lat'><strong>70.).</strong></span> <span class='ocrx_word' id='word_1_123' title='bbox 1633 1002 1739 1036; x_wconf 85' lang='lat' dir='ltr'>Idem</span> 
     </span>
     <span class='ocr_line' id='line_1_15' title="bbox 287 1056 1742 1099; baseline -0.002 -4"><span class='ocrx_word' id='word_1_124' title='bbox 287 1061 509 1095; x_wconf 85' lang='lat' dir='ltr'><strong>Herodotus</strong></span> <span class='ocrx_word' id='word_1_125' title='bbox 535 1059 610 1092; x_wconf 87' lang='lat' dir='ltr'><strong>iam</strong></span> <span class='ocrx_word' id='word_1_126' title='bbox 637 1058 684 1091; x_wconf 91' lang='lat' dir='ltr'><strong>de</strong></span> <span class='ocrx_word' id='word_1_127' title='bbox 710 1057 844 1092; x_wconf 76' lang='lat' dir='ltr'><strong>Meroe</strong></span> <span class='ocrx_word' id='word_1_128' title='bbox 867 1058 1062 1099; x_wconf 80' lang='lat' dir='ltr'><strong>audierat,</strong></span> <span class='ocrx_word' id='word_1_129' title='bbox 1089 1062 1128 1092; x_wconf 83' lang='lat' dir='ltr'><strong>et</strong></span> <span class='ocrx_word' id='word_1_130' title='bbox 1145 1057 1228 1092; x_wconf 87' lang='lat' dir='ltr'><strong>XII.</strong></span> <span class='ocrx_word' id='word_1_131' title='bbox 1254 1059 1401 1092; x_wconf 89' lang='lat' dir='ltr'><strong>dierum</strong></span> <span class='ocrx_word' id='word_1_132' title='bbox 1427 1058 1565 1093; x_wconf 87' lang='lat' dir='ltr'><strong>itinere</strong></span> <span class='ocrx_word' id='word_1_133' title='bbox 1585 1056 1632 1092; x_wconf 88' lang='lat' dir='ltr'><strong>ab</strong></span> <span class='ocrx_word' id='word_1_134' title='bbox 1649 1060 1742 1092; x_wconf 88' lang='lat' dir='ltr'><strong>Ele-</strong></span> 
     </span>
     <span class='ocr_line' id='line_1_16' title="bbox 286 1114 1742 1165; baseline -0.002 -14"><span class='ocrx_word' id='word_1_135' title='bbox 286 1119 467 1165; x_wconf 84' lang='lat' dir='ltr'><strong>phantine</strong></span> <span class='ocrx_word' id='word_1_136' title='bbox 484 1116 584 1150; x_wconf 84' lang='lat' dir='ltr'><strong>facto</strong></span> <span class='ocrx_word' id='word_1_137' title='bbox 602 1116 810 1160; x_wconf 84' lang='lat' dir='ltr'><strong>Aegyptios</strong></span> <span class='ocrx_word' id='word_1_138' title='bbox 831 1115 1064 1159; x_wconf 80' lang='lat' dir='ltr'>transfugas,</span> <span class='ocrx_word' id='word_1_139' title='bbox 1088 1115 1152 1159; x_wconf 87' lang='lat' dir='ltr'><strong>qui</strong></span> <span class='ocrx_word' id='word_1_140' title='bbox 1180 1115 1249 1148; x_wconf 90' lang='lat' dir='ltr'><strong>sub</strong></span> <span class='ocrx_word' id='word_1_141' title='bbox 1268 1114 1547 1149; x_wconf 85' lang='lat' dir='ltr'><strong>Psammeticho</strong></span> <span class='ocrx_word' id='word_1_142' title='bbox 1573 1124 1742 1149; x_wconf 85' lang='lat' dir='ltr'><strong>recesse-</strong></span> 
     </span>
     <span class='ocr_line' id='line_1_17' title="bbox 290 1169 1744 1219; baseline -0.003 -8"><span class='ocrx_word' id='word_1_143' title='bbox 290 1181 389 1218; x_wconf 85' lang='lat' dir='ltr'><strong>rant,</strong></span> <span class='ocrx_word' id='word_1_144' title='bbox 408 1176 508 1209; x_wconf 90' lang='lat' dir='ltr'><strong>inter</strong></span> <span class='ocrx_word' id='word_1_145' title='bbox 523 1174 610 1219; x_wconf 75' lang='lat'>[87]</span> <span class='ocrx_word' id='word_1_146' title='bbox 627 1172 832 1217; x_wconf 87' lang='lat' dir='ltr'><strong>Aethiopes</strong></span> <span class='ocrx_word' id='word_1_147' title='bbox 850 1173 1069 1207; x_wconf 83' lang='lat' dir='ltr'><strong>consedisse</strong></span> <span class='ocrx_word' id='word_1_148' title='bbox 1095 1177 1222 1206; x_wconf 87' lang='lat' dir='ltr'><strong>norat:</strong></span> <span class='ocrx_word' id='word_1_149' title='bbox 1250 1182 1325 1217; x_wconf 87' lang='lat' dir='ltr'><strong>qua</strong></span> <span class='ocrx_word' id='word_1_150' title='bbox 1345 1173 1429 1216; x_wconf 88' lang='lat' dir='ltr'><strong>ipsa</strong></span> <span class='ocrx_word' id='word_1_151' title='bbox 1449 1182 1489 1206; x_wconf 84' lang='lat' dir='ltr'><strong>re</strong></span> <span class='ocrx_word' id='word_1_152' title='bbox 1510 1169 1581 1206; x_wconf 91' lang='lat' dir='ltr'><strong>hoc</strong></span> <span class='ocrx_word' id='word_1_153' title='bbox 1593 1172 1744 1206; x_wconf 86' lang='lat' dir='ltr'><strong>Aethio-</strong></span> 
     </span>
     <span class='ocr_line' id='line_1_18' title="bbox 289 1229 1742 1280; baseline -0.002 -13"><span class='ocrx_word' id='word_1_154' title='bbox 289 1245 376 1280; x_wconf 84' lang='lat' dir='ltr'><strong>pum</strong></span> <span class='ocrx_word' id='word_1_155' title='bbox 410 1241 530 1277; x_wconf 86' lang='lat' dir='ltr'><strong>genus</strong></span> <span class='ocrx_word' id='word_1_156' title='bbox 562 1231 751 1274; x_wconf 80' lang='lat' dir='ltr'><strong>Aegyptia</strong></span> <span class='ocrx_word' id='word_1_157' title='bbox 787 1230 961 1263; x_wconf 87' lang='lat' dir='ltr'><strong>instituta</strong></span> <span class='ocrx_word' id='word_1_158' title='bbox 992 1229 1199 1263; x_wconf 78' lang='lat' dir='ltr'><strong>adscivisse</strong></span> <span class='ocrx_word' id='word_1_159' title='bbox 1227 1231 1309 1274; x_wconf 83' lang='lat' dir='ltr'><strong>quis</strong></span> <span class='ocrx_word' id='word_1_160' title='bbox 1335 1230 1514 1263; x_wconf 61' lang='lat' dir='ltr'><strong>miretur‘!</strong></span> <span class='ocrx_word' id='word_1_161' title='bbox 1547 1231 1627 1273; x_wconf 87' lang='lat' dir='ltr'><strong>ipse</strong></span> <span class='ocrx_word' id='word_1_162' title='bbox 1652 1241 1742 1275; x_wconf 88' lang='lat' dir='ltr'><strong>quo-</strong></span> 
     </span>
     <span class='ocr_line' id='line_1_19' title="bbox 290 1285 1743 1337; baseline -0.003 -12"><span class='ocrx_word' id='word_1_163' title='bbox 290 1302 363 1337; x_wconf 89' lang='lat' dir='ltr'><strong>que</strong></span> <span class='ocrx_word' id='word_1_164' title='bbox 387 1288 608 1323; x_wconf 87' lang='lat' dir='ltr'><strong>Herodotus</strong></span> <span class='ocrx_word' id='word_1_165' title='bbox 632 1289 705 1320; x_wconf 87' lang='lat' dir='ltr'><strong>iam</strong></span> <span class='ocrx_word' id='word_1_166' title='bbox 732 1291 810 1320; x_wconf 90' lang='lat' dir='ltr'><strong>tum</strong></span> <span class='ocrx_word' id='word_1_167' title='bbox 838 1288 1117 1320; x_wconf 71' lang='lat' dir='ltr'><strong>mansuetiores</strong></span> <span class='ocrx_word' id='word_1_168' title='bbox 1140 1285 1346 1330; x_wconf 86' lang='lat' dir='ltr'><strong>Aethiopes</strong></span> <span class='ocrx_word' id='word_1_169' title='bbox 1369 1285 1534 1330; x_wconf 83' lang='lat' dir='ltr'><strong>receptis</strong></span> <span class='ocrx_word' id='word_1_170' title='bbox 1556 1286 1612 1319; x_wconf 87' lang='lat' dir='ltr'><strong>his</strong></span> <span class='ocrx_word' id='word_1_171' title='bbox 1637 1295 1743 1321; x_wconf 88' lang='lat' dir='ltr'><strong>acco-</strong></span> 
     </span>
     <span class='ocr_line' id='line_1_20' title="bbox 288 1343 1744 1388; baseline -0.003 -5"><span class='ocrx_word' id='word_1_172' title='bbox 288 1351 337 1384; x_wconf 89' lang='lat' dir='ltr'><strong>lis</strong></span> <span class='ocrx_word' id='word_1_173' title='bbox 363 1348 490 1381; x_wconf 64' lang='lat' dir='ltr'><strong>*factos&gt;</strong></span> <span class='ocrx_word' id='word_1_174' title='bbox 517 1349 648 1378; x_wconf 87' lang='lat' dir='ltr'><strong>narrat</strong></span> <span class='ocrx_word' id='word_1_175' title='bbox 680 1344 742 1387; x_wconf 86' lang='lat'><strong>(11,</strong></span> <span class='ocrx_word' id='word_1_176' title='bbox 771 1343 870 1387; x_wconf 80' lang='lat'>30.).</span> <span class='ocrx_word' id='word_1_177' title='bbox 915 1343 1152 1377; x_wconf 86' lang='lat' dir='ltr'><strong>Habitabant</strong></span> <span class='ocrx_word' id='word_1_178' title='bbox 1183 1354 1331 1388; x_wconf 90' lang='lat' dir='ltr'><strong>quoque</strong></span> <span class='ocrx_word' id='word_1_179' title='bbox 1361 1344 1538 1388; x_wconf 80' lang='lat' dir='ltr'><strong>permixti</strong></span> <span class='ocrx_word' id='word_1_180' title='bbox 1567 1352 1650 1377; x_wconf 88' lang='lat' dir='ltr'><strong>cum</strong></span> <span class='ocrx_word' id='word_1_181' title='bbox 1675 1345 1744 1378; x_wconf 84' lang='lat' dir='ltr'><strong>Ae-</strong></span> 
     </span>
     <span class='ocr_line' id='line_1_21' title="bbox 288 1399 1742 1450; baseline -0.003 -9"><span class='ocrx_word' id='word_1_182' title='bbox 288 1405 482 1450; x_wconf 83' lang='lat' dir='ltr'><strong>thiopibus</strong></span> <span class='ocrx_word' id='word_1_183' title='bbox 518 1402 694 1447; x_wconf 83' lang='lat' dir='ltr'><strong>Aegyptii</strong></span> <span class='ocrx_word' id='word_1_184' title='bbox 730 1401 769 1433; x_wconf 91' lang='lat' dir='ltr'><strong>in</strong></span> <span class='ocrx_word' id='word_1_185' title='bbox 802 1400 894 1444; x_wconf 87' lang='lat' dir='ltr'><strong>ipsis</strong></span> <span class='ocrx_word' id='word_1_186' title='bbox 927 1399 1104 1433; x_wconf 82' lang='lat' dir='ltr'><strong>confiniis¹</strong></span> <span class='ocrx_word' id='word_1_187' title='bbox 1134 1399 1233 1434; x_wconf 86' lang='lat' dir='ltr'><strong>circa</strong></span> <span class='ocrx_word' id='word_1_188' title='bbox 1268 1401 1547 1444; x_wconf 82' lang='lat' dir='ltr'><strong>Elephantinen</strong></span> <span class='ocrx_word' id='word_1_189' title='bbox 1579 1401 1742 1436; x_wconf 89' lang='lat' dir='ltr'><strong>insulam</strong></span> 
     </span>
     <span class='ocr_line' id='line_1_22' title="bbox 289 1455 1744 1507; baseline -0.004 -9"><span class='ocrx_word' id='word_1_190' title='bbox 289 1465 370 1499; x_wconf 73' lang='lat' dir='ltr'><strong>Nili</strong></span> <span class='ocrx_word' id='word_1_191' title='bbox 401 1463 465 1507; x_wconf 84' lang='lat'><strong>(11,</strong></span> <span class='ocrx_word' id='word_1_192' title='bbox 485 1460 580 1504; x_wconf 83' lang='lat'>29.).</span> <span class='ocrx_word' id='word_1_193' title='bbox 633 1459 843 1501; x_wconf 85' lang='lat' dir='ltr'><strong>Acceperat</strong></span> <span class='ocrx_word' id='word_1_194' title='bbox 885 1455 986 1490; x_wconf 90' lang='lat' dir='ltr'><strong>idem</strong></span> <span class='ocrx_word' id='word_1_195' title='bbox 1027 1456 1193 1490; x_wconf 86' lang='lat' dir='ltr'><strong>fabulam</strong></span> <span class='ocrx_word' id='word_1_196' title='bbox 1231 1457 1277 1491; x_wconf 91' lang='lat' dir='ltr'><strong>de</strong></span> <span class='ocrx_word' id='word_1_197' title='bbox 1313 1456 1529 1491; x_wconf 84' lang='lat' dir='ltr'><strong>Sesostride</strong></span> <span class='ocrx_word' id='word_1_198' title='bbox 1563 1459 1629 1492; x_wconf 85' lang='lat' dir='ltr'><strong>illa</strong></span> <span class='ocrx_word' id='word_1_199' title='bbox 1656 1459 1744 1493; x_wconf 88' lang='lat' dir='ltr'><strong>loca</strong></span> 
     </span>
     <span class='ocr_line' id='line_1_23' title="bbox 290 1514 1742 1563; baseline -0.004 -7"><span class='ocrx_word' id='word_1_200' title='bbox 290 1532 373 1556; x_wconf 91' lang='lat' dir='ltr'><strong>cum</strong></span> <span class='ocrx_word' id='word_1_201' title='bbox 401 1518 518 1563; x_wconf 89' lang='lat' dir='ltr'><strong>copiis</strong></span> <span class='ocrx_word' id='word_1_202' title='bbox 543 1519 775 1561; x_wconf 76' lang='lat' dir='ltr'><strong>pervagato,</strong></span> <span class='ocrx_word' id='word_1_203' title='bbox 810 1514 874 1558; x_wconf 90' lang='lat'><strong>(11,</strong></span> <span class='ocrx_word' id='word_1_204' title='bbox 904 1515 998 1549; x_wconf 88' lang='grc'><strong>102.</strong></span> <span class='ocrx_word' id='word_1_205' title='bbox 1030 1515 1116 1547; x_wconf 86' lang='lat' dir='ltr'><strong>add.</strong></span> <span class='ocrx_word' id='word_1_206' title='bbox 1140 1514 1262 1548; x_wconf 83' lang='lat' dir='ltr'><strong>Strab.</strong></span> <span class='ocrx_word' id='word_1_207' title='bbox 1288 1514 1406 1550; x_wconf 86' lang='lat' dir='ltr'>XVII.</span> <span class='ocrx_word' id='word_1_208' title='bbox 1433 1526 1468 1559; x_wconf 85' lang='lat' dir='ltr'><strong>p.</strong></span> <span class='ocrx_word' id='word_1_209' title='bbox 1493 1514 1662 1559; x_wconf 59' lang='lat'><strong>11-1421)</strong></span> <span class='ocrx_word' id='word_1_210' title='bbox 1703 1520 1742 1550; x_wconf 83' lang='lat' dir='ltr'><strong>et</strong></span> 
     </span>
     <span class='ocr_line' id='line_1_24' title="bbox 290 1568 1742 1620; baseline -0.004 -7"><span class='ocrx_word' id='word_1_211' title='bbox 290 1579 338 1613; x_wconf 90' lang='lat' dir='ltr'><strong>de</strong></span> <span class='ocrx_word' id='word_1_212' title='bbox 369 1575 616 1620; x_wconf 82' lang='lat' dir='ltr'><strong>Aethiopibus</strong></span> <span class='ocrx_word' id='word_1_213' title='bbox 651 1573 697 1606; x_wconf 85' lang='lat' dir='ltr'><strong>ab</strong></span> <span class='ocrx_word' id='word_1_214' title='bbox 732 1583 777 1607; x_wconf 91' lang='lat' dir='ltr'><strong>eo</strong></span> <span class='ocrx_word' id='word_1_215' title='bbox 810 1572 921 1605; x_wconf 76' lang='lat' dir='ltr'><strong>victis</strong></span> <span class='ocrx_word' id='word_1_216' title='bbox 954 1568 1155 1615; x_wconf 84' lang='lat'><em>(11‚110.).</em></span> <span class='ocrx_word' id='word_1_217' title='bbox 1210 1570 1301 1605; x_wconf 79' lang='lat' dir='ltr'><strong>Mox</strong></span> <span class='ocrx_word' id='word_1_218' title='bbox 1351 1577 1482 1605; x_wconf 89' lang='lat' dir='ltr'><strong>narrat</strong></span> <span class='ocrx_word' id='word_1_219' title='bbox 1529 1573 1742 1618; x_wconf 80' lang='lat' dir='ltr'><strong>Cambysen</strong></span> 
     </span>
     <span class='ocr_line' id='line_1_25' title="bbox 288 1626 1745 1678; baseline -0.005 -7"><span class='ocrx_word' id='word_1_220' title='bbox 288 1635 494 1678; x_wconf 82' lang='lat' dir='ltr'><strong>Aethiopes</strong></span> <span class='ocrx_word' id='word_1_221' title='bbox 526 1633 731 1676; x_wconf 81' lang='lat' dir='ltr'><strong>subiugare</strong></span> <span class='ocrx_word' id='word_1_222' title='bbox 756 1631 924 1664; x_wconf 76' lang='lat' dir='ltr'><strong>voluisse</strong></span> <span class='ocrx_word' id='word_1_223' title='bbox 958 1626 1036 1671; x_wconf 57' lang='grc' dir='ltr'><strong>(ΙΙΙ,</strong></span> <span class='ocrx_word' id='word_1_224' title='bbox 1067 1630 1115 1663; x_wconf 84' lang='grc'><strong>17</strong></span> <span class='ocrx_word' id='word_1_225' title='bbox 1136 1632 1219 1674; x_wconf 90' lang='lat' dir='ltr'><strong>sq.):</strong></span> <span class='ocrx_word' id='word_1_226' title='bbox 1248 1626 1447 1663; x_wconf 78' lang='lat' dir='ltr'><strong>macrobios</strong></span> <span class='ocrx_word' id='word_1_227' title='bbox 1472 1639 1537 1663; x_wconf 85' lang='lat' dir='ltr'><strong>eos</strong></span> <span class='ocrx_word' id='word_1_228' title='bbox 1564 1631 1745 1674; x_wconf 81' lang='lat' dir='ltr'><strong>appellat,</strong></span> 
     </span>
     <span class='ocr_line' id='line_1_26' title="bbox 289 1686 1744 1732; baseline -0.005 -5"><span class='ocrx_word' id='word_1_229' title='bbox 289 1693 383 1727; x_wconf 87' lang='lat' dir='ltr'><strong>sede</strong></span> <span class='ocrx_word' id='word_1_230' title='bbox 407 1692 508 1725; x_wconf 86' lang='lat' dir='ltr'><strong>ultra</strong></span> <span class='ocrx_word' id='word_1_231' title='bbox 529 1689 784 1723; x_wconf 86' lang='lat' dir='ltr'><strong>conterminos</strong></span> <span class='ocrx_word' id='word_1_232' title='bbox 802 1689 975 1731; x_wconf 81' lang='lat' dir='ltr'><strong>Aegypto</strong></span> <span class='ocrx_word' id='word_1_233' title='bbox 986 1686 1189 1732; x_wconf 85' lang='lat' dir='ltr'><strong>Aethiopes</strong></span> <span class='ocrx_word' id='word_1_234' title='bbox 1215 1688 1431 1731; x_wconf 82' lang='lat' dir='ltr'><strong>assignata;</strong></span> <span class='ocrx_word' id='word_1_235' title='bbox 1457 1687 1559 1724; x_wconf 80' lang='lat' dir='ltr'><strong>(add.</strong></span> <span class='ocrx_word' id='word_1_236' title='bbox 1581 1688 1644 1729; x_wconf 84' lang='lat'><strong>111,</strong></span> <span class='ocrx_word' id='word_1_237' title='bbox 1661 1687 1744 1732; x_wconf 82' lang='lat'>97.)</span> 
     </span>
     <span class='ocr_line' id='line_1_27' title="bbox 288 1743 1744 1792; baseline -0.004 -9"><span class='ocrx_word' id='word_1_238' title='bbox 288 1752 392 1783; x_wconf 75' lang='lat' dir='ltr'><strong>viros</strong></span> <span class='ocrx_word' id='word_1_239' title='bbox 423 1747 592 1792; x_wconf 85' lang='lat' dir='ltr'><strong>proceris</strong></span> <span class='ocrx_word' id='word_1_240' title='bbox 626 1756 672 1780; x_wconf 89' lang='lat' dir='ltr'><strong>ac</strong></span> <span class='ocrx_word' id='word_1_241' title='bbox 704 1743 870 1791; x_wconf 86' lang='lat' dir='ltr'><strong>pulchris</strong></span> <span class='ocrx_word' id='word_1_242' title='bbox 906 1744 1126 1788; x_wconf 84' lang='lat' dir='ltr'><strong>corporibus</strong></span> <span class='ocrx_word' id='word_1_243' title='bbox 1161 1744 1363 1786; x_wconf 60' lang='lat'><strong>1111‚,20.).</strong></span> <span class='ocrx_word' id='word_1_244' title='bbox 1410 1743 1573 1778; x_wconf 79' lang='lat' dir='ltr'><strong>Miserat</strong></span> <span class='ocrx_word' id='word_1_245' title='bbox 1603 1745 1651 1778; x_wconf 88' lang='lat' dir='ltr'><strong>ad</strong></span> <span class='ocrx_word' id='word_1_246' title='bbox 1678 1755 1744 1779; x_wconf 81' lang='lat' dir='ltr'><strong>eos</strong></span> 
     </span>
     <span class='ocr_line' id='line_1_28' title="bbox 290 1798 1746 1850; baseline -0.003 -10"><span class='ocrx_word' id='word_1_247' title='bbox 290 1806 499 1850; x_wconf 85' lang='lat' dir='ltr'><strong>Cambyses</strong></span> <span class='ocrx_word' id='word_1_248' title='bbox 523 1803 673 1848; x_wconf 81' lang='lat' dir='ltr'><strong>legatos</strong></span> <span class='ocrx_word' id='word_1_249' title='bbox 703 1814 750 1838; x_wconf 82' lang='lat' dir='ltr'><strong>ex</strong></span> <span class='ocrx_word' id='word_1_250' title='bbox 773 1798 1068 1845; x_wconf 77' lang='lat' dir='ltr'><strong>Ichthyophagis</strong></span> <span class='ocrx_word' id='word_1_251' title='bbox 1094 1800 1140 1834; x_wconf 85' lang='lat' dir='ltr'><strong>ab</strong></span> <span class='ocrx_word' id='word_1_252' title='bbox 1158 1799 1411 1844; x_wconf 76' lang='lat' dir='ltr'><strong>Elephantine</strong></span> <span class='ocrx_word' id='word_1_253' title='bbox 1440 1802 1657 1844; x_wconf 79' lang='lat' dir='ltr'><strong>arcessitos,</strong></span> <span class='ocrx_word' id='word_1_254' title='bbox 1681 1803 1746 1847; x_wconf 89' lang='lat' dir='ltr'><strong>qui</strong></span> 
     </span>
     <span class='ocr_line' id='line_1_29' title="bbox 289 1858 1744 1909; baseline -0.002 -14"><span class='ocrx_word' id='word_1_255' title='bbox 289 1865 457 1909; x_wconf 84' lang='lat' dir='ltr'><strong>linguam</strong></span> <span class='ocrx_word' id='word_1_256' title='bbox 477 1861 686 1895; x_wconf 66' lang='lat' dir='ltr'><strong>‘callebant</strong></span> <span class='ocrx_word' id='word_1_257' title='bbox 737 1859 858 1901; x_wconf 76' lang='lat' dir='ltr'><strong>Quam</strong></span> <span class='ocrx_word' id='word_1_258' title='bbox 891 1858 1097 1892; x_wconf 82' lang='lat' dir='ltr'><strong>infeliciter</strong></span> <span class='ocrx_word' id='word_1_259' title='bbox 1128 1866 1191 1892; x_wconf 83' lang='lat' dir='ltr'><strong>res</strong></span> <span class='ocrx_word' id='word_1_260' title='bbox 1224 1859 1306 1901; x_wconf 86' lang='lat' dir='ltr'><strong>regi</strong></span> <span class='ocrx_word' id='word_1_261' title='bbox 1345 1858 1522 1897; x_wconf 85' lang='lat' dir='ltr'><strong>cesserit,</strong></span> <span class='ocrx_word' id='word_1_262' title='bbox 1557 1860 1599 1891; x_wconf 82' lang='lat' dir='ltr'><strong>ut</strong></span> <span class='ocrx_word' id='word_1_263' title='bbox 1623 1868 1744 1903; x_wconf 81' lang='lat' dir='ltr'><strong>expo-</strong></span> 
     </span>
     <span class='ocr_line' id='line_1_30' title="bbox 292 1912 1743 1964; baseline -0.005 -9"><span class='ocrx_word' id='word_1_264' title='bbox 292 1932 400 1963; x_wconf 86' lang='lat' dir='ltr'><strong>nam,</strong></span> <span class='ocrx_word' id='word_1_265' title='bbox 426 1928 519 1964; x_wconf 90' lang='lat' dir='ltr'><strong>opus</strong></span> <span class='ocrx_word' id='word_1_266' title='bbox 544 1929 618 1953; x_wconf 91' lang='lat' dir='ltr'><strong>non</strong></span> <span class='ocrx_word' id='word_1_267' title='bbox 645 1921 717 1952; x_wconf 88' lang='lat' dir='ltr'><strong>est.</strong></span> <span class='ocrx_word' id='word_1_268' title='bbox 771 1918 813 1951; x_wconf 91' lang='lat' dir='ltr'><strong>In</strong></span> <span class='ocrx_word' id='word_1_269' title='bbox 838 1912 1025 1962; x_wconf 85' lang='lat' dir='ltr'><strong>Strabone</strong></span> <span class='ocrx_word' id='word_1_270' title='bbox 1062 1914 1196 1959; x_wconf 83' lang='lat' dir='ltr'><strong>(xvll.</strong></span> <span class='ocrx_word' id='word_1_271' title='bbox 1224 1925 1248 1959; x_wconf 89' lang='lat' dir='ltr'><strong>p</strong></span> <span class='ocrx_word' id='word_1_272' title='bbox 1292 1914 1399 1949; x_wconf 86' lang='grc'>1176</span> <span class='ocrx_word' id='word_1_273' title='bbox 1423 1916 1476 1959; x_wconf 82' lang='grc' dir='ltr'><strong>Α.)</strong></span> <span class='ocrx_word' id='word_1_274' title='bbox 1512 1915 1637 1956; x_wconf 90' lang='lat' dir='ltr'><strong>locus,</strong></span> <span class='ocrx_word' id='word_1_275' title='bbox 1670 1925 1743 1959; x_wconf 87' lang='lat' dir='ltr'><strong>quo</strong></span> 
     </span>
     <span class='ocr_line' id='line_1_31' title="bbox 293 1972 1743 2021; baseline -0.004 -9"><span class='ocrx_word' id='word_1_276' title='bbox 293 1979 483 2013; x_wconf 83' lang='lat' dir='ltr'><strong>exercitus</strong></span> <span class='ocrx_word' id='word_1_277' title='bbox 509 1977 688 2021; x_wconf 86' lang='lat' dir='ltr'><strong>perierit,</strong></span> <span class='ocrx_word' id='word_1_278' title='bbox 714 1977 947 2007; x_wconf 83' lang='lat' dir='ltr'><strong>memoratur</strong></span> <span class='ocrx_word' id='word_1_279' title='bbox 969 1974 1069 2006; x_wconf 89' lang='lat' dir='ltr'><strong>inter</strong></span> <span class='ocrx_word' id='word_1_280' title='bbox 1093 1972 1278 2007; x_wconf 87' lang='lat' dir='ltr'><strong>Pselcheu</strong></span> <span class='ocrx_word' id='word_1_281' title='bbox 1306 1977 1345 2006; x_wconf 90' lang='lat' dir='ltr'><strong>et</strong></span> <span class='ocrx_word' id='word_1_282' title='bbox 1368 1972 1565 2014; x_wconf 87' lang='lat' dir='ltr'><strong>Premnin,</strong></span> <span class='ocrx_word' id='word_1_283' title='bbox 1590 1982 1743 2016; x_wconf 81' lang='lat' dir='ltr'><strong>parvam</strong></span> 
     </span>
     <span class='ocr_line' id='line_1_32' title="bbox 291 2028 1744 2084; baseline -0.005 -15"><span class='ocrx_word' id='word_1_284' title='bbox 291 2040 404 2084; x_wconf 82' lang='lat' dir='ltr'><strong>puta3</strong></span> <span class='ocrx_word' id='word_1_285' title='bbox 429 2040 498 2067; x_wconf 85' lang='lat' dir='ltr'><strong>nec</strong></span> <span class='ocrx_word' id='word_1_286' title='bbox 522 2034 610 2066; x_wconf 88' lang='lat' dir='ltr'><strong>dum</strong></span> <span class='ocrx_word' id='word_1_287' title='bbox 636 2031 732 2065; x_wconf 85' lang='lat' dir='ltr'><strong>adeo</strong></span> <span class='ocrx_word' id='word_1_288' title='bbox 759 2030 807 2064; x_wconf 88' lang='lat' dir='ltr'><strong>ad</strong></span> <span class='ocrx_word' id='word_1_289' title='bbox 831 2033 1090 2065; x_wconf 84' lang='lat' dir='ltr'><strong>Catarractam</strong></span> <span class='ocrx_word' id='word_1_290' title='bbox 1118 2031 1300 2063; x_wconf 82' lang='lat' dir='ltr'><strong>maiorem</strong></span> <span class='ocrx_word' id='word_1_291' title='bbox 1327 2034 1569 2074; x_wconf 87' lang='lat' dir='ltr'><strong>pervenerat.</strong></span> <span class='ocrx_word' id='word_1_292' title='bbox 1618 2028 1744 2074; x_wconf 89' lang='lat' dir='ltr'><strong>Suspi-</strong></span> 
     </span>
     <span class='ocr_line' id='line_1_33' title="bbox 291 2085 1743 2132; baseline -0.005 -5"><span class='ocrx_word' id='word_1_293' title='bbox 291 2095 369 2128; x_wconf 84' lang='lat' dir='ltr'><strong>cari</strong></span> <span class='ocrx_word' id='word_1_294' title='bbox 393 2091 488 2125; x_wconf 83' lang='lat' dir='ltr'><strong>adeo</strong></span> <span class='ocrx_word' id='word_1_295' title='bbox 524 2090 615 2123; x_wconf 87' lang='lat' dir='ltr'><strong>licet</strong></span> <span class='ocrx_word' id='word_1_296' title='bbox 653 2087 866 2122; x_wconf 83' lang='lat' dir='ltr'><strong>macrobios</strong></span> <span class='ocrx_word' id='word_1_297' title='bbox 901 2088 990 2121; x_wconf 84' lang='lat' dir='ltr'><strong>illos</strong></span> <span class='ocrx_word' id='word_1_298' title='bbox 1018 2088 1141 2121; x_wconf 89' lang='lat' dir='ltr'><strong>nullos</strong></span> <span class='ocrx_word' id='word_1_299' title='bbox 1165 2087 1260 2120; x_wconf 83' lang='lat' dir='ltr'><strong>alios</strong></span> <span class='ocrx_word' id='word_1_300' title='bbox 1287 2085 1425 2125; x_wconf 86' lang='lat' dir='ltr'><strong>fuisse,</strong></span> <span class='ocrx_word' id='word_1_301' title='bbox 1449 2096 1559 2130; x_wconf 84' lang='lat' dir='ltr'><strong>quam</strong></span> <span class='ocrx_word' id='word_1_302' title='bbox 1588 2097 1654 2120; x_wconf 89' lang='lat' dir='ltr'><strong>eos</strong></span> <span class='ocrx_word' id='word_1_303' title='bbox 1680 2089 1743 2132; x_wconf 81' lang='lat' dir='ltr'><strong>qui</strong></span> 
     </span>
     <span class='ocr_line' id='line_1_34' title="bbox 289 2140 1743 2193; baseline -0.005 -9"><span class='ocrx_word' id='word_1_304' title='bbox 289 2150 527 2193; x_wconf 81' lang='lat' dir='ltr'><strong>Aethiopiam</strong></span> <span class='ocrx_word' id='word_1_305' title='bbox 569 2148 726 2191; x_wconf 81' lang='lat' dir='ltr'><strong>proprie</strong></span> <span class='ocrx_word' id='word_1_306' title='bbox 761 2145 900 2178; x_wconf 85' lang='lat' dir='ltr'><strong>dictam</strong></span> <span class='ocrx_word' id='word_1_307' title='bbox 940 2146 1041 2178; x_wconf 91' lang='lat' dir='ltr'><strong>circa</strong></span> <span class='ocrx_word' id='word_1_308' title='bbox 1081 2146 1243 2178; x_wconf 87' lang='lat' dir='ltr'><strong>Meroen</strong></span> <span class='ocrx_word' id='word_1_309' title='bbox 1284 2140 1523 2184; x_wconf 82' lang='lat' dir='ltr'><strong>habitabant,</strong></span> <span class='ocrx_word' id='word_1_310' title='bbox 1571 2143 1743 2188; x_wconf 80' lang='lat' dir='ltr'><strong>adeoque</strong></span> 
     </span>
     <span class='ocr_line' id='line_1_35' title="bbox 288 2201 1744 2249; baseline -0.005 -7"><span class='ocrx_word' id='word_1_311' title='bbox 288 2208 530 2247; x_wconf 87' lang='lat' dir='ltr'><strong>Abessinios,</strong></span> <span class='ocrx_word' id='word_1_312' title='bbox 566 2205 628 2249; x_wconf 89' lang='lat' dir='ltr'><strong>qui</strong></span> <span class='ocrx_word' id='word_1_313' title='bbox 660 2205 760 2236; x_wconf 89' lang='lat' dir='ltr'><strong>inter</strong></span> <span class='ocrx_word' id='word_1_314' title='bbox 791 2203 1071 2235; x_wconf 76' lang='lat' dir='ltr'><strong>vetustissimas</strong></span> <span class='ocrx_word' id='word_1_315' title='bbox 1103 2201 1256 2234; x_wconf 85' lang='lat' dir='ltr'><strong>humani</strong></span> <span class='ocrx_word' id='word_1_316' title='bbox 1289 2201 1444 2244; x_wconf 82' lang='lat' dir='ltr'><strong>generis</strong></span> <span class='ocrx_word' id='word_1_317' title='bbox 1475 2202 1614 2245; x_wconf 88' lang='lat' dir='ltr'><strong>stirpes</strong></span> <span class='ocrx_word' id='word_1_318' title='bbox 1646 2201 1744 2234; x_wconf 82' lang='lat' dir='ltr'><strong>refe-</strong></span> 
     </span>
     <span class='ocr_line' id='line_1_36' title="bbox 290 2257 1747 2302; baseline -0.008 -3"><span class='ocrx_word' id='word_1_319' title='bbox 290 2266 400 2299; x_wconf 88' lang='lat' dir='ltr'><strong>rendi</strong></span> <span class='ocrx_word' id='word_1_320' title='bbox 437 2273 523 2296; x_wconf 87' lang='lat' dir='ltr'><strong>esse</strong></span> <span class='ocrx_word' id='word_1_321' title='bbox 558 2261 734 2294; x_wconf 80' lang='lat' dir='ltr'><strong>videntur</strong></span> <span class='ocrx_word' id='word_1_322' title='bbox 759 2264 791 2291; x_wconf 82' lang='lat'><strong>3.</strong></span> <span class='ocrx_word' id='word_1_323' title='bbox 837 2260 1008 2293; x_wconf 87' lang='lat' dir='ltr'><strong>Tandem</strong></span> <span class='ocrx_word' id='word_1_324' title='bbox 1037 2259 1258 2292; x_wconf 86' lang='lat' dir='ltr'><strong>Herodotus</strong></span> <span class='ocrx_word' id='word_1_325' title='bbox 1292 2257 1393 2289; x_wconf 86' lang='lat' dir='ltr'><strong>inter</strong></span> <span class='ocrx_word' id='word_1_326' title='bbox 1425 2264 1512 2299; x_wconf 85' lang='lat' dir='ltr'><strong>eos,</strong></span> <span class='ocrx_word' id='word_1_327' title='bbox 1547 2258 1608 2302; x_wconf 88' lang='lat' dir='ltr'><strong>qui</strong></span> <span class='ocrx_word' id='word_1_328' title='bbox 1645 2257 1747 2291; x_wconf 84' lang='lat' dir='ltr'><strong>dona</strong></span> 
     </span>
     <span class='ocr_line' id='line_1_37' title="bbox 290 2313 1746 2363; baseline -0.006 -7"><span class='ocrx_word' id='word_1_329' title='bbox 290 2321 494 2356; x_wconf 86' lang='lat' dir='ltr'><strong>Persarum</strong></span> <span class='ocrx_word' id='word_1_330' title='bbox 527 2318 703 2363; x_wconf 79' lang='lat' dir='ltr'><strong>regibus,</strong></span> <span class='ocrx_word' id='word_1_331' title='bbox 733 2315 868 2350; x_wconf 88' lang='lat' dir='ltr'><strong>saltem</strong></span> <span class='ocrx_word' id='word_1_332' title='bbox 901 2316 1047 2357; x_wconf 87' lang='lat' dir='ltr'><strong>Dario,</strong></span> <span class='ocrx_word' id='word_1_333' title='bbox 1077 2317 1282 2356; x_wconf 83' lang='lat' dir='ltr'><strong>miserant,</strong></span> <span class='ocrx_word' id='word_1_334' title='bbox 1317 2318 1503 2347; x_wconf 84' lang='lat' dir='ltr'><strong>memorat</strong></span> <span class='ocrx_word' id='word_1_335' title='bbox 1528 2313 1746 2358; x_wconf 85' lang='lat' dir='ltr'><strong>Aethiopes,</strong></span> 
     </span>
     <span class='ocr_line' id='line_1_38' title="bbox 291 2372 1743 2424; baseline -0.005 -13"><span class='ocrx_word' id='word_1_336' title='bbox 291 2381 412 2424; x_wconf 89' lang='lat' dir='ltr'><strong>primo</strong></span> <span class='ocrx_word' id='word_1_337' title='bbox 443 2377 642 2420; x_wconf 82' lang='lat' dir='ltr'><strong>Aegyptiis</strong></span> <span class='ocrx_word' id='word_1_338' title='bbox 676 2374 951 2415; x_wconf 85' lang='lat' dir='ltr'><strong>conterminos,</strong></span> <span class='ocrx_word' id='word_1_339' title='bbox 994 2378 1075 2407; x_wconf 88' lang='lat' dir='ltr'><strong>tum</strong></span> <span class='ocrx_word' id='word_1_340' title='bbox 1109 2374 1170 2418; x_wconf 84' lang='lat' dir='ltr'><strong>qui</strong></span> <span class='ocrx_word' id='word_1_341' title='bbox 1206 2372 1349 2415; x_wconf 73' lang='lat' dir='ltr'><strong>Nysam</strong></span> <span class='ocrx_word' id='word_1_342' title='bbox 1387 2379 1502 2414; x_wconf 85' lang='lat' dir='ltr'><strong>supra</strong></span> <span class='ocrx_word' id='word_1_343' title='bbox 1528 2372 1743 2416; x_wconf 85' lang='lat' dir='ltr'><strong>Aegyptum</strong></span> 
     </span>
     <span class='ocr_line' id='line_1_39' title="bbox 290 2428 1744 2476; baseline -0.006 -7"><span class='ocrx_word' id='word_1_344' title='bbox 290 2436 506 2470; x_wconf 88' lang='lat' dir='ltr'><strong>incolerent</strong></span> <span class='ocrx_word' id='word_1_345' title='bbox 531 2433 611 2475; x_wconf 73' lang='grc' dir='ltr'>(ΙΙΙ,</span> <span class='ocrx_word' id='word_1_346' title='bbox 632 2431 704 2476; x_wconf 76' lang='grc'><strong>97;</strong></span> <span class='ocrx_word' id='word_1_347' title='bbox 726 2432 774 2475; x_wconf 89' lang='lat'><strong>11,</strong></span> <span class='ocrx_word' id='word_1_348' title='bbox 798 2430 927 2475; x_wconf 82' lang='lat'><strong>146.),·</strong></span> <span class='ocrx_word' id='word_1_349' title='bbox 952 2439 1018 2465; x_wconf 88' lang='lat' dir='ltr'><strong>eos</strong></span> <span class='ocrx_word' id='word_1_350' title='bbox 1044 2440 1092 2465; x_wconf 81' lang='lat' dir='ltr'><strong>ex</strong></span> <span class='ocrx_word' id='word_1_351' title='bbox 1117 2429 1364 2474; x_wconf 81' lang='lat' dir='ltr'><strong>Troglodytis</strong></span> <span class='ocrx_word' id='word_1_352' title='bbox 1389 2428 1510 2462; x_wconf 84' lang='lat' dir='ltr'><strong>fuisse</strong></span> <span class='ocrx_word' id='word_1_353' title='bbox 1536 2438 1584 2463; x_wconf 86' lang='lat' dir='ltr'><strong>ex</strong></span> <span class='ocrx_word' id='word_1_354' title='bbox 1609 2429 1744 2464; x_wconf 88' lang='lat' dir='ltr'><strong>eodem</strong></span> 
     </span>
    </p>
   </div>
   <div class='ocr_carea' id='block_1_3' title="bbox 292 2555 1742 2653">
    <p class='ocr_par' dir='ltr' id='par_1_4' title="bbox 292 2555 1742 2653">
     <span class='ocr_line' id='line_1_40' title="bbox 385 2555 1742 2604; baseline -0.004 -7"><span class='ocrx_word' id='word_1_355' title='bbox 385 2566 404 2602; x_wconf 90' lang='lat'>1</span> <span class='ocrx_word' id='word_1_356' title='bbox 440 2562 524 2598; x_wconf 81' lang='lat' dir='ltr'><strong>Vid.</strong></span> <span class='ocrx_word' id='word_1_357' title='bbox 557 2560 669 2596; x_wconf 82' lang='lat' dir='ltr'><strong>Diod.</strong></span> <span class='ocrx_word' id='word_1_358' title='bbox 705 2561 751 2604; x_wconf 79' lang='lat' dir='ltr'><strong>II,</strong></span> <span class='ocrx_word' id='word_1_359' title='bbox 776 2562 845 2603; x_wconf 64' lang='lat'><strong>15„</strong></span> <span class='ocrx_word' id='word_1_360' title='bbox 884 2560 947 2594; x_wconf 87' lang='lat' dir='ltr'><strong>ubi</strong></span> <span class='ocrx_word' id='word_1_361' title='bbox 985 2560 1032 2597; x_wconf 81' lang='lat' dir='ltr'><strong>cf.</strong></span> <span class='ocrx_word' id='word_1_362' title='bbox 1069 2560 1283 2603; x_wconf 67' lang='lat' dir='ltr'><strong>VVesseling.</strong></span> <span class='ocrx_word' id='word_1_363' title='bbox 1311 2562 1400 2604; x_wconf 61' lang='lat' dir='ltr'><strong>{post</strong></span> <span class='ocrx_word' id='word_1_364' title='bbox 1431 2556 1564 2592; x_wconf 82' lang='lat' dir='ltr'><strong>Herod.</strong></span> <span class='ocrx_word' id='word_1_365' title='bbox 1595 2555 1660 2597; x_wconf 79' lang='lat' dir='ltr'><strong>III,</strong></span> <span class='ocrx_word' id='word_1_366' title='bbox 1684 2555 1742 2593; x_wconf 69' lang='grc'><strong>24.</strong></span> 
     </span>
     <span class='ocr_line' id='line_1_41' title="bbox 292 2608 1170 2653; baseline -0.007 -7"><span class='ocrx_word' id='word_1_367' title='bbox 292 2611 376 2646; x_wconf 79' lang='lat' dir='ltr'><strong>add.</strong></span> <span class='ocrx_word' id='word_1_368' title='bbox 399 2611 514 2645; x_wconf 85' lang='lat' dir='ltr'><strong>Strab.</strong></span> <span class='ocrx_word' id='word_1_369' title='bbox 545 2610 653 2644; x_wconf 76' lang='lat' dir='ltr'><strong>XVII.</strong></span> <span class='ocrx_word' id='word_1_370' title='bbox 679 2621 713 2653; x_wconf 87' lang='lat' dir='ltr'><strong>p.</strong></span> <span class='ocrx_word' id='word_1_371' title='bbox 736 2610 824 2645; x_wconf 83' lang='lat'>1178</span> <span class='ocrx_word' id='word_1_372' title='bbox 842 2608 883 2640; x_wconf 88' lang='lat' dir='ltr'><strong>A.</strong></span> <span class='ocrx_word' id='word_1_373' title='bbox 900 2609 940 2641; x_wconf 93' lang='grc' dir='ltr'><strong>Β.</strong></span> <span class='ocrx_word' id='word_1_374' title='bbox 963 2616 1000 2650; x_wconf 85' lang='lat' dir='ltr'><strong>p.</strong></span> <span class='ocrx_word' id='word_1_375' title='bbox 1026 2608 1113 2644; x_wconf 73' lang='lat'>1125</span> <span class='ocrx_word' id='word_1_376' title='bbox 1131 2609 1170 2640; x_wconf 91' lang='grc' dir='ltr'><strong>Β.</strong></span> 
     </span>
    </p>
   </div>
   <div class='ocr_carea' id='block_1_4' title="bbox 293 2646 1742 2831">
    <p class='ocr_par' dir='ltr' id='par_1_5' title="bbox 293 2646 1742 2792">
     <span class='ocr_line' id='line_1_42' title="bbox 381 2646 1742 2697; baseline -0.007 -8"><span class='ocrx_word' id='word_1_377' title='bbox 381 2661 405 2694; x_wconf 75' lang='grc'>2</span> <span class='ocrx_word' id='word_1_378' title='bbox 427 2657 644 2689; x_wconf 75' lang='lat' dir='ltr'><strong>Successisse</strong></span> <span class='ocrx_word' id='word_1_379' title='bbox 676 2655 744 2686; x_wconf 83' lang='lat' dir='ltr'><strong>alia</strong></span> <span class='ocrx_word' id='word_1_380' title='bbox 779 2655 873 2686; x_wconf 84' lang='lat' dir='ltr'><strong>bella</strong></span> <span class='ocrx_word' id='word_1_381' title='bbox 905 2662 986 2697; x_wconf 86' lang='lat' dir='ltr'><strong>post</strong></span> <span class='ocrx_word' id='word_1_382' title='bbox 1020 2653 1105 2685; x_wconf 83' lang='lat' dir='ltr'><strong>haec</strong></span> <span class='ocrx_word' id='word_1_383' title='bbox 1138 2662 1296 2694; x_wconf 84' lang='lat' dir='ltr'><strong>tempora</strong></span> <span class='ocrx_word' id='word_1_384' title='bbox 1329 2651 1364 2682; x_wconf 90' lang='lat' dir='ltr'><strong>in</strong></span> <span class='ocrx_word' id='word_1_385' title='bbox 1388 2646 1443 2682; x_wconf 84' lang='lat' dir='ltr'><strong>his&#39;</strong></span> <span class='ocrx_word' id='word_1_386' title='bbox 1467 2647 1578 2690; x_wconf 70' lang='grc' dir='ltr'>Ῑοάε,</span> <span class='ocrx_word' id='word_1_387' title='bbox 1615 2648 1742 2690; x_wconf 85' lang='lat' dir='ltr'><strong>quibus</strong></span> 
     </span>
     <span class='ocr_line' id='line_1_43' title="bbox 293 2693 1742 2741; baseline -0.008 -6"><span class='ocrx_word' id='word_1_388' title='bbox 293 2704 399 2736; x_wconf 76' lang='lat' dir='ltr'><strong>facies</strong></span> <span class='ocrx_word' id='word_1_389' title='bbox 433 2712 557 2734; x_wconf 85' lang='lat' dir='ltr'><strong>eorum</strong></span> <span class='ocrx_word' id='word_1_390' title='bbox 590 2703 772 2734; x_wconf 81' lang='lat' dir='ltr'><strong>immutata</strong></span> <span class='ocrx_word' id='word_1_391' title='bbox 805 2708 877 2738; x_wconf 84' lang='lat' dir='ltr'><strong>est,</strong></span> <span class='ocrx_word' id='word_1_392' title='bbox 920 2700 1128 2741; x_wconf 79' lang='lat' dir='ltr'><strong>intelligitur</strong></span> <span class='ocrx_word' id='word_1_393' title='bbox 1165 2711 1182 2730; x_wconf 91' lang='lat' dir='ltr'><strong>e</strong></span> <span class='ocrx_word' id='word_1_394' title='bbox 1222 2697 1339 2729; x_wconf 82' lang='lat' dir='ltr'><strong>Plinio</strong></span> <span class='ocrx_word' id='word_1_395' title='bbox 1374 2695 1546 2736; x_wconf 59' lang='grc' dir='ltr'><strong>ν1,29ε.</strong></span> <span class='ocrx_word' id='word_1_396' title='bbox 1578 2694 1647 2735; x_wconf 64' lang='lat'><strong>35„</strong></span> <span class='ocrx_word' id='word_1_397' title='bbox 1681 2693 1742 2725; x_wconf 86' lang='lat' dir='ltr'><strong>ubi</strong></span> 
     </span>
     <span class='ocr_line' id='line_1_44' title="bbox 293 2740 1741 2792; baseline -0.009 -9"><span class='ocrx_word' id='word_1_398' title='bbox 293 2751 397 2784; x_wconf 56' lang='lat' dir='ltr'><strong>mussi</strong></span> <span class='ocrx_word' id='word_1_399' title='bbox 418 2761 442 2780; x_wconf 88' lang='grc' dir='ltr'><em>α</em></span> <span class='ocrx_word' id='word_1_400' title='bbox 465 2750 614 2780; x_wconf 81' lang='lat' dir='ltr'><strong>Nerone</strong></span> <span class='ocrx_word' id='word_1_401' title='bbox 632 2749 803 2792; x_wconf 77' lang='lat' dir='ltr'><strong>principe</strong></span> <span class='ocrx_word' id='word_1_402' title='bbox 828 2746 1092 2778; x_wconf 69' lang='lat' dir='ltr'><strong>renuntiavere</strong></span> <span class='ocrx_word' id='word_1_403' title='bbox 1119 2744 1340 2777; x_wconf 65' lang='lat' dir='ltr'><strong>solitudines</strong></span> <span class='ocrx_word' id='word_1_404' title='bbox 1365 2752 1479 2786; x_wconf 65' lang='lat' dir='ltr'><strong>usque</strong></span> <span class='ocrx_word' id='word_1_405' title='bbox 1502 2740 1555 2772; x_wconf 83' lang='lat' dir='ltr'><strong>ad</strong></span> <span class='ocrx_word' id='word_1_406' title='bbox 1577 2743 1741 2772; x_wconf 66' lang='lat' dir='ltr'><strong>llleroen.</strong></span> 
     </span>
    </p>

    <p class='ocr_par' dir='ltr' id='par_1_6' title="bbox 382 2785 1742 2831">
     <span class='ocr_line' id='line_1_45' title="bbox 382 2785 1742 2831; baseline -0.007 -5"><span class='ocrx_word' id='word_1_407' title='bbox 382 2797 405 2831; x_wconf 86' lang='lat'><strong>3</strong></span> <span class='ocrx_word' id='word_1_408' title='bbox 431 2794 471 2826; x_wconf 80' lang='lat' dir='ltr'><strong>Si</strong></span> <span class='ocrx_word' id='word_1_409' title='bbox 495 2793 655 2825; x_wconf 83' lang='lat' dir='ltr'><strong>Plinium</strong></span> <span class='ocrx_word' id='word_1_410' title='bbox 682 2793 852 2829; x_wconf 82' lang='lat' dir='ltr'><strong>excutias,</strong></span> <span class='ocrx_word' id='word_1_411' title='bbox 875 2797 993 2823; x_wconf 81' lang='lat' dir='ltr'><strong>contra</strong></span> <span class='ocrx_word' id='word_1_412' title='bbox 1018 2791 1162 2822; x_wconf 85' lang='lat' dir='ltr'><strong>Meroen</strong></span> <span class='ocrx_word' id='word_1_413' title='bbox 1185 2789 1221 2821; x_wconf 91' lang='lat' dir='ltr'><strong>iu</strong></span> <span class='ocrx_word' id='word_1_414' title='bbox 1245 2787 1454 2820; x_wconf 70' lang='lat' dir='ltr'><strong>occidentali</strong></span> <span class='ocrx_word' id='word_1_415' title='bbox 1485 2793 1581 2831; x_wconf 85' lang='lat' dir='ltr'><strong>parte</strong></span> <span class='ocrx_word' id='word_1_416' title='bbox 1604 2785 1742 2818; x_wconf 81' lang='lat' dir='ltr'><strong>habita-</strong></span> 
     </span>
    </p>
   </div>
   <div class='ocr_carea' id='block_1_5' title="bbox 293 2836 1394 2883">
    <p class='ocr_par' dir='ltr' id='par_1_7' title="bbox 293 2836 1394 2883">
     <span class='ocr_line' id='line_1_46' title="bbox 293 2836 1394 2883; baseline -0.005 -8"><span class='ocrx_word' id='word_1_417' title='bbox 293 2849 394 2875; x_wconf 76' lang='lat' dir='ltr'><strong>runt:</strong></span> <span class='ocrx_word' id='word_1_418' title='bbox 423 2840 460 2873; x_wconf 85' lang='lat' dir='ltr'><strong>in</strong></span> <span class='ocrx_word' id='word_1_419' title='bbox 485 2839 648 2875; x_wconf 80' lang='lat' dir='ltr'><strong>orientali</strong></span> <span class='ocrx_word' id='word_1_420' title='bbox 674 2838 854 2883; x_wconf 84' lang='lat' dir='ltr'><strong>Megabari</strong></span> <span class='ocrx_word' id='word_1_421' title='bbox 867 2848 878 2880; x_wconf 69' lang='grc' dir='ltr'>ς</span> <span class='ocrx_word' id='word_1_422' title='bbox 898 2837 964 2873; x_wconf 87' lang='lat' dir='ltr'><strong>lib.</strong></span> <span class='ocrx_word' id='word_1_423' title='bbox 984 2836 1044 2878; x_wconf 89' lang='lat' dir='ltr'><strong>Vl,</strong></span> <span class='ocrx_word' id='word_1_424' title='bbox 1064 2838 1111 2874; x_wconf 83' lang='grc'><strong>30</strong></span> <span class='ocrx_word' id='word_1_425' title='bbox 1127 2837 1151 2872; x_wconf 79' lang='lat' dir='ltr'><strong>f.</strong></span> <span class='ocrx_word' id='word_1_426' title='bbox 1175 2836 1233 2873; x_wconf 81' lang='lat'><strong>35.</strong></span> <span class='ocrx_word' id='word_1_427' title='bbox 1259 2846 1294 2878; x_wconf 84' lang='lat' dir='ltr'><strong>p.</strong></span> <span class='ocrx_word' id='word_1_428' title='bbox 1314 2840 1394 2871; x_wconf 67' lang='lat'><strong>,⁸240-</strong></span> 
     </span>
    </p>
   </div>
  </div>
 </body>
</html>
