1891 3310
371 180 438 223 ιΝ
468 177 820 227 EXCERPTA
853 179 1303 227 ωῑοΑΤιοΝυΜ.
1479 186 1578 228 529

221 296 329 339 632.
371 294 448 337 65.
499 290 753 349 Ἐμφρόνως
789 290 1178 348 ἀπολογησάμενοι]
1231 293 1290 334 Ita
1318 297 1571 350 restituimus,

104 365 194 391 cum
215 348 572 404 ὃμολογησάμενυι
594 358 696 389 esset
716 352 758 389 in
779 353 1000 402 exemplari.
1060 350 1207 392 Uasnv.

221 410 328 450 632.
356 410 431 449 66.
471 404 594 462 Πρὸς
619 403 696 460 τὴν
725 401 974 461 ἡγεμονίαν]
1019 407 1078 446 Ita
1102 409 1321 460 legendum.
1373 410 1478 449 Usus
1509 421 1568 451 est

103 471 233 503 autem
249 465 382 503 eadem
397 478 494 504 voce
515 466 559 503 in
587 464 805 516 fragmento
823 475 947 502 xxxl.
976 466 1019 503 in
1047 477 1124 516 quo
1156 469 1342 516 scriptum
1371 475 1430 506 est
1462 467 1584 524 πρὸς’

101 519 266 562 εὔνοιαν
284 518 362 575 τὴν
379 515 603 574 ἡγεμονίαν
621 515 871 573 ἐπηύξησαν.
915 519 1061 560 Uasm.

219 580 326 620 632.
358 579 430 619 73.
467 574 714 624 Λέντουλος
731 572 752 617 ὃ
773 574 1092 630 ἐπικαλούμενος
1112 577 1328 634 Σπινθὴρ]
1358 581 1402 619 Ρ.
1420 580 1567 620 Corne-

103 635 182 673 lius
203 635 390 674 Lentulus
401 632 590 684 Spinther
609 640 690 683 est,
712 634 781 686 qui
798 634 932 685 paucis
954 642 1044 684 post
1062 639 1176 674 annis
1193 637 1246 675 M.
1257 636 1458 676 Ciceronis
1473 653 1566 676 cou-

103 693 200 729 sulis
219 692 388 730 oinnium
408 692 659 729 consiliorum
683 693 878 741 particeps
891 720 903 740 ‚
930 694 1263 744 periculorumque
1284 697 1326 732 in
1344 708 1386 733 re
1410 696 1565 744 publica

104 751 233 787 socius
254 749 345 796 fuit,
377 747 424 785 de
444 759 520 797 quo
538 748 580 786 in
600 746 788 786 Oratione
804 754 894 797 post
913 747 1042 788 Redit.
1067 750 1117 787 ad
1136 751 1276 794 Quirit.
1294 765 1326 789 c,
1341 754 1382 792 7.
1422 753 1567 791 Wrzszs.

219 806 326 847 632.
361 806 435 846 77.
478 801 631 845 Πάντα
650 800 705 844 τὰ
724 804 851 843 πλοῖα
872 803 948 851 ἕως
964 802 1306 858 τετρασκάλμου]
1345 809 1404 847 Ita
1434 823 1565 847 emen-

103 861 306 910 «lavimus,
334 874 424 900 cum
443 863 486 899 in
504 862 717 912 exemplari
739 869 918 911 corrupte
939 871 1040 899 esset
1062 860 1360 914 τετρασκάλου.
1418 866 1565 904 Viden-

101 918 174 956 dus
199 918 245 955 (le
265 916 336 956 hac
357 931 400 956 re
419 917 617 969 Appianus
636 920 679 956 in
695 918 925 969 fragmentis
948 916 1061 972 (Leg.
1078 921 1202 968 xxx.)
1227 927 1266 957 et
1285 921 1375 969 Dio,
1407 925 1474 973 qui
1496 923 1564 962 ha-

101 974 168 1013 bet
192 973 306 1029 (Leg.
325 971 535 1028 xxxvul.)
559 970 636 1021 τάς
654 988 698 1014 τε
718 976 822 1021 ναῦς
841 971 918 1021 τὰς
938 974 1103 1026 μείζους
1124 983 1198 1016 etc.
1239 975 1385 1015 Unsm.
1444 979 1566 1018 Recte

100 1029 294 1080 Ursinus,
332 1028 443 1070 cuius
473 1031 782 1070 emendationem
810 1032 1069 1071 certissimam
1101 1040 1271 1081 praestat
1303 1033 1465 1085 Suidas9
1505 1036 1567 1074 his

99 1090 196 1137 ipsis
223 1100 318 1127 usus
346 1090 390 1127 in
416 1084 759 1141 Τετρασκάλμου.
819 1087 864 1126 L.
885 1087 1097 1126 Kusterum
1126 1089 1167 1127 id
1194 1090 1316 1143 fugit,
1360 1103 1441 1130 non
1471 1096 1568 1132 item

99 1144 404 1196 Barbeyracium
421 1144 525 1184 Hist.
537 1144 569 1183 F
573 1145 700 1183 oeder.
720 1144 764 1183 P.
773 1145 802 1183 Ι.
824 1157 861 1195 p.
874 1146 982 1186 434.
1043 1145 1185 1184 WESS.

218 1204 326 1244 632.
359 1204 432 1244 87.
468 1199 688 1242 Ἀνὲσειον
713 1199 766 1241 τὰ
792 1198 958 1256 πλήθη]
1003 1201 1149 1241 Confer
1169 1217 1255 1242 cum
1274 1203 1357 1253 his,
1382 1219 1478 1256 quae
1498 1207 1569 1245 ad-

100 1260 246 1310 scripta
264 1264 356 1298 sunt
368 1258 530 1299 L.X111.
547 1261 622 1301 91.
643 1272 680 1310 p.
695 1259 822 1308 615.,
850 1267 889 1297 et
906 1258 1069 1299 Suidam
1089 1262 1130 1299 in
1142 1258 1358 1310 Άνέσειον,
1384 1263 1450 1300 ubi
1472 1263 1569 1302 hacc

99 1317 267 1365 repetita
299 1322 412 1365 sunt,
445 1322 493 1354 ut
520 1317 716 1366 praeclare
745 1315 799 1356 H.
825 1316 1003 1355 Valesius
1029 1320 1184 1356 monuit
1214 1321 1257 1359 in
1285 1319 1455 1360 Praefat.
1484 1320 1567 1360 Ex-

104 1378 226 1425 cerpt.
245 1372 436 1423 Peiresct,
464 1378 504 1412 et
522 1379 611 1425 post
636 1386 723 1413 eum
742 1372 787 1414 L.
803 1371 1011 1416 Kusterus.
1070 1374 1210 1414 WESS.

158 2904 257 2943 Vol„
288 2905 338 2945 Π.
1217 2909 1245 2951 3
1249 2909 1282 2952 4
