1891 3310
330 201 406 233 DE
436 199 752 231 FONTIBUS
786 199 948 236 1118'1’.
981 195 1266 232 DIODORI.
1323 173 1533 226 ssXXXVII

85 309 288 344 rerumque
311 298 560 333 humanarum
585 306 829 342 progressum
851 293 1008 329 turbant
1020 297 1060 328 et
1081 296 1268 329 evertunt.
1319 290 1418 325 Nota
1447 294 1536 324 sunt

84 366 183 401 quae
208 367 290 390 cum
316 356 576 400 superioribus
600 355 764 389 saeculis
788 351 1042 387 aRudbeckio
1070 354 1110 385 et
1133 351 1233 391 aliis,
1257 353 1387 384 nostro
1406 354 1533 382 autem

83 423 107 447 a
133 414 262 448 Curtio
289 413 476 447 Gebelino
499 413 660 457 aliisque
682 414 722 445 in
747 411 911 456 medium
936 408 1085 454 prolata
1110 408 1196 448 sint,
1222 407 1269 440 ad
1296 405 1532 440 condendum

82 480 220 504 novum
246 470 489 504 historiarum
514 474 686 514 systema
708 469 756 502 ad
782 471 907 502 certas
933 466 1103 500 novellas
1128 462 1362 509 hypotheses
1388 472 1531 495 accom-

82 527 298 568 modatum,
327 537 424 572 quae
458 527 608 572 quidem
642 536 780 571 magna
808 528 917 570 parte
952 525 1124 558 nituntur
1158 520 1438 554 narrationibus
1473 517 1531 551 his

78 582 240 618 Diodori
274 595 406 628 parum
438 585 651 627 subtiliter,
688 594 853 618 vei-aene
886 593 934 616 an
972 577 1438 621 commentitiae-essent,
1469 583 1531 606 ex-

65 641 249 687 ploratis.
293 643 349 676 An
381 643 623 676 acutissimus
655 641 767 676 homo
802 639 925 686 Bailly
949 641 1195 673 Astronomns
1222 636 1436 668 commenta
1461 639 1530 661 sua

79 699 127 732 de
162 700 353 743 primitivo
386 701 514 744 aliquo
547 699 685 745 populo
713 700 750 732 in
777 698 922 733 boreali
946 698 1035 731 Asia
1067 703 1194 728 rerum
1220 692 1339 736 potito
1364 687 1529 732 prolatu-

77 765 144 790 rus
171 756 326 798 fuisset,
351 758 383 790 si
408 757 473 790 ille
499 759 705 798 tenuisset,
737 761 908 790 veterum
933 754 1177 787 historiarum
1204 749 1384 782 ambitum
1414 754 1528 789 popu-

76 812 275 856 lorumque
305 815 473 858 origines
508 818 547 848 et
576 814 839 848 successiones
874 814 1174 856 scriptorumque
1220 806 1353 846 tidem,
1393 798 1555 847 quibus'

76 870 116 903 in
139 880 265 903 rerum
289 871 382 915 [77]
408 871 612 915 generibus
638 870 834 914 amplecti,
857 871 894 903 in
921 868 1054 914 quibus
1090 865 1271 899 deserere
1294 863 1351 896 fas
1376 859 1446 893 sits!
1472 859 1527 892 An

75 926 273 961 Atlanteos
293 928 449 962 iactabit
466 928 617 973 aliquis,
648 930 709 972 qui
735 931 963 971 assequutus
982 927 1033 958 sit
1057 934 1116 965 ea,
1144 932 1240 967 quae
1267 921 1313 954 de
1340 916 1528 952 Atlanteis

73 985 114 1017 in
139 985 298 1019 Platone
323 989 362 1018 et
386 986 424 1018 in
444 986 615 1020 Diodoro
638 985 780 1020 tradita
803 988 911 1025 sunt,
938 994 1011 1016 non
1039 981 1221 1014 historica
1244 979 1312 1012 niti
1339 976 1433 1017 lide,
1459 971 1528 1006 scd

75 1041 122 1075 ab
150 1043 280 1086 primis
314 1044 532 1077 auctoribus
566 1044 704 1089 partim
739 1042 956 1086 mythorum
989 1039 1240 1073 vetustiorum
1277 1035 1528 1079 interpretan-

74 1097 209 1132 dorum
235 1109 389 1141 caussa,
412 1102 547 1145 partim
576 1105 619 1134 ut
645 1098 964 1145 disputationibus
989 1093 1257 1142 philosophicis
1286 1103 1352 1136 pro
1377 1089 1526 1122 vehicu-

74 1155 113 1188 lo
150 1160 299 1198 essent,
335 1167 420 1191 esse
452 1158 608 1192 inventa
642 1162 681 1192 et
711 1154 953 1200 excogitata‘l
994 1153 1134 1188 Audire
1164 1152 1300 1184 saltem
1338 1147 1528 1182 debebant
1575 1154 1584 1158 “

73 1213 145 1245 viri
180 1213 279 1246 (loeti
314 1215 433 1258 ipsum
468 1215 700 1256 Diodorum,
732 1215 795 1259 qui
817 1223 884 1254 „se
906 1213 1152 1259 praemittere
1177 1210 1276 1242 velle
1305 1206 1525 1250 populorum

74 1269 244 1303 historiis
268 1271 310 1305 τὰ
343 1272 634 1317 μυθολογούμενα
650 1278 662 1297 1
702 1282 748 1305 ex
775 1280 880 1304 more
905 1270 1066 1303 aliorum
1091 1267 1344 1311 antiquiorum
1371 1261 1525 1304 scripto-

73 1337 178 1369 rum,
205 1330 267 1371 qui
297 1329 447 1374 mythos
471 1329 640 1363 historiis
664 1339 687 1362 a
714 1339 755 1362 se
780 1328 931 1372 scriptis
956 1327 1202 1370 praemittere
1236 1321 1526 1358 instituerant,“

72 1385 276 1428 profitetur
291 1392 322 1422 2.
371 1388 412 1419 ln
453 1397 525 1431 quo
553 1386 705 1432 quidem
730 1396 798 1430 per
822 1396 864 1419 se
891 1384 984 1420 nihil
1010 1387 1115 1424 erat,
1150 1380 1248 1429 quod
1275 1375 1526 1422 reprehende-

73 1453 157 1484 res;
189 1444 299 1477 modo
331 1443 472 1488 mythi‚
512 1443 582 1477 hoc
616 1448 696 1486 est,
735 1453 803 1483 ea,
835 1453 931 1488 quae
966 1442 1122 1486 antiqua
1146 1439 1248 1473 samu
1273 1448 1294 1469 a
1321 1433 1526 1469 maioribus

72 1505 246 1545 accepta,
279 1502 499 1545 plerumque
525 1511 548 1533 a
569 1502 692 1544 poetis
721 1504 856 1534 ornata
880 1504 988 1541 sunt,
1019 1501 1196 1532 accurate
1219 1497 1311 1529 satis
1337 1495 1383 1527 ab
1410 1492 1525 1525 bisto-

71 1560 213 1592 riarum
241 1558 314 1591 lide
348 1561 607 1591 secernantur.
655 1557 739 1591 Non
764 1559 881 1602 igitur
906 1567 1060 1602 parvam
1087 1557 1246 1601 gratiam
1273 1563 1332 1586 me
1358 1551 1525 1583 virorum

71 1617 268 1650 doctorum
300 1616 480 1648 initurum
515 1625 599 1648 esse
624 1615 833 1651 arbitratus
857 1625 960 1655 sum,
988 1615 1020 1648 si
1047 1624 1122 1647 uno
1148 1615 1185 1645 in
1211 1613 1295 1645 loco
1321 1619 1369 1643 ex
1391 1612 1524 1641 vetere

72 1673 231 1706 historia
267 1682 363 1718 quae
402 1672 640 1705 exturbanda
670 1674 763 1713 sint,
809 1676 988 1716 tanquam
1034 1670 1206 1704 fabulose
1235 1669 1392 1706 tradita,
1426 1673 1522 1709 qnae

70 1731 272 1765 retinenda
299 1735 430 1773 utpote
465 1740 548 1763 cum
575 1730 649 1764 tide
685 1735 723 1764 et
746 1731 974 1765 auctoritate
1000 1732 1175 1770 narratu,
1206 1733 1456 1770 exponerem,
1485 1724 1526 1752 ut

71 1789 225 1822 tandem
259 1786 461 1832 aliqnando
496 1786 689 1829 desinant,
723 1788 785 1831 qni
816 1787 968 1832 quidem
1004 1796 1072 1820 nos
1098 1785 1230 1818 audire
1256 1783 1404 1819 volent,
1435 1779 1524 1811 Dio-

73 1846 157 1879 dori
188 1845 263 1878 fide
301 1845 513 1888 promiscue
547 1845 622 1886 uti,
655 1850 833 1890 tanquam
870 1847 909 1878 in
945 1844 1118 1879 omnibus
1144 1847 1183 1875 et
1204 1840 1362 1884 singulis
1390 1837 1525 1871 eodem

71 1904 184 1938 modo
218 1908 284 1936 aut
314 1903 561 1948 deprimenda
595 1908 633 1938 et
665 1903 926 1948 aspernanda,
959 1906 1026 1936 aut
1057 1901 1216 1934 mii-ilice
1243 1895 1462 1932 extollenda
1488 1897 1527 1927 et

70 1961 310 1996 celelwanda.

161 2018 369 2051 Exorditur
394 2022 520 2051 autem
559 2017 751 2052 Diodorus
777 2016 871 2051 libro.
894 2015 1048 2050 secundo
1076 2025 1138 2048 res
1163 2012 1404 2059 Assyriae-as,
1431 2019 1525 2054 quas

70 2076 222 2121 quidem
250 2075 349 2108 unde
376 2075 564 2118 hauserit,
591 2074 769 2119 expedita
792 2085 855 2108 res
881 2078 959 2115 est,
987 2084 1068 2106 cum
1095 2074 1174 2116 ipse
1195 2082 1257 2112 se,
1285 2070 1418 2103 relicto
1442 2068 1524 2099 lle-⁶

70 2135 228 2174 rodoto,
269 2132 426 2167 etesium
460 2137 655 2168 auctorem
692 2132 834 2167 habere
873 2130 1070 2177 professus
1103 2132 1154 2163 sit
1176 2135 1218 2163 ³:
1248 2128 1321 2162 etsi
1354 2130 1393 2161 et
1417 2125 1525 2165 alio-2³,

164 2270 184 2304 1
210 2268 318 2303 Diod.
344 2270 371 2308 I,
392 2268 435 2305 4:
469 2267 689 2313 πεποιήμεθα
718 2268 757 2302 δὲ
792 2265 856 2310 τὴν
880 2265 989 2312 ιῖρχὴν
1012 2267 1074 2307 τῆς
1096 2267 1251 2309 ἱστορίας
1273 2263 1341 2297 ἀπὸ
1368 2264 1435 2296 τῶν
1455 2272 1524 2306 μυ-

73 2316 344 2357 θολογουμένων
371 2310 448 2360 παρ’
467 2312 619 2356 “Elinoi
644 2328 680 2348 τε
706 2316 763 2347 καὶ
785 2313 996 2359 βαρβάροις,
1027 2313 1241 2349 Qudnam&
1266 2308 1308 2343 τὰ
1334 2311 1412 2352 παρ’
1441 2308 1522 2340 ἑκά*

73 2372 168 2396 (ηθίς
195 2360 424 2404 ἶυῐορούμενα
447 2361 533 2392 κατὰ
556 2361 637 2397 τοὺς
660 2360 824 2405 ἀρχαίους
845 2360 993 2404 χρόνους
1019 2359 1069 2404 ἐφ’
1099 2359 1183 2391 ὅσον
1205 2357 1285 2402 ἡμῖν
1311 2355 1329 2399 ἧ
1357 2358 1519 2398 dirrutum·

74 2406 140 2438 lnoe
172 2407 318 2446 quidum
347 2415 566 2450 postremum
599 2419 723 2450 purum
757 2408 918 2439 sollerter
960 2418 1153 2450 parumque
1191 2405 1393 2446 diligenter,
1426 2400 1521 2433 Add.

72 2453 134 2485 lib.
160 2453 206 2484 lv
226 2463 277 2493 pr.

165 2499 186 2531 2
206 2499 331 2529 Actum
363 2496 407 2528 de
441 2496 509 2529 hoc
541 2497 585 2528 ad
612 2497 819 2539 Apollodor,
853 2498 896 2529 T.
920 2497 983 2530 Ill.
1012 2509 1048 2540 p.
1065 2499 1133 2533 926
1153 2509 1206 2538 sq.
1239 2496 1299 2527 ubi
1326 2495 1380 2528 ci.
1419 2503 1524 2534 quem

73 2544 228 2586 primum
262 2542 401 2586 mythos
434 2543 587 2576 historiis
624 2544 821 2585 praefixisse
847 2543 941 2583 dixi,
971 2542 1184 2575 Anaximeni
1217 2541 1444 2585 praecessisse
1470 2538 1525 2569 ‹li--

75 2589 206 2621 cendns
230 2598 301 2620 erat
325 2589 530 2633 Dionysius
556 2589 724 2621 Milesius
751 2590 784 2620 iu
812 2589 938 2631 Cyclo,
965 2588 1008 2620 dc
1034 2601 1102 2630 qno
1130 2600 1212 2619 mox
1239 2589 1367 2619 (licam.

164 2639 186 2672 3
214 2635 360 2666 Diodor.
384 2635 427 2673 ll,
446 2638 478 2670 Ξ,
504 2635 647 2665 nomina
673 2637 884 2678 populorum
909 2647 925 2666 a
951 2635 1045 2667 Nino
1072 2636 1242 2667 victorum
1268 2646 1303 2663 se
1321 2628 1525 2665 ἀκολούθως

74 2682 212 2722 Κτησίᾳ
236 2681 291 2723 τῷ
326 2680 456 2722 Ιίνιὸίῳ
492 2692 678 2722 apponere.
724 2692 753 2715 e.
772 2682 803 2714 5.
835 2680 879 2711 ‹le
903 2692 1049 2712 numero
1077 2683 1256 2723 copiarum
1284 2679 1367 2710 Nini
1392 2690 1430 2708 ln
1458 2677 1525 2707 lla-

76 2729 226 2757 cti-‘nanos
251 2725 491 2758 ducendarum
512 2725 557 2762 ὡς
582 2727 741 2766 ΚίησΙιις
764 2727 799 2758 ἓν
816 2730 892 2762 ταῖς
914 2727 1084 2770 ἱστορίαις
1108 2728 1343 2769 άιίιγὴπὶναφε,
1370 2735 1398 2755 c.
1420 2725 1451 2757 7-
1478 2723 1523 2753 'lt‘

78 2772 160 2803 Nini
188 2781 435 2813 monumento,
473 2780 506 2803 ct
533 2772 577 2803 «le
611 2772 800 2814 Babylonis
835 2773 1037 2811 moenibus3
1081 2785 1111 2803 e.
1134 2775 1183 2806 [5.
1220 2773 1252 2802 iu
1278 2768 1523 2802 :st—nuransnlis

80 2817 302 2858 expeditione
323 2819 358 2849 iu
381 2821 576 2861 Aegyptum
597 2826 630 2850 ct
652 2817 724 2861 [78]
739 2817 974 2862 Aethiopiam,
1000 2830 1069 2860 qno
1089 2826 1123 2850 et
1143 2825 1272 2860 spx-etat
1290 2818 1386 2848 locus
1416 2815 1479 2849 lib,
1501 2815 1525 2846 l.
