1859 3326
249 171 308 214 14
689 150 1243 210 'ANNo'rA'rmNEs

245 281 421 336 ζομὲνην
441 279 516 330 τὰς
536 279 643 322 κατὰ
670 279 747 336 τὴν
763 277 945 322 Ἑλλάδα
967 277 1127 332 πόλεις,
1156 282 1204 322 de
1223 282 1366 336 Sparta
1387 282 1574 323 Graeciae
1592 282 1707 321 urbes

249 342 326 380 sibi
344 341 465 380 variis
484 340 632 377 artibus
654 341 898 377 conciliante.
923 339 1064 378 WESS.

365 400 437 439 17.
477 397 550 437 74.
588 395 675 436 Καὶ
705 393 758 436 τὰ
789 393 896 436 κατὰ
930 394 1007 448 τὴν
1037 392 1171 449 ἀρχὴν
1201 392 1485 464 ἀπογνόντος]
1539 395 1628 434 Vid.
1659 393 1705 434 L.

247 454 452 494 X1V.92.
483 453 674 490 Isocrates
702 460 839 491 auctor
857 459 939 500 est,
969 453 1176 503 Amyntam
1196 467 1218 490 a
1238 455 1383 491 vicinis
1407 454 1579 491 barbaris
1598 465 1709 502 prae-

246 514 302 549 lio
332 514 499 556 victum,
527 511 708 560 omnique
728 480 956 548 Macedoni'a
983 517 1167 556 exutum,
1193 512 1392 561 regionem
1417 510 1592 547 deserere
1614 522 1707 546 con-

248 570 445 615 stituisse,
477 567 566 613 sed,
594 567 727 604 audito
757 567 879 604 nobili
911 567 1017 603 dicto
1048 562 1104 612 ὡς
1137 563 1237 605 να)
1219 582 1265 606 ον
1305 566 1415 606 ἔστιν
1453 561 1649 620 ἐντάφιον
1680 560 1705 617 ἦ

245 639 378 678 τυραι
381 639 463 672 νις,
492 631 660 661 mutasse
690 625 946 670 sententiam,
973 630 1232 689 occupatoque
1254 636 1373 673 parvo
1404 624 1564 660 castello
1593 630 1708 672 atque

247 683 444 720 arcessitis
463 679 717 717 auxiliaribus
747 683 868 730 copiis
896 681 1012 718 trium
1035 682 1226 718 mensium
1250 682 1374 729 spatio
1404 693 1567 731 regnum
1596 692 1708 716 recu-

249 751 425 789 perasse,
453 738 495 773 in
517 736 750 774 Archidamo
771 749 807 786 p.
833 737 935 777 184.
964 736 1105 774 Wssss.

368 797 438 835 17
474 795 547 834 82.
591 791 681 844 Οἰχ
704 809 782 833 οιοι
811 786 920 845 ἧσαι
941 788 1215 862 ἀποδιδόναι]
1257 791 1480 830 Secundum
1508 798 1708 841 receptum

245 863 391 890 morem
421 850 664 887 scribendum
685 858 743 887 est
773 848 849 901 οὐχ
873 846 957 890 οιοί
981 847 1013 889 τ’
1044 843 1166 902 ἦσαν.
1198 848 1356 886 STEPH.
1406 849 1496 887 Non
1515 861 1704 900 repugno.

246 907 314 946 Sic
345 914 479 945 auctor
508 905 549 943 L.
571 906 668 945 XX.
688 907 765 948 40.
800 906 898 945 Vide
916 914 1044 945 tamen
1062 906 1234 958 Bergler.
1254 907 1304 944 ad
1323 905 1551 956 Alciphron.
1573 905 1657 944 Lib.
1675 904 1703 941 1.

244 964 319 1015 Ep.
342 967 419 1005 22.
450 963 586 1003 WEss.

362 1023 432 1062 17.
469 1022 541 1061 86.
586 1016 639 1059 Οἳ
666 1017 712 1058 δὲ
728 1015 1062 1071 Λακεδαιμόνιοι
1091 1017 1303 1073 κρίναντες
1331 1015 1578 1070 ἀντέχεσθαι
1602 1013 1706 1070 etc.]

245 1075 372 1118 Nimis
393 1077 486 1114 haec
516 1089 629 1127 parce
657 1075 873 1115 Diodorus:
904 1079 1072 1129 negligit
1100 1078 1333 1128 legationem
1361 1075 1639 1113 Acanthiorum
1667 1081 1708 1111 et

242 1134 594 1185 Apolloniatarum,
620 1132 898 1183 quiOlynthiis
916 1132 1263 1182 viciniSpartanos
1281 1135 1323 1170 in
1341 1131 1416 1170 hoc
1435 1133 1577 1170 bellum
1597 1145 1708 1181 prae-

246 1194 359 1244 cipue
381 1191 655 1229 accenderunt.
685 1188 810 1228 Docet
829 1189 1051 1241 Xenophon
1070 1189 1224 1227 Hellen.
1249 1189 1292 1227 L.
1310 1190 1357 1227 V.
1381 1202 1418 1239 p.
1437 1189 1547 1229 433.
1571 1188 1706 1226 WVEss.

365 1249 436 1289 17.
462 1248 537 1288 92.
562 1244 660 1286 Ἐπὶ
684 1246 958 1293 Φαιουντιόυς
980 1244 1088 1299 etc.]
1127 1246 1172 1284 ln
1201 1248 1368 1297 proclivi
1388 1253 1473 1284 erat
1502 1245 1706 1283 emendare

248 1311 289 1343 et
308 1317 494 1356 reponere
524 1302 809 1350 Φλιουντιόυς.
848 1302 1022 1341 Ortelius
1039 1311 1170 1341 tamen
1197 1316 1246 1340 ex
1275 1302 1350 1340 hoe
1378 1305 1463 1340 loco
1494 1303 1707 1340 somniavit

251 1363 414 1402 Φαιοῦν
434 1361 591 1408 urbem,
618 1372 732 1409 quam
756 1362 884 1408 posuit
906 1362 946 1398 in
964 1374 1035 1398 suo
1056 1359 1215 1399 Lexico.
1242 1359 1374 1396 PALM.
1410 1357 1500 1398 ‘Ena
1523 1359 1706 1398 Φλιουν-

244 1415 390 1471 τιόυς]
430 1417 497 1455 Sic
519 1418 713 1467 rescripsi.
752 1416 970 1455 Literarum
1002 1417 1215 1455 similitudo
1245 1418 1287 1454 in
1320 1414 1709 1456 ‹DAIOYNTIOE

244 1482 286 1513 et
322 1473 711 1514 ΦΑΙΟΥΝΊῚΟΣ
734 1476 833 1512 vitio
865 1476 1056 1525 originem
1086 1474 1205 1510 dedit.
1245 1472 1358 1510 Solet
1387 1473 1566 1523 quidem,
1603 1471 1705 1523 quod

245 1532 402 1570 diffiteri
429 1544 508 1568 non
538 1543 714 1581 possum,
741 1529 938 1568 Diodorus
967 1544 1034 1568 eos
1061 1532 1284 1581 plerumque
1308 1529 1538 1576 Φλιασίους
1557 1536 1706 1566 cetero-

243 1602 332 1628 rum
362 1601 468 1625 more
495 1588 709 1638 adpellare:
742 1590 887 1637 patitur
919 1594 1047 1626 tamen
1079 1588 1260 1638 analogia
1291 1593 1329 1624 et
1354 1588 1518 1624 alterum
1545 1587 1705 1637 gentile,

249 1647 429 1691 Φλιοῦς,
462 1645 715 1691 Φλιοῦντος,
755 1639 1020 1691 Φλιοῦντιος,
1053 1652 1096 1682 ut
1132 1644 1451 1696 Trapezuntius,
1492 1642 1705 1694 Opuntius,

245 1701 528 1753 Hydruntius,
564 1700 837 1748 Selinuntius,
865 1704 1164 1752 agnosciturque
1195 1715 1217 1739 a
1255 1699 1465 1750 Stephano.
1511 1698 1588 1737 Res
1619 1701 1704 1750 ipsa

244 1761 374 1811 paullo
394 1759 518 1795 serius
547 1760 733 1809 contigit,
763 1759 902 1807 quippe
924 1760 1117 1807 posterior
1142 1757 1403 1810 Agesipolidis
1431 1759 1473 1794 in
1493 1755 1704 1807 Olynthios

245 1815 512 1865 expeditione,
541 1816 657 1852 sicuti
677 1827 725 1851 ex
745 1814 1008 1864 Xenophonte
1036 1814 1190 1852 Hellen.
1216 1814 1259 1852 l..
1280 1814 1325 1852 V.
1350 1827 1386 1862 p.
1409 1815 1518 1854 441.
1547 1812 1704 1863 pulchre

245 1873 376 1910 docuit
408 1870 456 1908 H.
489 1869 737 1918 Dudweuus‚
764 1871 897 1908 itidem
930 1870 1202 1918 (Βλιουντιόυς
1231 1872 1454 1922 corrigens,
1482 1870 1585 1909 Ann.
1618 1869 1706 1907 Xe·-

245 1927 364 1977 noph.
396 1941 432 1976 p.
457 1930 565 1968 266.
617 1927 780 1978 Iungere
808 1928 996 1978 potuisset
1025 1928 1181 1965 [socrat.
1212 1927 1356 1982 Paneg.
1392 1940 1430 1976 p.
1461 1929 1536 1968 96.
1567 1927 1707 1965 WESS.

245 1986 469 2024 Phliuntios
498 1983 632 2021 Cicero
654 1996 804 2034 quoque
834 1984 1084 2031 adhibuerat,
1110 1984 1180 2021 sed
1200 1984 1248 2021 ab
1279 1983 1410 2021 Attico
1436 1997 1506 2021 suo
1534 1986 1705 2021 monitus

245 2042 448 2081 Phliasios
477 2042 672 2089 praetulit.
720 2041 823 2078 Audi
872 2052 968 2089 quae
1007 2042 1144 2078 scribit
1183 2040 1445 2078 ad'Atticum
1487 2040 1529 2077 L.
1563 2040 1629 2078 Vl.
1658 2042 1701 2080 2.

246 2099 449 2138 Phliasios
469 2104 601 2135 autem
622 2099 706 2135 dici
723 2097 894 2135 sciebam
907 2111 921 2134 .·
951 2104 992 2134 et
1010 2099 1070 2135 ita
1080 2097 1165 2144 fac
1195 2104 1239 2134 ut
1255 2096 1429 2134 habeas:
1456 2109 1528 2134 nos
1547 2098 1703 2148 quidem

245 2159 303 2195 sic
322 2155 520 2193 habemus.
553 2156 625 2192 sed
637 2156 770 2205 primo
791 2168 851 2191 me
873 2151 1072 2206 ἀναλογία
1097 2155 1323 2205 deceperat.
1353 2155 1521 2200 (11210139
1537 2152 1704 2201 Ὀποῦς,

246 2213 414 2258 Σιποῦς.
447 2206 820 2261 ([ιιοᾱὈποὺντιοι,
850 2206 1102 2250 Σιπούντιοι.
1128 2213 1200 2249 sed
1218 2211 1291 2248 hoc
1311 2213 1497 2248 continuo
1519 2213 1704 2248 correxi-

244 2282 340 2308 mus.
375 2268 579 2318 Vulgatius
598 2270 725 2316 itaque
750 2268 906 2313 (1221ng
928 2267 993 2304 dat
1020 2267 1279 2315 Φλιασιόυς,”
1301 2280 1372 2304 uec
1392 2269 1556 2305 alterum
1572 2274 1703 2304 tamen

244 2323 522 2376 spernendum,
549 2325 753 2375 analogiae
781 2323 1022 2372 respondens
1053 2331 1092 2361 et
1115 2323 1312 2373 Stephano
1344 2325 1561 2373 probatum.
1591 2323 1702 2362 IDEM

240 2385 283 2422 in
303 2381 400 2419 Add.

362 2440 434 2479 18.
467 2438 510 2477 2.
541 2433 692 2488 Αὐτὴν
712 2434 756 2476 δὲ
778 2433 1158 2487 συσκευαζομένην]
1192 2435 1286 2474 Huc
1305 2436 1422 2484 refer
1440 2450 1608 2489 sequens
1628 2453 1701 2477 κα·-

242 2494 561 2536 ταόουλοῦσθαι
582 2493 729 2544 absque
748 2495 955 2543 negativa,
984 2500 1133 2545 etpost
1152 2490 1290 2540 πόλεις
1308 2494 1456 2532 subiice
1476 2493 1524 2541 ἃς
1547 2494 1590 2534 ἐν
1609 2499 1702 2541 ταῖς

244 2555 401 2597 κοιναῖς
414 2557 488 2587 etc.
520 2549 589 2588 Sic
609 2548 913 2587 Rhodomannus
930 2552 971 2586 in
993 2552 1117 2587 notis:
1149 2558 1188 2588 at
1207 2552 1249 2588 in
1275 2550 1449 2588 Addend.
1471 2548 1521 2598 ἃς
1542 2550 1584 2591 ἐν
1608 2556 1700 2597 ταῖς

243 2623 281 2648 κ.
314 2622 351 2647 σ.
374 2603 433 2658 μὴ
468 2605 837 2646 καταδουλοῦσθαι
867 2602 1060 2657 ὤμοσαν,
1089 2603 1195 2645 ἀλλὰ
1226 2612 1375 2660 τηρεῖν·
1406 2609 1567 2659 quasin
1596 2620 1700 2645 com-

244 2666 354 2702 muni
372 2663 549 2710 foedere
572 2675 613 2700 se
641 2675 718 2700 non
748 2664 943 2701 servitute
973 2675 1256 2714 oppressuros,
1285 2666 1355 2703 sed
1382 2665 1548 2702 liberam
1579 2666 1700 2702 iuris-

244 2723 456 2760 dictionem
486 2726 816 2767 conservaturos,
859 2721 1073 2757 iurassent.
1109 2719 1194 2771 Ego
1222 2734 1315 2758 vero
1343 2720 1594 2758 vehementer
1623 2721 1699 2758 fal-

243 2779 326 2825 lor,
365 2784 433 2814 aut
460 2776 712 2825 inprudenter
739 2778 906 2826 repetita
939 2783 1029 2813 sunt
1059 2777 1150 2814 bina
1181 2778 1371 2814 vocabula
1394 2775 1456 2829 μὴ
1487 2776 1697 2817 καταδου-

242 2835 426 2874 λοῦσθαι
455 2845 505 2872 ex
538 2833 818 2884 superioribus:
861 2844 958 2883 quae
988 2833 1141 2883 quidem
1171 2846 1216 2872 eo
1244 2836 1277 2873 si
1301 2835 1568 2886 ablegaveris,
1594 2834 1697 2872 unde
