<?xml version="1.0" encoding="UTF-8"?>
<!DOCTYPE html PUBLIC "-//W3C//DTD XHTML 1.0 Transitional//EN"
    "http://www.w3.org/TR/xhtml1/DTD/xhtml1-transitional.dtd">
<html xmlns="http://www.w3.org/1999/xhtml" xml:lang="en" lang="en">
 <head>
  <title>
</title>
<meta http-equiv="Content-Type" content="text/html;charset=utf-8" />
  <meta name='ocr-system' content='tesseract 3.04.00' />
  <meta name='ocr-capabilities' content='ocr_page ocr_carea ocr_par ocr_line ocrx_word'/>
</head>
<body>
  <div class='ocr_page' id='page_1' title='image "./bibliothecahisto05dioduoft_0084.png"; bbox 0 0 1859 3326; ppageno 0'>
   <div class='ocr_carea' id='block_1_1' title="bbox 310 207 1387 259">
    <p class='ocr_par' dir='ltr' id='par_1_1' title="bbox 310 207 1387 259">
     <span class='ocr_line' id='line_1_1' title="bbox 310 207 1387 259; baseline 0.001 -9"><span class='ocrx_word' id='word_1_1' title='bbox 310 216 375 259; x_wconf 78' lang='lat'>74</span> <span class='ocrx_word' id='word_1_2' title='bbox 771 207 1306 253; x_wconf 81' lang='lat' dir='ltr'>ANNOTATIONES</span> <span class='ocrx_word' id='word_1_3' title='bbox 1357 208 1387 214; x_wconf 78' lang='grc'><strong>”</strong></span> 
     </span>
    </p>
   </div>
   <div class='ocr_carea' id='block_1_2' title="bbox 342 325 1732 343">
    <p class='ocr_par' dir='ltr' id='par_1_2' title="bbox 342 325 1732 343">
     <span class='ocr_line' id='line_1_2' title="bbox 342 325 1732 343; baseline 0 2983"><span class='ocrx_word' id='word_1_4' title='bbox 342 325 1732 343; x_wconf 95' lang='lat' dir='ltr'> </span> 
     </span>
    </p>
   </div>
   <div class='ocr_carea' id='block_1_3' title="bbox 454 663 1631 879">
    <p class='ocr_par' dir='ltr' id='par_1_3' title="bbox 454 663 1631 879">
     <span class='ocr_line' id='line_1_3' title="bbox 454 663 1631 773; baseline 0.001 -16"><span class='ocrx_word' id='word_1_5' title='bbox 454 663 1631 773; x_wconf 47' lang='grc' dir='ltr'><strong>ΑΝΝΟΤΑΤΨΟΝΕε</strong></span> 
     </span>
     <span class='ocr_line' id='line_1_4' title="bbox 992 844 1062 879; baseline -0.014 0"><span class='ocrx_word' id='word_1_6' title='bbox 992 844 1062 879; x_wconf 87' lang='grc' dir='ltr'>ΙΝ</span> 
     </span>
    </p>
   </div>
   <div class='ocr_carea' id='block_1_4' title="bbox 570 959 1489 1001">
    <p class='ocr_par' dir='ltr' id='par_1_4' title="bbox 570 959 1489 1001">
     <span class='ocr_line' id='line_1_5' title="bbox 570 959 1489 1001; baseline 0.002 -3"><span class='ocrx_word' id='word_1_7' title='bbox 570 959 818 999; x_wconf 88' lang='lat' dir='ltr'>LIBRUM</span> <span class='ocrx_word' id='word_1_8' title='bbox 858 959 1163 1001; x_wconf 89' lang='lat' dir='ltr'>DECIMUM</span> <span class='ocrx_word' id='word_1_9' title='bbox 1200 960 1489 1001; x_wconf 82' lang='lat' dir='ltr'><strong>SEXTUM.</strong></span> 
     </span>
    </p>
   </div>
   <div class='ocr_carea' id='block_1_5' title="bbox 916 1070 1133 1078">
    <p class='ocr_par' dir='ltr' id='par_1_5' title="bbox 916 1070 1133 1078">
     <span class='ocr_line' id='line_1_6' title="bbox 916 1070 1133 1078; baseline 0 2248"><span class='ocrx_word' id='word_1_10' title='bbox 916 1070 1133 1078; x_wconf 95' lang='lat' dir='ltr'> </span> 
     </span>
    </p>
   </div>
   <div class='ocr_carea' id='block_1_6' title="bbox 283 1172 1755 2532">
    <p class='ocr_par' dir='ltr' id='par_1_6' title="bbox 290 1172 1755 1286">
     <span class='ocr_line' id='line_1_7' title="bbox 407 1172 1755 1231; baseline -0.001 -13"><span class='ocrx_word' id='word_1_11' title='bbox 407 1177 479 1218; x_wconf 91' lang='grc'>81.</span> <span class='ocrx_word' id='word_1_12' title='bbox 516 1178 556 1217; x_wconf 90' lang='grc'>8.</span> <span class='ocrx_word' id='word_1_13' title='bbox 590 1175 676 1215; x_wconf 80' lang='grc' dir='ltr'>Καὶ</span> <span class='ocrx_word' id='word_1_14' title='bbox 699 1177 815 1231; x_wconf 78' lang='grc' dir='ltr'><em>σαφῆ</em></span> <span class='ocrx_word' id='word_1_15' title='bbox 844 1174 1038 1229; x_wconf 71' lang='grc' dir='ltr'><em>γενέσθαι</em></span> <span class='ocrx_word' id='word_1_16' title='bbox 1061 1181 1148 1223; x_wconf 82' lang='grc' dir='ltr'><em>τοῖς</em></span> <span class='ocrx_word' id='word_1_17' title='bbox 1170 1172 1547 1229; x_wconf 73' lang='grc' dir='ltr'><em>ἀναγινώσκουσιν]</em></span> <span class='ocrx_word' id='word_1_18' title='bbox 1589 1176 1755 1216; x_wconf 83' lang='lat' dir='ltr'>Videtur</span> 
     </span>
     <span class='ocr_line' id='line_1_8' title="bbox 290 1230 1676 1286; baseline -0.001 -15"><span class='ocrx_word' id='word_1_19' title='bbox 290 1239 358 1271; x_wconf 85' lang='lat' dir='ltr'>aut</span> <span class='ocrx_word' id='word_1_20' title='bbox 375 1231 569 1286; x_wconf 62' lang='grc' dir='ltr'>γενέσθαι</span> <span class='ocrx_word' id='word_1_21' title='bbox 595 1230 658 1281; x_wconf 73' lang='grc' dir='ltr'>ἂν,</span> <span class='ocrx_word' id='word_1_22' title='bbox 688 1241 754 1270; x_wconf 88' lang='lat' dir='ltr'>aut</span> <span class='ocrx_word' id='word_1_23' title='bbox 771 1231 1020 1286; x_wconf 69' lang='grc' dir='ltr'><em>γενήσεσθαι</em></span> <span class='ocrx_word' id='word_1_24' title='bbox 1051 1236 1133 1271; x_wconf 91' lang='lat' dir='ltr'>sine</span> <span class='ocrx_word' id='word_1_25' title='bbox 1156 1230 1205 1272; x_wconf 78' lang='grc' dir='ltr'>ἂν</span> <span class='ocrx_word' id='word_1_26' title='bbox 1234 1236 1312 1284; x_wconf 85' lang='lat' dir='ltr'>legi</span> <span class='ocrx_word' id='word_1_27' title='bbox 1341 1234 1494 1272; x_wconf 88' lang='lat' dir='ltr'>debere.</span> <span class='ocrx_word' id='word_1_28' title='bbox 1521 1234 1676 1271; x_wconf 78' lang='lat' dir='ltr'><strong>STEPH.</strong></span> 
     </span>
    </p>

    <p class='ocr_par' dir='ltr' id='par_1_7' title="bbox 293 1287 1751 1388">
     <span class='ocr_line' id='line_1_9' title="bbox 409 1287 1751 1345; baseline -0.002 -14"><span class='ocrx_word' id='word_1_29' title='bbox 409 1292 481 1331; x_wconf 90' lang='grc'>81.</span> <span class='ocrx_word' id='word_1_30' title='bbox 514 1291 587 1330; x_wconf 86' lang='grc'>36.</span> <span class='ocrx_word' id='word_1_31' title='bbox 640 1290 972 1343; x_wconf 70' lang='grc' dir='ltr'>ΖΙἸεσολαβηθεὶς</span> <span class='ocrx_word' id='word_1_32' title='bbox 1000 1287 1079 1330; x_wconf 60' lang='grc' dir='ltr'>ὑπὸ</span> <span class='ocrx_word' id='word_1_33' title='bbox 1114 1292 1190 1343; x_wconf 74' lang='grc' dir='ltr'>τῆς</span> <span class='ocrx_word' id='word_1_34' title='bbox 1219 1288 1516 1345; x_wconf 70' lang='grc' dir='ltr'>πεπραῃιὲνης]</span> <span class='ocrx_word' id='word_1_35' title='bbox 1555 1290 1622 1329; x_wconf 83' lang='lat' dir='ltr'>Sic</span> <span class='ocrx_word' id='word_1_36' title='bbox 1651 1290 1694 1328; x_wconf 88' lang='lat' dir='ltr'>L.</span> <span class='ocrx_word' id='word_1_37' title='bbox 1720 1291 1751 1329; x_wconf 91' lang='lat' dir='ltr'><strong>I.</strong></span> 
     </span>
     <span class='ocr_line' id='line_1_10' title="bbox 293 1346 1116 1388; baseline -0.002 -2"><span class='ocrx_word' id='word_1_38' title='bbox 293 1347 335 1386; x_wconf 90' lang='lat'>3.</span> <span class='ocrx_word' id='word_1_39' title='bbox 363 1346 441 1385; x_wconf 76' lang='lat' dir='ltr'>Sed</span> <span class='ocrx_word' id='word_1_40' title='bbox 464 1347 553 1385; x_wconf 87' lang='lat' dir='ltr'>vide</span> <span class='ocrx_word' id='word_1_41' title='bbox 578 1353 657 1384; x_wconf 90' lang='lat' dir='ltr'>not.</span> <span class='ocrx_word' id='word_1_42' title='bbox 677 1348 724 1384; x_wconf 86' lang='lat' dir='ltr'>ad</span> <span class='ocrx_word' id='word_1_43' title='bbox 748 1346 789 1384; x_wconf 87' lang='lat' dir='ltr'><strong>L.</strong></span> <span class='ocrx_word' id='word_1_44' title='bbox 812 1348 885 1385; x_wconf 82' lang='lat' dir='ltr'><strong>XI.</strong></span> <span class='ocrx_word' id='word_1_45' title='bbox 908 1351 950 1388; x_wconf 82' lang='lat'><strong>2.</strong></span> <span class='ocrx_word' id='word_1_46' title='bbox 978 1348 1116 1387; x_wconf 51' lang='lat' dir='ltr'>TVESS,</span> 
     </span>
    </p>

    <p class='ocr_par' dir='ltr' id='par_1_8' title="bbox 287 1400 1752 1798">
     <span class='ocr_line' id='line_1_11' title="bbox 407 1400 1751 1456; baseline -0.002 -11"><span class='ocrx_word' id='word_1_47' title='bbox 407 1406 479 1445; x_wconf 83' lang='lat'><strong>82.</strong></span> <span class='ocrx_word' id='word_1_48' title='bbox 503 1405 578 1443; x_wconf 83' lang='lat'><strong>47.</strong></span> <span class='ocrx_word' id='word_1_49' title='bbox 614 1400 935 1456; x_wconf 71' lang='grc' dir='ltr'><strong><em>Καλλιμήδόυς]</em></strong></span> <span class='ocrx_word' id='word_1_50' title='bbox 967 1405 1056 1442; x_wconf 91' lang='lat' dir='ltr'>Non</span> <span class='ocrx_word' id='word_1_51' title='bbox 1076 1407 1188 1441; x_wconf 88' lang='lat' dir='ltr'>aliter</span> <span class='ocrx_word' id='word_1_52' title='bbox 1208 1403 1445 1441; x_wconf 89' lang='lat' dir='ltr'>Archontem</span> <span class='ocrx_word' id='word_1_53' title='bbox 1466 1404 1635 1452; x_wconf 82' lang='lat' dir='ltr'>adpellat</span> <span class='ocrx_word' id='word_1_54' title='bbox 1654 1403 1751 1442; x_wconf 88' lang='lat' dir='ltr'>Dio-</span> 
     </span>
     <span class='ocr_line' id='line_1_12' title="bbox 289 1460 1751 1513; baseline 0.002 -16"><span class='ocrx_word' id='word_1_55' title='bbox 289 1462 427 1511; x_wconf 86' lang='lat' dir='ltr'>nysius</span> <span class='ocrx_word' id='word_1_56' title='bbox 457 1460 780 1497; x_wconf 81' lang='lat' dir='ltr'>Halicarnasseus</span> <span class='ocrx_word' id='word_1_57' title='bbox 807 1464 849 1499; x_wconf 91' lang='lat' dir='ltr'>in</span> <span class='ocrx_word' id='word_1_58' title='bbox 877 1461 1089 1499; x_wconf 87' lang='lat' dir='ltr'>Dinarcho.</span> <span class='ocrx_word' id='word_1_59' title='bbox 1119 1460 1315 1513; x_wconf 78' lang='lat' dir='ltr'>Diogenes</span> <span class='ocrx_word' id='word_1_60' title='bbox 1346 1461 1471 1498; x_wconf 82' lang='lat' dir='ltr'>Laert.</span> <span class='ocrx_word' id='word_1_61' title='bbox 1501 1461 1550 1498; x_wconf 84' lang='lat' dir='ltr'>ll.</span> <span class='ocrx_word' id='word_1_62' title='bbox 1575 1463 1646 1502; x_wconf 79' lang='lat'>56.</span> <span class='ocrx_word' id='word_1_63' title='bbox 1684 1461 1751 1501; x_wconf 76' lang='grc' dir='ltr'>ἐπὶ</span> 
     </span>
     <span class='ocr_line' id='line_1_13' title="bbox 289 1513 1749 1569; baseline 0 -13"><span class='ocrx_word' id='word_1_64' title='bbox 289 1513 492 1569; x_wconf 75' lang='grc' dir='ltr'><em>ἄρχοντος</em></span> <span class='ocrx_word' id='word_1_65' title='bbox 512 1517 852 1569; x_wconf 72' lang='grc' dir='ltr'>Καλλιδημίδόυ,</span> <span class='ocrx_word' id='word_1_66' title='bbox 877 1526 943 1555; x_wconf 87' lang='lat' dir='ltr'>aut</span> <span class='ocrx_word' id='word_1_67' title='bbox 965 1514 1254 1569; x_wconf 52' lang='lat' dir='ltr'>Kalltd‘wjuov,</span> <span class='ocrx_word' id='word_1_68' title='bbox 1284 1518 1387 1555; x_wconf 85' lang='lat' dir='ltr'>unde</span> <span class='ocrx_word' id='word_1_69' title='bbox 1408 1517 1460 1554; x_wconf 93' lang='lat' dir='ltr'>lo.</span> <span class='ocrx_word' id='word_1_70' title='bbox 1482 1517 1675 1560; x_wconf 86' lang='lat' dir='ltr'>Meursius</span> <span class='ocrx_word' id='word_1_71' title='bbox 1703 1519 1749 1556; x_wconf 90' lang='lat' dir='ltr'>de</span> 
     </span>
     <span class='ocr_line' id='line_1_14' title="bbox 288 1570 1752 1626; baseline 0.001 -16"><span class='ocrx_word' id='word_1_72' title='bbox 288 1573 473 1611; x_wconf 88' lang='lat' dir='ltr'>Archont.</span> <span class='ocrx_word' id='word_1_73' title='bbox 498 1574 585 1611; x_wconf 87' lang='lat' dir='ltr'>Ath.</span> <span class='ocrx_word' id='word_1_74' title='bbox 609 1573 651 1611; x_wconf 91' lang='lat' dir='ltr'>L.</span> <span class='ocrx_word' id='word_1_75' title='bbox 676 1574 737 1611; x_wconf 86' lang='lat' dir='ltr'>lv.</span> <span class='ocrx_word' id='word_1_76' title='bbox 763 1577 805 1615; x_wconf 87' lang='grc'>6.</span> <span class='ocrx_word' id='word_1_77' title='bbox 839 1575 997 1626; x_wconf 80' lang='lat' dir='ltr'>refingit</span> <span class='ocrx_word' id='word_1_78' title='bbox 1034 1570 1345 1626; x_wconf 60' lang='grc' dir='ltr'>Καλλιμήδόυς,</span> <span class='ocrx_word' id='word_1_79' title='bbox 1376 1574 1556 1626; x_wconf 77' lang='lat' dir='ltr'>Menagio</span> <span class='ocrx_word' id='word_1_80' title='bbox 1582 1576 1752 1624; x_wconf 85' lang='lat' dir='ltr'>proban-</span> 
     </span>
     <span class='ocr_line' id='line_1_15' title="bbox 290 1630 1748 1684; baseline 0 -16"><span class='ocrx_word' id='word_1_81' title='bbox 290 1638 338 1668; x_wconf 87' lang='lat' dir='ltr'>te.</span> <span class='ocrx_word' id='word_1_82' title='bbox 372 1631 499 1668; x_wconf 81' lang='lat' dir='ltr'>Stadii</span> <span class='ocrx_word' id='word_1_83' title='bbox 522 1630 592 1668; x_wconf 88' lang='lat' dir='ltr'>hac</span> <span class='ocrx_word' id='word_1_84' title='bbox 613 1631 766 1681; x_wconf 80' lang='lat' dir='ltr'>Olyinp.</span> <span class='ocrx_word' id='word_1_85' title='bbox 787 1633 916 1670; x_wconf 83' lang='lat' dir='ltr'>victor</span> <span class='ocrx_word' id='word_1_86' title='bbox 930 1633 1113 1684; x_wconf 74' lang='grc' dir='ltr'><em>Πρῶρος</em></span> <span class='ocrx_word' id='word_1_87' title='bbox 1133 1632 1347 1668; x_wconf 79' lang='lat' dir='ltr'><strong>Pausaniae</strong></span> <span class='ocrx_word' id='word_1_88' title='bbox 1367 1631 1409 1669; x_wconf 89' lang='lat' dir='ltr'><strong>L.</strong></span> <span class='ocrx_word' id='word_1_89' title='bbox 1430 1631 1483 1668; x_wconf 87' lang='lat' dir='ltr'><strong>X.</strong></span> <span class='ocrx_word' id='word_1_90' title='bbox 1507 1634 1548 1671; x_wconf 83' lang='lat'><strong>2.</strong></span> <span class='ocrx_word' id='word_1_91' title='bbox 1572 1645 1607 1680; x_wconf 89' lang='lat' dir='ltr'>p.</span> <span class='ocrx_word' id='word_1_92' title='bbox 1628 1634 1748 1680; x_wconf 69' lang='lat'>802,</span> 
     </span>
     <span class='ocr_line' id='line_1_16' title="bbox 289 1687 1748 1739; baseline 0.001 -14"><span class='ocrx_word' id='word_1_93' title='bbox 289 1688 356 1726; x_wconf 87' lang='lat' dir='ltr'>sed</span> <span class='ocrx_word' id='word_1_94' title='bbox 376 1702 452 1725; x_wconf 89' lang='lat' dir='ltr'>una</span> <span class='ocrx_word' id='word_1_95' title='bbox 476 1690 588 1725; x_wconf 83' lang='lat' dir='ltr'>litera</span> <span class='ocrx_word' id='word_1_96' title='bbox 609 1690 776 1735; x_wconf 84' lang='lat' dir='ltr'>auctior,</span> <span class='ocrx_word' id='word_1_97' title='bbox 795 1696 837 1726; x_wconf 91' lang='lat' dir='ltr'>ut</span> <span class='ocrx_word' id='word_1_98' title='bbox 857 1690 953 1725; x_wconf 86' lang='lat' dir='ltr'>bene</span> <span class='ocrx_word' id='word_1_99' title='bbox 972 1691 1123 1725; x_wconf 84' lang='lat' dir='ltr'>monuit</span> <span class='ocrx_word' id='word_1_100' title='bbox 1146 1687 1343 1739; x_wconf 51' lang='lat' dir='ltr'>Sylbmg„</span> <span class='ocrx_word' id='word_1_101' title='bbox 1362 1690 1403 1725; x_wconf 91' lang='lat' dir='ltr'>in</span> <span class='ocrx_word' id='word_1_102' title='bbox 1417 1688 1584 1725; x_wconf 88' lang='lat' dir='ltr'>Eusebio</span> <span class='ocrx_word' id='word_1_103' title='bbox 1604 1688 1748 1726; x_wconf 88' lang='lat' dir='ltr'>Chron.</span> 
     </span>
     <span class='ocr_line' id='line_1_17' title="bbox 287 1744 1746 1798; baseline -0.001 -14"><span class='ocrx_word' id='word_1_104' title='bbox 287 1752 449 1784; x_wconf 79' lang='lat' dir='ltr'>vocatur</span> <span class='ocrx_word' id='word_1_105' title='bbox 471 1746 648 1798; x_wconf 74' lang='grc' dir='ltr'><em>Παῦρος</em></span> <span class='ocrx_word' id='word_1_106' title='bbox 669 1746 918 1797; x_wconf 73' lang='grc' dir='ltr'><em>Κυρηναῖος.</em></span> <span class='ocrx_word' id='word_1_107' title='bbox 948 1745 1084 1783; x_wconf 56' lang='grc' dir='ltr'>ἶνΕεε.</span> <span class='ocrx_word' id='word_1_108' title='bbox 1105 1744 1235 1782; x_wconf 76' lang='lat' dir='ltr'>Porus</span> <span class='ocrx_word' id='word_1_109' title='bbox 1254 1745 1445 1782; x_wconf 77' lang='lat' dir='ltr'>Eusebius</span> <span class='ocrx_word' id='word_1_110' title='bbox 1466 1744 1560 1782; x_wconf 83' lang='lat' dir='ltr'>Maii</span> <span class='ocrx_word' id='word_1_111' title='bbox 1581 1760 1614 1795; x_wconf 93' lang='lat' dir='ltr'>p.</span> <span class='ocrx_word' id='word_1_112' title='bbox 1642 1748 1661 1786; x_wconf 92' lang='lat' dir='ltr'>l</span> <span class='ocrx_word' id='word_1_113' title='bbox 1675 1748 1746 1786; x_wconf 82' lang='grc'>51.</span> 
     </span>
    </p>

    <p class='ocr_par' dir='ltr' id='par_1_9' title="bbox 285 1797 1748 2179">
     <span class='ocr_line' id='line_1_18' title="bbox 406 1797 1748 1852; baseline -0.002 -10"><span class='ocrx_word' id='word_1_114' title='bbox 406 1803 478 1842; x_wconf 76' lang='lat'>32·</span> <span class='ocrx_word' id='word_1_115' title='bbox 513 1803 583 1841; x_wconf 86' lang='lat'>50·</span> <span class='ocrx_word' id='word_1_116' title='bbox 628 1803 781 1841; x_wconf 76' lang='grc' dir='ltr'><em>Γναῖον</em></span> <span class='ocrx_word' id='word_1_117' title='bbox 814 1798 1037 1851; x_wconf 71' lang='grc' dir='ltr'>Ῑένύκιον]</span> <span class='ocrx_word' id='word_1_118' title='bbox 1068 1801 1143 1838; x_wconf 88' lang='lat' dir='ltr'>Hic</span> <span class='ocrx_word' id='word_1_119' title='bbox 1171 1797 1365 1840; x_wconf 73' lang='grc' dir='ltr'>Γενύκιον</span> <span class='ocrx_word' id='word_1_120' title='bbox 1388 1801 1532 1838; x_wconf 81' lang='lat' dir='ltr'>habent</span> <span class='ocrx_word' id='word_1_121' title='bbox 1552 1805 1748 1852; x_wconf 79' lang='lat' dir='ltr'>exempla-</span> 
     </span>
     <span class='ocr_line' id='line_1_19' title="bbox 287 1854 1748 1909; baseline 0 -13"><span class='ocrx_word' id='word_1_122' title='bbox 287 1861 359 1905; x_wconf 87' lang='lat' dir='ltr'>ria,</span> <span class='ocrx_word' id='word_1_123' title='bbox 380 1871 495 1908; x_wconf 90' lang='lat' dir='ltr'>quum</span> <span class='ocrx_word' id='word_1_124' title='bbox 516 1861 557 1895; x_wconf 93' lang='lat' dir='ltr'>in</span> <span class='ocrx_word' id='word_1_125' title='bbox 578 1860 674 1895; x_wconf 90' lang='lat' dir='ltr'>locis</span> <span class='ocrx_word' id='word_1_126' title='bbox 690 1860 1005 1908; x_wconf 82' lang='lat' dir='ltr'>praecedentibus</span> <span class='ocrx_word' id='word_1_127' title='bbox 1030 1858 1194 1895; x_wconf 88' lang='lat' dir='ltr'>habeant</span> <span class='ocrx_word' id='word_1_128' title='bbox 1207 1854 1438 1897; x_wconf 72' lang='grc' dir='ltr'><em>Γειόύκιον.</em></span> <span class='ocrx_word' id='word_1_129' title='bbox 1464 1870 1559 1906; x_wconf 87' lang='lat' dir='ltr'>quae</span> <span class='ocrx_word' id='word_1_130' title='bbox 1581 1862 1748 1909; x_wconf 87' lang='lat' dir='ltr'>scriptu-</span> 
     </span>
     <span class='ocr_line' id='line_1_20' title="bbox 287 1914 1748 1965; baseline 0.001 -13"><span class='ocrx_word' id='word_1_131' title='bbox 287 1928 331 1952; x_wconf 86' lang='lat' dir='ltr'>ra</span> <span class='ocrx_word' id='word_1_132' title='bbox 350 1915 412 1952; x_wconf 87' lang='lat' dir='ltr'>hic</span> <span class='ocrx_word' id='word_1_133' title='bbox 434 1928 583 1964; x_wconf 89' lang='lat' dir='ltr'>quoque</span> <span class='ocrx_word' id='word_1_134' title='bbox 606 1916 798 1953; x_wconf 88' lang='lat' dir='ltr'>servanda</span> <span class='ocrx_word' id='word_1_135' title='bbox 827 1919 955 1965; x_wconf 86' lang='lat' dir='ltr'>potius</span> <span class='ocrx_word' id='word_1_136' title='bbox 976 1917 1065 1954; x_wconf 83' lang='lat' dir='ltr'>fuit.</span> <span class='ocrx_word' id='word_1_137' title='bbox 1108 1914 1264 1952; x_wconf 81' lang='lat' dir='ltr'><strong>STEPH.</strong></span> <span class='ocrx_word' id='word_1_138' title='bbox 1305 1914 1418 1952; x_wconf 88' lang='lat' dir='ltr'>Livio</span> <span class='ocrx_word' id='word_1_139' title='bbox 1443 1914 1557 1952; x_wconf 89' lang='lat' dir='ltr'>Caius</span> <span class='ocrx_word' id='word_1_140' title='bbox 1582 1928 1748 1964; x_wconf 35' lang='lat' dir='ltr'>praeno*-</span> 
     </span>
     <span class='ocr_line' id='line_1_21' title="bbox 287 1970 1745 2023; baseline 0 -14"><span class='ocrx_word' id='word_1_141' title='bbox 287 1985 377 2009; x_wconf 86' lang='lat' dir='ltr'>men</span> <span class='ocrx_word' id='word_1_142' title='bbox 408 1980 478 2011; x_wconf 91' lang='lat' dir='ltr'>est.</span> <span class='ocrx_word' id='word_1_143' title='bbox 531 1971 609 2008; x_wconf 79' lang='lat' dir='ltr'>Sed</span> <span class='ocrx_word' id='word_1_144' title='bbox 639 1973 783 2009; x_wconf 89' lang='lat' dir='ltr'>Nostro</span> <span class='ocrx_word' id='word_1_145' title='bbox 814 1971 986 2009; x_wconf 79' lang='lat' dir='ltr'>Tabulae</span> <span class='ocrx_word' id='word_1_146' title='bbox 1016 1970 1256 2023; x_wconf 78' lang='lat' dir='ltr'>Capitolinae</span> <span class='ocrx_word' id='word_1_147' title='bbox 1296 1971 1568 2022; x_wconf 84' lang='lat' dir='ltr'>suffragantur.</span> <span class='ocrx_word' id='word_1_148' title='bbox 1606 1971 1745 2010; x_wconf 84' lang='lat' dir='ltr'><strong>RHOD.</strong></span> 
     </span>
     <span class='ocr_line' id='line_1_22' title="bbox 285 2025 1743 2081; baseline -0.001 -13"><span class='ocrx_word' id='word_1_149' title='bbox 285 2030 440 2068; x_wconf 80' lang='grc' dir='ltr'><em>Γναῖον</em></span> <span class='ocrx_word' id='word_1_150' title='bbox 464 2025 713 2081; x_wconf 73' lang='grc' dir='ltr'><em>Γενούκιον]</em></span> <span class='ocrx_word' id='word_1_151' title='bbox 745 2028 831 2065; x_wconf 83' lang='grc' dir='ltr'>Ηοο</span> <span class='ocrx_word' id='word_1_152' title='bbox 854 2031 1031 2078; x_wconf 77' lang='lat' dir='ltr'>praetuli,</span> <span class='ocrx_word' id='word_1_153' title='bbox 1046 2029 1145 2076; x_wconf 87' lang='lat' dir='ltr'>quod</span> <span class='ocrx_word' id='word_1_154' title='bbox 1164 2034 1299 2064; x_wconf 86' lang='lat' dir='ltr'>auctor</span> <span class='ocrx_word' id='word_1_155' title='bbox 1320 2031 1374 2064; x_wconf 90' lang='lat' dir='ltr'>ita</span> <span class='ocrx_word' id='word_1_156' title='bbox 1395 2030 1527 2065; x_wconf 80' lang='lat' dir='ltr'>soleat.</span> <span class='ocrx_word' id='word_1_157' title='bbox 1556 2027 1615 2065; x_wconf 90' lang='lat' dir='ltr'>De</span> <span class='ocrx_word' id='word_1_158' title='bbox 1633 2041 1743 2077; x_wconf 57' lang='lat' dir='ltr'>prae*</span> 
     </span>
     <span class='ocr_line' id='line_1_23' title="bbox 286 2083 1744 2136; baseline 0.001 -15"><span class='ocrx_word' id='word_1_159' title='bbox 286 2087 443 2123; x_wconf 85' lang='lat' dir='ltr'>nomine</span> <span class='ocrx_word' id='word_1_160' title='bbox 466 2085 633 2122; x_wconf 86' lang='lat' dir='ltr'>Genucii</span> <span class='ocrx_word' id='word_1_161' title='bbox 654 2086 702 2123; x_wconf 87' lang='lat' dir='ltr'>ad</span> <span class='ocrx_word' id='word_1_162' title='bbox 723 2085 830 2123; x_wconf 81' lang='lat' dir='ltr'>Livii</span> <span class='ocrx_word' id='word_1_163' title='bbox 852 2085 895 2123; x_wconf 91' lang='lat' dir='ltr'>L.</span> <span class='ocrx_word' id='word_1_164' title='bbox 916 2085 1000 2122; x_wconf 84' lang='lat' dir='ltr'>Vll.</span> <span class='ocrx_word' id='word_1_165' title='bbox 1020 2086 1063 2124; x_wconf 89' lang='lat'>3.</span> <span class='ocrx_word' id='word_1_166' title='bbox 1097 2084 1235 2136; x_wconf 81' lang='lat' dir='ltr'>Sigon,</span> <span class='ocrx_word' id='word_1_167' title='bbox 1258 2090 1296 2121; x_wconf 83' lang='lat' dir='ltr'>et</span> <span class='ocrx_word' id='word_1_168' title='bbox 1315 2083 1611 2125; x_wconf 81' lang='lat' dir='ltr'>Drakenborch.</span> <span class='ocrx_word' id='word_1_169' title='bbox 1638 2093 1744 2123; x_wconf 82' lang='lat' dir='ltr'>recte</span> 
     </span>
     <span class='ocr_line' id='line_1_24' title="bbox 288 2142 675 2179; baseline 0 0"><span class='ocrx_word' id='word_1_170' title='bbox 288 2142 511 2179; x_wconf 87' lang='lat' dir='ltr'>decernunt.</span> <span class='ocrx_word' id='word_1_171' title='bbox 539 2142 675 2179; x_wconf 53' lang='lat' dir='ltr'><strong>TVESS.</strong></span> 
     </span>
    </p>

    <p class='ocr_par' dir='ltr' id='par_1_10' title="bbox 283 2196 1743 2532">
     <span class='ocr_line' id='line_1_25' title="bbox 400 2196 1743 2251; baseline -0.002 -12"><span class='ocrx_word' id='word_1_172' title='bbox 400 2201 474 2239; x_wconf 80' lang='lat'><strong>82.</strong></span> <span class='ocrx_word' id='word_1_173' title='bbox 511 2199 582 2239; x_wconf 83' lang='lat'><strong>58.</strong></span> <span class='ocrx_word' id='word_1_174' title='bbox 613 2196 863 2251; x_wconf 73' lang='grc' dir='ltr'><em>Παρέθεντο</em></span> <span class='ocrx_word' id='word_1_175' title='bbox 886 2202 975 2245; x_wconf 76' lang='grc' dir='ltr'><strong><em>τοῖς</em></strong></span> <span class='ocrx_word' id='word_1_176' title='bbox 998 2196 1224 2250; x_wconf 72' lang='grc' dir='ltr'><strong><em>Θηβαίοις]</em></strong></span> <span class='ocrx_word' id='word_1_177' title='bbox 1262 2196 1481 2247; x_wconf 85' lang='lat' dir='ltr'>Superioris</span> <span class='ocrx_word' id='word_1_178' title='bbox 1499 2199 1590 2236; x_wconf 85' lang='lat' dir='ltr'>libri</span> <span class='ocrx_word' id='word_1_179' title='bbox 1612 2213 1644 2236; x_wconf 89' lang='lat' dir='ltr'>c.</span> <span class='ocrx_word' id='word_1_180' title='bbox 1669 2199 1743 2240; x_wconf 84' lang='lat'><strong>67.</strong></span> 
     </span>
     <span class='ocr_line' id='line_1_26' title="bbox 284 2254 1743 2304; baseline 0 -11"><span class='ocrx_word' id='word_1_181' title='bbox 284 2269 308 2293; x_wconf 79' lang='lat' dir='ltr'>a</span> <span class='ocrx_word' id='word_1_182' title='bbox 336 2257 456 2293; x_wconf 87' lang='lat' dir='ltr'>fratre</span> <span class='ocrx_word' id='word_1_183' title='bbox 481 2255 703 2293; x_wconf 88' lang='lat' dir='ltr'>Alexandro</span> <span class='ocrx_word' id='word_1_184' title='bbox 734 2254 931 2292; x_wconf 82' lang='lat' dir='ltr'>Thebanis</span> <span class='ocrx_word' id='word_1_185' title='bbox 961 2256 1072 2291; x_wconf 89' lang='lat' dir='ltr'>obses</span> <span class='ocrx_word' id='word_1_186' title='bbox 1104 2254 1305 2303; x_wconf 78' lang='lat' dir='ltr'>Philippus</span> <span class='ocrx_word' id='word_1_187' title='bbox 1334 2255 1468 2302; x_wconf 84' lang='lat' dir='ltr'>datur,</span> <span class='ocrx_word' id='word_1_188' title='bbox 1506 2257 1743 2304; x_wconf 73' lang='lat' dir='ltr'>opinionem,</span> 
     </span>
     <span class='ocr_line' id='line_1_27' title="bbox 283 2311 1743 2361; baseline 0 -12"><span class='ocrx_word' id='word_1_189' title='bbox 283 2314 343 2350; x_wconf 85' lang='lat' dir='ltr'>uti</span> <span class='ocrx_word' id='word_1_190' title='bbox 364 2312 556 2359; x_wconf 81' lang='lat' dir='ltr'>diximus,</span> <span class='ocrx_word' id='word_1_191' title='bbox 597 2313 846 2361; x_wconf 86' lang='lat' dir='ltr'>probantibus</span> <span class='ocrx_word' id='word_1_192' title='bbox 867 2312 1013 2349; x_wconf 85' lang='lat' dir='ltr'>Iustino</span> <span class='ocrx_word' id='word_1_193' title='bbox 1037 2318 1075 2348; x_wconf 88' lang='lat' dir='ltr'>et</span> <span class='ocrx_word' id='word_1_194' title='bbox 1089 2311 1311 2348; x_wconf 85' lang='lat' dir='ltr'>Plutarcho.</span> <span class='ocrx_word' id='word_1_195' title='bbox 1355 2311 1565 2361; x_wconf 85' lang='lat' dir='ltr'>Utramque</span> <span class='ocrx_word' id='word_1_196' title='bbox 1586 2319 1743 2349; x_wconf 89' lang='lat' dir='ltr'>senten-</span> 
     </span>
     <span class='ocr_line' id='line_1_28' title="bbox 283 2367 1740 2418; baseline 0 -12"><span class='ocrx_word' id='word_1_197' title='bbox 283 2372 376 2406; x_wconf 86' lang='lat' dir='ltr'>tiam</span> <span class='ocrx_word' id='word_1_198' title='bbox 402 2369 563 2406; x_wconf 77' lang='lat' dir='ltr'>Geniist.</span> <span class='ocrx_word' id='word_1_199' title='bbox 584 2368 721 2404; x_wconf 81' lang='lat' dir='ltr'>Pletho</span> <span class='ocrx_word' id='word_1_200' title='bbox 741 2370 963 2418; x_wconf 74' lang='lat' dir='ltr'>coniungit,</span> <span class='ocrx_word' id='word_1_201' title='bbox 996 2375 1035 2405; x_wconf 92' lang='lat' dir='ltr'>et</span> <span class='ocrx_word' id='word_1_202' title='bbox 1066 2371 1189 2416; x_wconf 85' lang='lat' dir='ltr'>primo</span> <span class='ocrx_word' id='word_1_203' title='bbox 1217 2369 1264 2405; x_wconf 86' lang='lat' dir='ltr'>ab</span> <span class='ocrx_word' id='word_1_204' title='bbox 1294 2367 1486 2418; x_wconf 78' lang='lat' dir='ltr'>Amynta,</span> <span class='ocrx_word' id='word_1_205' title='bbox 1515 2368 1740 2418; x_wconf 84' lang='lat' dir='ltr'>lllyriorum</span> 
     </span>
     <span class='ocr_line' id='line_1_29' title="bbox 283 2424 1740 2475; baseline -0.001 -12"><span class='ocrx_word' id='word_1_206' title='bbox 283 2428 400 2463; x_wconf 85' lang='lat' dir='ltr'>armis</span> <span class='ocrx_word' id='word_1_207' title='bbox 429 2427 576 2472; x_wconf 81' lang='lat' dir='ltr'>fracto,</span> <span class='ocrx_word' id='word_1_208' title='bbox 608 2425 781 2462; x_wconf 87' lang='lat' dir='ltr'>obsidem</span> <span class='ocrx_word' id='word_1_209' title='bbox 805 2426 1016 2474; x_wconf 86' lang='lat' dir='ltr'>praebitum</span> <span class='ocrx_word' id='word_1_210' title='bbox 1043 2424 1270 2475; x_wconf 87' lang='lat' dir='ltr'>Thebasque</span> <span class='ocrx_word' id='word_1_211' title='bbox 1302 2425 1571 2472; x_wconf 83' lang='lat' dir='ltr'>amandatum,</span> <span class='ocrx_word' id='word_1_212' title='bbox 1600 2425 1740 2462; x_wconf 75' lang='lat' dir='ltr'>deinde</span> 
     </span>
     <span class='ocr_line' id='line_1_30' title="bbox 284 2480 1740 2532; baseline 0 -13"><span class='ocrx_word' id='word_1_213' title='bbox 284 2496 307 2520; x_wconf 90' lang='lat' dir='ltr'>a</span> <span class='ocrx_word' id='word_1_214' title='bbox 330 2484 451 2520; x_wconf 82' lang='lat' dir='ltr'>fratre</span> <span class='ocrx_word' id='word_1_215' title='bbox 475 2482 698 2519; x_wconf 77' lang='lat' dir='ltr'>Alexandro</span> <span class='ocrx_word' id='word_1_216' title='bbox 721 2481 810 2518; x_wconf 84' lang='lat' dir='ltr'>fidei</span> <span class='ocrx_word' id='word_1_217' title='bbox 830 2483 969 2532; x_wconf 82' lang='lat' dir='ltr'>pignus</span> <span class='ocrx_word' id='word_1_218' title='bbox 985 2481 1192 2531; x_wconf 87' lang='lat' dir='ltr'>Pelopidae</span> <span class='ocrx_word' id='word_1_219' title='bbox 1220 2480 1491 2530; x_wconf 86' lang='lat' dir='ltr'>Thebanisque</span> <span class='ocrx_word' id='word_1_220' title='bbox 1512 2484 1740 2530; x_wconf 87' lang='lat' dir='ltr'>permissum</span> 
     </span>
    </p>
   </div>
   <div class='ocr_carea' id='block_1_7' title="bbox 284 2538 1795 2589">
    <p class='ocr_par' dir='ltr' id='par_1_11' title="bbox 284 2538 1795 2589">
     <span class='ocr_line' id='line_1_31' title="bbox 284 2538 1795 2589; baseline 0 -13"><span class='ocrx_word' id='word_1_221' title='bbox 284 2546 323 2576; x_wconf 90' lang='lat' dir='ltr'>et</span> <span class='ocrx_word' id='word_1_222' title='bbox 351 2553 437 2576; x_wconf 90' lang='lat' dir='ltr'>cum</span> <span class='ocrx_word' id='word_1_223' title='bbox 465 2538 733 2589; x_wconf 85' lang='lat' dir='ltr'>Epaminonda</span> <span class='ocrx_word' id='word_1_224' title='bbox 764 2538 942 2575; x_wconf 83' lang='lat' dir='ltr'>eductum</span> <span class='ocrx_word' id='word_1_225' title='bbox 976 2541 1118 2587; x_wconf 89' lang='lat' dir='ltr'>pariter</span> <span class='ocrx_word' id='word_1_226' title='bbox 1156 2544 1269 2588; x_wconf 87' lang='lat' dir='ltr'>atque</span> <span class='ocrx_word' id='word_1_227' title='bbox 1299 2539 1519 2575; x_wconf 83' lang='lat' dir='ltr'>institutum</span> <span class='ocrx_word' id='word_1_228' title='bbox 1548 2538 1738 2575; x_wconf 82' lang='lat' dir='ltr'>adfirmat.</span> <span class='ocrx_word' id='word_1_229' title='bbox 1793 2574 1795 2576; x_wconf 85' lang='grc'><em>,</em></span> 
     </span>
    </p>
   </div>
   <div class='ocr_carea' id='block_1_8' title="bbox 280 2595 1738 2928">
    <p class='ocr_par' dir='ltr' id='par_1_12' title="bbox 280 2595 1738 2928">
     <span class='ocr_line' id='line_1_32' title="bbox 284 2595 1737 2646; baseline -0.001 -13"><span class='ocrx_word' id='word_1_230' title='bbox 284 2595 382 2633; x_wconf 87' lang='lat' dir='ltr'>Mihi</span> <span class='ocrx_word' id='word_1_231' title='bbox 425 2609 507 2632; x_wconf 90' lang='lat' dir='ltr'>rem</span> <span class='ocrx_word' id='word_1_232' title='bbox 547 2597 715 2646; x_wconf 85' lang='lat' dir='ltr'>penitius</span> <span class='ocrx_word' id='word_1_233' title='bbox 746 2595 1030 2643; x_wconf 83' lang='lat' dir='ltr'>introspicienti</span> <span class='ocrx_word' id='word_1_234' title='bbox 1056 2602 1221 2643; x_wconf 85' lang='lat' dir='ltr'>utraque</span> <span class='ocrx_word' id='word_1_235' title='bbox 1252 2597 1426 2632; x_wconf 86' lang='lat' dir='ltr'>narratio</span> <span class='ocrx_word' id='word_1_236' title='bbox 1449 2595 1737 2632; x_wconf 81' lang='lat' dir='ltr'>difficultatibus</span> 
     </span>
     <span class='ocr_line' id='line_1_33' title="bbox 281 2651 1738 2703; baseline -0.001 -14"><span class='ocrx_word' id='word_1_237' title='bbox 281 2655 404 2703; x_wconf 86' lang='lat' dir='ltr'>premi</span> <span class='ocrx_word' id='word_1_238' title='bbox 425 2652 580 2689; x_wconf 88' lang='lat' dir='ltr'>videtur</span> <span class='ocrx_word' id='word_1_239' title='bbox 596 2654 851 2703; x_wconf 82' lang='lat' dir='ltr'>gravissimis.</span> <span class='ocrx_word' id='word_1_240' title='bbox 890 2651 921 2687; x_wconf 95' lang='lat' dir='ltr'><strong>A</strong></span> <span class='ocrx_word' id='word_1_241' title='bbox 945 2657 1056 2699; x_wconf 88' lang='lat' dir='ltr'>patre</span> <span class='ocrx_word' id='word_1_242' title='bbox 1077 2653 1180 2688; x_wconf 87' lang='lat' dir='ltr'>enim</span> <span class='ocrx_word' id='word_1_243' title='bbox 1201 2652 1372 2688; x_wconf 84' lang='lat' dir='ltr'>obsidem</span> <span class='ocrx_word' id='word_1_244' title='bbox 1394 2654 1426 2688; x_wconf 87' lang='lat' dir='ltr'>si</span> <span class='ocrx_word' id='word_1_245' title='bbox 1446 2653 1664 2700; x_wconf 85' lang='lat' dir='ltr'>acceperint</span> <span class='ocrx_word' id='word_1_246' title='bbox 1685 2651 1738 2688; x_wconf 88' lang='lat'>11-</span> 
     </span>
     <span class='ocr_line' id='line_1_34' title="bbox 282 2707 1736 2760; baseline -0.001 -14"><span class='ocrx_word' id='word_1_247' title='bbox 282 2710 378 2760; x_wconf 85' lang='lat' dir='ltr'>lyrii</span> <span class='ocrx_word' id='word_1_248' title='bbox 408 2716 446 2745; x_wconf 88' lang='lat' dir='ltr'>et</span> <span class='ocrx_word' id='word_1_249' title='bbox 467 2707 611 2746; x_wconf 90' lang='lat' dir='ltr'>Thebis</span> <span class='ocrx_word' id='word_1_250' title='bbox 642 2708 912 2758; x_wconf 75' lang='lat' dir='ltr'>deposuerint,</span> <span class='ocrx_word' id='word_1_251' title='bbox 944 2710 1002 2744; x_wconf 88' lang='lat' dir='ltr'>uti</span> <span class='ocrx_word' id='word_1_252' title='bbox 1025 2707 1088 2744; x_wconf 86' lang='lat' dir='ltr'>hic</span> <span class='ocrx_word' id='word_1_253' title='bbox 1108 2714 1241 2745; x_wconf 86' lang='lat' dir='ltr'>auctor</span> <span class='ocrx_word' id='word_1_254' title='bbox 1260 2709 1407 2744; x_wconf 89' lang='lat' dir='ltr'>fatetur</span> <span class='ocrx_word' id='word_1_255' title='bbox 1431 2713 1469 2743; x_wconf 88' lang='lat' dir='ltr'>et</span> <span class='ocrx_word' id='word_1_256' title='bbox 1498 2721 1583 2744; x_wconf 87' lang='lat' dir='ltr'>cum</span> <span class='ocrx_word' id='word_1_257' title='bbox 1605 2721 1649 2743; x_wconf 90' lang='lat' dir='ltr'>eo</span> <span class='ocrx_word' id='word_1_258' title='bbox 1669 2707 1736 2745; x_wconf 91' lang='lat' dir='ltr'>Li-</span> 
     </span>
     <span class='ocr_line' id='line_1_35' title="bbox 281 2763 1735 2816; baseline -0.001 -14"><span class='ocrx_word' id='word_1_259' title='bbox 281 2766 420 2802; x_wconf 89' lang='lat' dir='ltr'>banius</span> <span class='ocrx_word' id='word_1_260' title='bbox 441 2764 489 2804; x_wconf 92' lang='lat' dir='ltr'>T.</span> <span class='ocrx_word' id='word_1_261' title='bbox 515 2765 543 2802; x_wconf 89' lang='lat' dir='ltr'><strong>I.</strong></span> <span class='ocrx_word' id='word_1_262' title='bbox 564 2779 598 2816; x_wconf 90' lang='lat' dir='ltr'>p.</span> <span class='ocrx_word' id='word_1_263' title='bbox 622 2766 724 2805; x_wconf 81' lang='grc'><strong>106.</strong></span> <span class='ocrx_word' id='word_1_264' title='bbox 738 2764 798 2811; x_wconf 82' lang='lat' dir='ltr'>A.,</span> <span class='ocrx_word' id='word_1_265' title='bbox 818 2764 1023 2801; x_wconf 86' lang='lat' dir='ltr'>admodum</span> <span class='ocrx_word' id='word_1_266' title='bbox 1044 2765 1173 2801; x_wconf 83' lang='lat' dir='ltr'>infans</span> <span class='ocrx_word' id='word_1_267' title='bbox 1196 2763 1350 2801; x_wconf 86' lang='lat' dir='ltr'>Thebas</span> <span class='ocrx_word' id='word_1_268' title='bbox 1371 2764 1556 2801; x_wconf 77' lang='lat' dir='ltr'>deductus</span> <span class='ocrx_word' id='word_1_269' title='bbox 1579 2771 1735 2810; x_wconf 85' lang='lat' dir='ltr'>est,nec</span> 
     </span>
     <span class='ocr_line' id='line_1_36' title="bbox 283 2819 1736 2871; baseline -0.001 -13"><span class='ocrx_word' id='word_1_270' title='bbox 283 2822 373 2858; x_wconf 85' lang='lat' dir='ltr'>dum</span> <span class='ocrx_word' id='word_1_271' title='bbox 394 2821 535 2859; x_wconf 86' lang='lat' dir='ltr'>habilis</span> <span class='ocrx_word' id='word_1_272' title='bbox 555 2824 768 2870; x_wconf 83' lang='lat' dir='ltr'>praeceptis</span> <span class='ocrx_word' id='word_1_273' title='bbox 792 2820 1058 2870; x_wconf 85' lang='lat' dir='ltr'>philosophiae</span> <span class='ocrx_word' id='word_1_274' title='bbox 1079 2819 1379 2871; x_wconf 79' lang='lat' dir='ltr'>Pythagoricae.</span> <span class='ocrx_word' id='word_1_275' title='bbox 1427 2819 1544 2857; x_wconf 82' lang='lat' dir='ltr'>Aetas</span> <span class='ocrx_word' id='word_1_276' title='bbox 1564 2820 1736 2869; x_wconf 89' lang='lat' dir='ltr'>Philippi</span> 
     </span>
     <span class='ocr_line' id='line_1_37' title="bbox 280 2876 1735 2928; baseline -0.001 -13"><span class='ocrx_word' id='word_1_277' title='bbox 280 2892 361 2916; x_wconf 86' lang='lat' dir='ltr'>rem</span> <span class='ocrx_word' id='word_1_278' title='bbox 381 2879 642 2927; x_wconf 81' lang='lat' dir='ltr'>planissimam</span> <span class='ocrx_word' id='word_1_279' title='bbox 660 2876 808 2915; x_wconf 84' lang='lat' dir='ltr'>reddet.</span> <span class='ocrx_word' id='word_1_280' title='bbox 845 2876 1023 2914; x_wconf 77' lang='lat' dir='ltr'>Decessit</span> <span class='ocrx_word' id='word_1_281' title='bbox 1041 2890 1143 2914; x_wconf 84' lang='lat' dir='ltr'>anno</span> <span class='ocrx_word' id='word_1_282' title='bbox 1163 2880 1285 2925; x_wconf 87' lang='lat' dir='ltr'>primo</span> <span class='ocrx_word' id='word_1_283' title='bbox 1298 2877 1451 2928; x_wconf 88' lang='lat' dir='ltr'>Olymp.</span> <span class='ocrx_word' id='word_1_284' title='bbox 1476 2887 1572 2924; x_wconf 73' lang='lat' dir='ltr'>CXL,</span> <span class='ocrx_word' id='word_1_285' title='bbox 1591 2890 1735 2914; x_wconf 86' lang='lat' dir='ltr'>annum</span> 
     </span>
    </p>
   </div>
  </div>
 </body>
</html>
