1891 3310
371 167 434 206 lN
466 166 579 206 LlB.
610 165 765 205 xvu.
796 164 926 204 CAP.
955 167 1031 208 45.
1057 182 1105 203 -η
1127 169 1204 210 48.
1432 172 1517 213 171

77 282 135 318 uti
157 286 196 318 et
220 279 390 328 Iustino,
423 274 650 331 Ἀλύνομης
681 277 900 318 Plutarcho.
945 277 1090 331 Scripti
1109 278 1287 318 Curtiani
1306 281 1523 321 Abdalom'-

75 351 176 374 mum
204 344 271 375 aut
303 336 609 385 Abdalonymum
637 337 883 384 praeferunt,
911 336 1013 384 quod
1034 339 1162 374 verius
1181 338 1373 386 arbitror,
1401 339 1525 376 ethic

76 405 225 444 quoque
249 395 339 430 olim
360 393 588 429 lectitatum.
605 391 712 428 Adde
724 394 825 429 enim
839 393 998 440 primam
1009 395 1095 430 voci
1106 394 1268 441 literam,
1279 402 1317 431 et
1328 394 1526 434 ABAA-

75 447 392 488 AQNYMON
412 450 452 484 in
473 448 518 487 A
526 447 977 490 RAAAQNYMON
1001 461 1023 486 a
1043 449 1200 486 librario
1221 451 1381 487 socorde
1409 452 1524 488 facilc

77 507 253 543 converti
279 505 453 554 potuisse
483 504 643 542 videbis.
684 503 897 542 Phoenices
917 505 1119 554 scripsisse
1147 506 1331 543 credibile
1360 513 1420 544 est
1447 517 1526 547 *1:1²

76 572 166 601 0⁵:²5
194 557 268 608 ΗΝ,
309 563 335 599 i.
360 574 391 598 e.
411 572 566 598 servum
591 561 657 598 dei
672 561 933 612 praedatoris
962 563 1045 598 sive
1067 560 1223 599 Martis:
1256 574 1352 611 quae
1375 570 1525 612 postre-

79 620 133 655 mi
153 618 333 654 vocabuli
352 623 519 666 potestas
540 617 652 653 durat
671 621 710 654 in
732 617 897 654 Arabum
921 630 1118 665 sermone,
1154 625 1318 667 suntque
1347 623 1429 657 eius
1458 634 1527 658 ve-

79 675 195 725 stigia
214 675 255 710 in
278 673 339 710 dei
360 669 483 720 *1‘7832
507 676 661 710 nomine
682 675 723 712 2.
748 672 842 723 Reg.
868 672 994 710 XVll.
1015 674 1089 713 31.
1137 672 1215 712 Sed
1234 675 1306 712 hoc
1326 677 1367 712 in
1390 677 1527 712 conie-

78 738 188 767 ctura
215 730 366 777 deputo.
410 729 593 767 Succedit
613 730 691 766 alia
719 731 1006 776 controversia,
1036 730 1218 779 expeditu
1243 733 1360 782 longe
1390 732 1528 770 diffici-

77 788 163 823 lior.
192 785 346 824 Curtius
367 791 406 822 et
428 785 597 822 lustinus
617 785 926 835 Abdalonymum
955 786 1150 823 sufficiunt
1174 789 1216 824 in
1238 787 1435 825 Stratonis
1462 788 1529 826 Si-

78 843 282 880 doniorum
300 844 404 892 regis
424 844 562 879 locum.
589 841 718 888 Dices,
736 842 837 889 quod
857 843 898 878 in
911 849 1077 880 mentem
1097 845 1207 881 venit
1227 844 1527 895 diligentissimo

80 898 246 936 Simson.
274 897 416 935 Chron.
447 898 495 935 ad
517 911 606 935 ann.
630 899 780 946 3673,
812 905 1019 945 occupatae,
1037 899 1126 935 dein
1149 898 1258 950 Tyro
1280 901 1455 939 eumdem
1479 902 1527 939 ab

77 954 301 991 Alexan-‘Iro
324 955 532 1003 inpositum
547 981 559 1002 ,
609 960 723 1003 atque
743 967 787 991 ea
805 956 957 991 ratione
979 956 1021 991 in
1050 956 1298 994 concordiam
1321 960 1529 1008 scriptores

77 1011 216 1049 redire.
247 1011 298 1047 At
319 1011 446 1047 obstat
465 1013 523 1049 rei
543 1012 681 1058 scries3
711 1009 906 1048 Diodorus
925 1009 1024 1048 nihil
1043 1011 1089 1048 de
1111 1009 1279 1059 Sidone,
1306 1025 1422 1064 prope
1445 1012 1529 1065 Ty-

77 1079 163 1104 rum
183 1069 225 1104 in
245 1066 358 1104 horto
377 1074 570 1116 repertum
589 1066 919 1118 Abdalonymum,
958 1068 999 1104 in
1018 1066 1230 1117 Tyriorum
1251 1069 1380 1108 forum
1408 1069 1530 1108 ‹ledu-

78 1130 194 1170 ctum,
221 1134 425 1173 regemque
447 1122 692 1160 multitudini
708 1123 755 1160 ab
781 1122 1002 1161 Alexandro
1038 1123 1171 1162 datum
1199 1126 1270 1165 ait.
1328 1126 1405 1170 Qui
1434 1139 1530 1165 vero

78 1181 137 1217 illi
157 1178 294 1230 Tyrii?
325 1191 487 1228 quorum
506 1180 640 1216 urbem
658 1191 728 1217 rex
748 1181 909 1227 evertit,
935 1181 1159 1230 incolasque
1178 1181 1247 1219 sub
1268 1194 1412 1219 corona
1433 1196 1531 1220 ven-

80 1236 179 1273 didit
202 1234 357 1273 omnes?
395 1235 481 1273 Hoc
507 1237 692 1285 amplius,
728 1234 844 1286 Tyrii
871 1249 1001 1286 regem
1032 1249 1117 1274 cum
1147 1239 1317 1275 maxime
1341 1237 1532 1276 habebant

87 1292 343 1339 Azelmicum,
393 1295 456 1330 cui
485 1292 705 1330 Alexander
733 1292 827 1329 urbe
860 1298 972 1342 capta
1002 1294 1178 1343 ignovit,
1232 1300 1330 1331 teste
1363 1294 1530 1332 Arriano

73 1345 214 1399 Ἀναβ.
236 1348 284 1386 ll.
307 1349 382 1389 24.
423 1348 538 1386 Mitto
564 1350 640 1386 alia
670 1360 766 1396 quae
788 1361 811 1385 a
831 1351 927 1386 viris
949 1348 1184 1387 doctissimis
1203 1348 1470 1389 Freinshemio
1493 1357 1532 1388 et

78 1405 108 1442 Ι
112 1407 269 1443 occenio
290 1407 469 1452 scriptori
489 1411 636 1451 nostro,
662 1412 707 1441 ut
728 1418 813 1442 eum
840 1406 982 1442 erroris
999 1406 1248 1443 manifestum
1270 1408 1532 1455 ostenderent,

80 1469 170 1499 sunt
187 1461 335 1500 obiecta
352 1461 400 1500 ad
419 1459 543 1500 Curtii
558 1460 601 1498 L.
626 1460 690 1500 IV.
717 1463 754 1530 1.
775 1463 868 1504 16.ν
858 1488 870 1508 ,
900 1473 1022 1512 neque
1044 1464 1148 1500 enim
1168 1465 1250 1501 eius
1270 1464 1423 1502 absolvi
1443 1471 1532 1515 pot-

80 1524 149 1555 cst.
192 1517 328 1555 wass.

194 1575 299 1616 196.
324 1574 396 1615 13.
427 1567 672 1624 Ευδοκήσας
694 1574 753 1613 τῶ
775 1569 905 1628 ξένω]
935 1572 1096 1613 Factum
1120 1574 1180 1613 illi
1200 1577 1351 1624 volens,
1379 1589 1447 1614 seu
1467 1576 1534 1614 be-

80 1642 129 1667 ne
158 1633 329 1680 cupienS.
371 1628 485 1680 Supr.
514 1630 556 1668 Ι.
580 1629 687 1668 XIV.
712 1631 785 1670 61.
825 1615 1014 1671 ἐδίδασκε
1041 1650 1090 1658 ·-
1123 1630 1385 1687 Καμπανους
1417 1629 1535 1672 εὐδο-

81 1688 257 1733 κοῦιτας
277 1685 592 1754 Καρζηδονίοις.
617 1692 656 1724 et
675 1686 770 1723 ibid.
792 1699 824 1724 c
849 1688 952 1727 110
983 1683 1023 1725 οἳ
1050 1684 1127 1737 μὲν
1155 1687 1229 1727 οὐν
1258 1685 1534 1740 Λακεδαιμό-

80 1756 156 1782 πιοι
177 1739 340 1789 τούτοις
364 1738 510 1794 ebdom}
516 1756 674 1788 σαντες.
706 1742 818 1781 Sacri
839 1744 964 1780 nostri
983 1745 1189 1793 scriptores
1210 1747 1536 1792 praepositionem

81 1799 239 1836 addunt.
279 1798 424 1835 Auctor
444 1798 568 1847 Epist.
596 1798 645 1835 ad
664 1796 783 1836 Hebr.
803 1797 858 1837 X.
880 1799 954 1839 38.
989 1795 1064 1838 οὐκ
1088 1795 1287 1840 «εὐδοκεῖε
1265 1815 1290 1851 η
1311 1797 1429 1853 ψυχη
1449 1816 1533 1852 μου

81 1853 123 1894 ἐν
147 1853 272 1894 abvc).
295 1853 389 1892 Mox
410 1852 691 1905 ἕπισταθμιάν
711 1856 923 1894 ποιεῖσθαι
945 1867 1024 1892 non
1039 1855 1145 1894 aliud
1165 1862 1236 1904 est,
1263 1869 1307 1894 ac
1327 1855 1535 1897 ἐπισταθ-

81 1907 176 1963 μεῦε
162 1927 216 1950 ειη
237 1911 338 1948 Plut.
356 1910 550 1948 Demetri
555 1911 696 1951 .899.
719 1909 762 1951 C.
805 1917 872 1948 aut
895 1908 1092 1961 σταθμὸν
1110 1914 1321 1951 ποιεῖσθαι
1342 1912 1536 1952 Herodoti

83 1968 127 2007 L.
154 1967 236 2005 VH.
266 1968 370 2008 119.
415 1965 613 2017 Σταθμοι
640 1968 746 2004 enim
777 1973 815 2004 et
842 1965 1116 2019 ἐπισταθμίαι
1145 1970 1370 2007 mansiones
1401 1976 1440 2007 et
1474 1972 1536 2009 di-

82 2026 265 2061 versoria
289 2026 331 2061 iu
358 2023 544 2073 Excerpt.
575 2023 702 2061 Vales.
724 2035 762 2072 p.
787 2024 894 2064 374.
924 2030 963 2060 et
983 2019 1295 2076 σταθμοῦχοςὸ
1319 2021 1537 2077 ξενοὸόχος

83 2081 185 2129 apud
203 2079 441 2130 Hesychium
464 2086 503 2116 et
518 2078 791 2130 Symmachum
803 2079 1099 2123 Exod.111.22.
1130 2080 1244 2123 Conf.
1266 2081 1463 2132 adscripta
1486 2083 1536 2121 ad

84 2136 219 2179 ltiner.
241 2135 504 2186 Hierosolym.
526 2148 562 2185 p.
584 2136 689 2177 551.
725 2136 861 2174 WEss.

200 2194 306 2235 196.
337 2193 414 2232 43.
444 2189 665 2232 ’Έπλευσεν
696 2191 751 2239 εἷς
782 2187 984 2246 Κρήτην]
1024 2191 1115 2232 Non
1145 2193 1350 2233 dissimilia
1379 2193 1535 2233 Curtius

85 2248 128 2287 L.
149 2248 215 2290 lv,
245 2252 282 2289 1.
305 2249 382 2288 40.
410 2248 555 2287 addens
573 2250 752 2298 insuper,
783 2248 991 2288 Cretenses
1013 2249 1088 2287 lias
1106 2257 1181 2288 aut
1197 2251 1288 2288 illa..
1301 2258 1448 2302 partes
1472 2265 1536 2290 se-

87 2308 191 2354 cuti,
228 2319 332 2344 nuno
357 2304 675 2357 Spartanorum,
701 2319 806 2344 nuno
831 2305 1091 2345 Macedonum
1110 2309 1337 2359 praesidiis
1363 2321 1538 2360 occupa-

86 2362 255 2413 bantur5
291 2373 387 2410 quae
414 2362 569 2410 quidem
594 2362 713 2400 verba.
745 2362 911 2400 demiror
939 2363 1103 2401 oblitum
1123 2376 1206 2400 esse
1227 2363 1422 2412 Modium,
1450 2378 1537 2402 cum

87 2419 257 2456 eiusdem
278 2417 374 2454 haec
393 2418 436 2457 L.
460 2417 525 2457 lv.
550 2421 590 2458 8.
616 2419 686 2458 15.
714 2420 770 2455 sic
790 2420 1010 2457 constituit:
1039 2418 1304 2471 Amphoterus
1324 2421 1463 2459 deinde
1484 2443 1532 2449 —

88 2477 145 2513 ad
168 2475 414 2513 liberandam
446 2474 607 2512 Cretam
636 2475 797 2526 missus,·
843 2487 1012 2525 namque
1043 2482 1084 2512 et
1109 2475 1327 2515 Persarum
1356 2484 1397 2514 et
1414 2479 1535 2528 pira-

91 2539 222 2569 tarum
247 2532 373 2568 armis
397 2532 598 2581 pleraque
636 2533 720 2568 eius
750 2531 905 2568 insulae
933 2531 1225 2569 obsidebantur.
1276 2531 1422 2581 Scripti
1445 2535 1537 2570 libri

90 2588 356 2634 Parthorum,
380 2587 701 2638 Sparthanorum
726 2589 864 2627 armis.
893 2587 1118 2626 Audiendus
1137 2599 1230 2640 ergo
1247 2587 1537 2627 Freinshemius

92 2645 134 2683 in
153 2646 362 2682 recentatis
379 2643 615 2681 editionibus
634 2644 771 2681 fuerat.
798 2643 936 2680 VVESS.

211 2701 314 2741 195.
348 2699 423 2740 45.
460 2694 690 2751 Ἀμύντας]
717 2698 898 2739 Antiochi
915 2698 958 2737 F.
988 2699 1089 2748 apud
1108 2699 1262 2738 Arrian.
1282 2699 1329 2736 ll.
1355 2701 1440 2747 13.,
1470 2703 1537 2749 qui

93 2757 153 2794 illi
172 2766 247 2793 vni
268 2756 391 2793 millia
409 2757 620 2794 contribuit
639 2756 966 2796 conductitiorum
986 2757 1165 2795 militum.
1187 2755 1362 2794 Diodoro
1386 2758 1538 2795 accedit

95 2810 250 2849 Curtius
270 2811 313 2850 L.
332 2811 395 2850 lV.
422 2813 460 2853 l.
480 2814 554 2852 27.
595 2811 729 2849 Wrtss.
