1859 3326
339 207 427 251 186
795 202 1319 246 ANNOTATIONES

330 317 519 372 ρακτῆρα
547 312 755 371 Δαρεικὸν
785 316 861 356 huc
885 316 1062 365 trahens,
1089 317 1131 356 L.
1162 317 1211 359 11.
1242 318 1288 356 de
1311 318 1418 359 Pers.
1446 317 1583 372 Regno
1609 333 1646 372 p.
1665 323 1772 363 610.

329 377 437 414 Adde
457 376 511 413 10.
530 375 594 412 Fr.
621 374 795 413 Gronov.
813 375 859 412 de
877 373 964 412 Pec.
983 374 1113 413 veter.
1130 374 1173 412 L.
1193 374 1260 413 111.
1284 377 1325 417 7.
1358 376 1495 415 WEss.

440 434 549 473 211
577 433 653 471 22.
687 428 1021 476 Ἀπολείποντας
1040 428 1145 470 πολὺ
1166 433 1240 472 τοῦ
1271 429 1377 471 κατὰ
1403 430 1477 472 τὸν
1495 427 1694 485 θρόνονε
1673 448 1774 473 vno-

325 485 526 541 βιιθρου]
560 482 793 538 ζΥπόθημοι
824 483 872 526 τὸ
897 481 978 525 ὑπὸ
1009 491 1097 533 τοῖς
1123 486 1244 526 ποσὶν
1262 485 1496 537 Pausaniae,
1523 490 1589 554 qui
1614 488 1777 526 Athenis

329 544 508 611 θρανίον
528 556 610 581 esse
632 543 739 581 addit
756 543 798 581 L
823 543 869 582 V.
893 553 930 592 p·
950 542 1073 589 402..
1099 542 1286 581 Hebraeis
1307 556 1346 584 0
1335 539 1417 583 ’τλῆ
1436 555 1518 593 ow,
1546 539 1775 584 υποπόὸιον

325 604 410 641 τῶν
429 600 583 640 ποδῶν.
618 599 664 636 In
695 598 811 636 Asiae
837 611 972 649 regum
992 600 1145 647 palatiis
1174 601 1269 637 solia
1288 608 1398 638 erant
1424 602 1609 648 celsiora,
1638 601 1777 650 quibus

326 657 511 695 conmode
542 655 710 693 insidere
748 667 828 692 non
866 661 1044 704 poterant
1079 656 1221 704 absque
1253 650 1505 709 ὗποβάθρου
1539 658 1777 695 fulcimento.

326 714 418 764 Agit
449 712 494 749 de
515 713 594 749 illis
623 710 794 749 Brisson.
831 710 876 748 de
905 709 1001 762 Reg.
1029 710 1135 749 Pers.
1155 711 1199 751 L.
1221 711 1250 748 1.
1280 724 1318 761 p.
1348 714 1450 753 103.
1487 711 1644 751 Curtius
1670 720 1778 751 veste

326 769 465 807 Latina
491 767 582 805 haec
615 767 780 804 induens
809 766 852 805 L.
872 766 919 807 V.
940 769 983 808 2.
1009 768 1101 813 13.,
1138 769 1283 814 σκεῦος
1310 764 1457 818 ἄτιμον
1483 766 1649 822 γεγονὸς
1676 768 1779 818 quod

325 829 521 874 sequitur,
545 836 718 861 mensam
738 824 795 862 ad
821 824 1031 863 ludibrium
1057 825 1299 863 recidentem
1321 826 1454 863 vertit.
1496 823 1558 862 Tu
1586 825 1777 863 contende

325 882 546 919 Paullinum
571 881 714 925 σκεῦος
736 878 791 927 εἷς
810 877 978 931 ἀτιμίαν
996 879 1068 928 Ep.
1090 880 1137 917 ad
1159 878 1269 918 Rom.
1292 880 1366 918 [X.
1388 882 1463 922 21
1497 880 1634 923 Wnss.

436 937 544 978 211
575 936 648 976 36.
691 936 780 987 Τῆς
798 933 901 989 πρὸς
921 932 997 983 τὰς
1018 932 1327 987 αἰχμαλώτιδας
1345 944 1417 976 etc.
1430 934 1450 990 ]
1480 936 1674 987 Interpres
1696 950 1775 988 qua

324 1007 425 1044 erga
454 993 635 1044 captivos
653 993 837 1032 utendam
867 999 980 1030 esset.
1018 991 1174 1043 Ergone
1204 992 1357 1043 αἷχμαλ
1362 988 1493 1040 ώτους
1523 992 1643 1045 legit?
1672 993 1776 1042 quod

323 1051 495 1099 profecto
515 1048 740 1086 conmodius
750 1049 862 1086 foret.
878 1047 923 1087 Si
935 1055 1061 1085 tamen
1072 1055 1214 1097 vertaS,
1225 1056 1267 1086 ut
1278 1050 1421 1087 factum
1431 1049 1601 1087 eiusdem
1611 1051 1775 1086 consilio

322 1107 445 1152 vides,
460 1117 538 1156 qua
551 1117 650 1154 erga
661 1107 845 1155 captivas
856 1104 1055 1152 ususfuer
1057 1111 1114 1152 at,
1124 1108 1316 1142 sententia
1326 1106 1540 1143 tolerabilis
1551 1108 1635 1142 erit.
1640 1105 1774 1143 WEss.

434 1163 542 1202 211
570 1162 646 1202 40-
668 1157 790 1229 'A3'77
813 1157 889 1211 οὐχ
908 1157 1027 1213 ν’βρις
1047 1159 1179 1208 ἐστὶν,
1208 1157 1320 1213 εἶπε]
1353 1160 1560 1200 Geminum
1581 1160 1775 1210 Aristoph.

321 1217 426 1257 Plut.
447 1231 485 1256 v.
505 1218 609 1258 887.
629 1209 713 1267 Ἆρ’
739 1213 814 1268 οἰχ
835 1213 956 1269 ύβρις
985 1214 1116 1267 πολλὴ
1138 1214 1251 1257 ταῦτ’
1276 1216 1384 1265 ἐστις
1413 1216 1479 1253 sed
1501 1218 1694 1256 diversum
1715 1224 1776 1255 ta-

320 1286 428 1311 men:
449 1272 619 1311 Atticum
643 1273 741 1310 illud
767 1279 844 1318 est,
868 1286 1025 1324 gravem
1053 1273 1358 1323 indignationem
1388 1275 1615 1322 continens,
1637 1280 1676 1311 et
1695 1272 1774 1311 Te-

318 1332 499 1368 rentiano
526 1331 673 1375 simile,
700 1330 797 1381 qaid
816 1336 894 1377 est,
923 1330 961 1367 si
986 1329 1059 1367 boc
1090 1342 1166 1367 non
1194 1330 1431 1368 contumelia
1460 1329 1546 1368 est?
1583 1332 1625 1366 in
1653 1329 1774 1367 Andr.

322 1386 350 1423 1.
374 1387 414 1427 5.
436 1388 481 1426 2.
526 1383 638 1424 Conf.
660 1383 708 1423 Τ.
728 1384 948 1424 Hemsterh.
969 1385 1017 1422 ad
1040 1385 1202 1423 Luciani
1222 1384 1268 1422 D.
1291 1385 1407 1425 Mort.
1429 1384 1476 1422 ΙΙ.
1496 1388 1540 1426 2.
1568 1385 1703 1424 WEss.

432 1443 542 1483 211.
581 1442 657 1482 49.
700 1438 798 1480 Ἐπὶ
829 1438 903 1481 τὸν
936 1440 1105 1494 Τι’9ριν]
1157 1442 1233 1480 Pro
1264 1440 1407 1493 Τίγριν
1438 1440 1625 1480 Arrianus
1660 1442 1774 1480 habet

320 1497 596 1566 Πασιτίγρην.
619 1498 754 1535 scribit
771 1498 875 1536 enim
894 1496 1025 1535 L.111.
1050 1499 1124 1538 17.
1155 1497 1223 1536 καὶ
1247 1495 1397 1549 διαβὰς
1418 1494 1491 1538 τὸν
1512 1498 1774 1551 Πασιτίγρην

318 1551 530 1604 ποταμὸν,
556 1550 749 1604 ἐμβάλλει
777 1553 833 1600 εις
853 1568 929 1605 την
960 1551 1120 1600 Οὐξίων
1138 1555 1226 1605 9ῆν.
1263 1553 1499 1591 Habebimus
1524 1562 1650 1591 autem
1673 1557 1774 1592 infra

319 1610 363 1650 L.
386 1609 504 1648 XIX.
525 1612 600 1650 21.
647 1609 910 1662 Πασιτί9ρην
936 1609 1070 1649 itidem
1099 1610 1199 1658 apud
1225 1608 1327 1647 hunc
1348 1612 1583 1659 scriptorem.
1617 1610 1699 1647 S'rr.
1704 1622 1772 1648 PH.

321 1669 427 1712 Quae
457 1673 672 1715 sequuntur
707 1673 876 1716 arguunt
902 1665 1006 1704 hunc
1029 1667 1156 1703 locum
1189 1667 1290 1704 falsi.
1338 1665 1439 1705 Nam
1469 1665 1603 1717 Tigris
1629 1667 1770 1704 fluvius

318 1737 398 1761 non
420 1724 559 1760 transit
578 1734 646 1770 per
667 1720 859 1759 Uxiorum
888 1721 1009 1768 fines,
1038 1729 1075 1759 et
1092 1723 1212 1760 multo
1232 1724 1356 1759 maius
1385 1724 1549 1770 spatium
1583 1729 1771 1761 terrarum

317 1780 494 1826 oberrat,
523 1791 638 1828 quam
658 1777 730 1814 hoc
751 1779 834 1815 loco
854 1780 1019 1816 transire
1042 1778 1193 1815 dicitur.
1232 1778 1330 1817 Nam
1353 1780 1457 1815 misse
1486 1786 1667 1816 sexcenta
1690 1786 1770 1816 sta-

319 1837 382 1873 dia
401 1843 549 1873 tantum
572 1834 619 1871 ab
645 1836 795 1885 origine
815 1847 883 1871 sua
903 1834 950 1871 ad
968 1847 1072 1872 mare
1092 1845 1211 1882 usque
1240 1835 1418 1872 emetitur
1439 1835 1647 1874 secundum
1668 1834 1769 1872 hunc

320 1893 469 1930 locum}
521 1898 562 1929 at
596 1890 730 1941 Tigris
761 1890 997 1939 deeuplicem
1026 1892 1109 1927 eius
1141 1892 1255 1938 spatii
1280 1890 1394 1928 habet
1416 1891 1631 1928 decursum.
1689 1891 1768 1929 Sed

321 1961 369 1986 ex
411 1948 579 1984 Arriano
622 1952 727 1996 patet
774 1946 966 1995 quomodo
1008 1946 1212 1997 legendum
1252 1953 1324 1983 est.
1397 1946 1433 1984 is
1480 1949 1583 1984 enim
1626 1947 1669 1985 L.
1699 1947 1768 1985 111.

318 2018 354 2054 p.
387 2006 490 2044 128.
539 2005 596 2040 sic
623 2003 679 2040 ait
707 2002 754 2039 de
790 2003 923 2039 eodem
959 2005 1140 2053 negotio·
1179 1999 1285 2067 ἄρας
1322 2000 1368 2042 δὲ
1403 2001 1447 2041 ἔκ
1491 1999 1662 2042 Σουσων
1701 2019 1770 2043 και

316 2057 466 2110 διαβὰς
503 2055 577 2098 τὸν
613 2057 861 2110 Πασιτί9ριν
897 2055 1111 2108 ποταμὸν,
1163 2053 1355 2108 ἐμβάλλει
1393 2058 1450 2104 εἷς
1485 2055 1562 2109 τὴν
1608 2056 1769 2107 Οὐξίων

317 2119 407 2169 γῆν.
438 2116 544 2165 Ergo
571 2120 610 2152 et
638 2114 738 2162 apud
762 2113 975 2151 Diodorum
1005 2113 1077 2150 hoc
1106 2115 1192 2150 loco
1216 2115 1303 2164 lego
1333 2114 1572 2150 confidenter
1599 2113 1664 2152 ἐπι
1692 2113 1767 2154 τὸν

317 2171 565 2223 Πασιτί9ριν
599 2166 799 2221 ποταμόν.
836 2170 966 2207 PALM.
1009 2168 1163 2206 Curtius
1193 2169 1236 2206 L.
1267 2170 1311 2207 V.
1332 2171 1376 2208 3.
1403 2172 1441 2211 l.
1490 2170 1581 2208 Rex
1611 2173 1771 2222 quartis

319 2230 466 2265 eastris
483 2229 673 2278 pervenit
699 2227 956 2277 adflavium,
986 2225 1222 2274 Pasitigrim
1254 2226 1409 2263 incolae
1437 2233 1606 2263 vocant:
1637 2230 1771 2265 oritur

319 2298 370 2322 ea:
393 2283 585 2321 montibus
609 2282 816 2330 Uxiorum,
847 2289 889 2320 et
899 2295 976 2333 per
995 2293 1020 2320 L
1037 2283 1172 2319 stadia
1191 2282 1438 2319 silvestribus
1456 2284 1770 2335 ripispraeceps

319 2344 425 2378 inter
449 2352 552 2377 saxa
584 2340 820 2377 devolvitur.
855 2338 1070 2389 Accipiunt
1097 2339 1236 2376 deinde
1270 2351 1355 2375 eum
1385 2340 1535 2389 campi,
1561 2351 1658 2388 quos
1687 2342 1768 2378 cle-

317 2398 508 2434 mentiare
528 2395 643 2432 alveo
664 2396 894 2446 praeterit,
924 2397 1004 2431 iam
1031 2396 1191 2431 navium
1214 2397 1392 2445 patiens,
1420 2406 1479 2432 Dc
1507 2397 1642 2434 stadia
1676 2404 1769 2434 sunt

318 2454 511 2491 mollioris
538 2452 634 2497 soli,
656 2464 737 2502 per
769 2452 874 2502 quod
899 2452 981 2489 leni
1006 2457 1142 2487 tracta
1166 2463 1363 2501 aquaram
1394 2450 1557 2489 Persico
1586 2455 1695 2489 mari
1723 2465 1767 2490 se

319 2512 506 2547 insinuat.
534 2508 639 2550 Quae
658 2507 758 2544 unde
779 2508 858 2544 sint
878 2513 1041 2557 sumpta,
1061 2520 1150 2543 cum
1170 2507 1300 2544 videat
1319 2508 1492 2556 quisque,
1512 2520 1590 2544 non
1609 2508 1766 2545 dubium

318 2572 399 2612 est,
424 2566 517 2613 quin
536 2562 691 2600 Curtius
712 2562 774 2598 hic
793 2562 1040 2614 Πασιτίγριν
1063 2563 1266 2600 invenerit.
1296 2562 1397 2600 Idem
1417 2562 1511 2600 mihi
1530 2564 1651 2599 ceteri
1669 2566 1766 2601 scri-

319 2629 471 2672 ptores,
499 2619 664 2664 Strabo,
693 2618 936 2664 Plutarchus,
963 2618 1174 2665 Arrianus,
1203 2619 1451 2667 persuadent,
1480 2618 1552 2655 hoc
1574 2631 1623 2655 ex
1641 2618 1764 2657 Uxio-

317 2691 404 2716 rum
422 2676 615 2714 montibus
638 2673 848 2712 devolvens
865 2674 1006 2711 flumen
1024 2675 1243 2724 Pasitigrim
1264 2676 1523 2723 appellantes,
1548 2675 1663 2722 inque
1684 2679 1763 2724 pri-

319 2735 392 2770 mis
422 2739 555 2770 auctor
582 2732 762 2779 ipsemet,
787 2737 844 2767 ter
873 2737 1079 2778 quaterque
1099 2730 1140 2767 L.
1161 2729 1278 2769 X1X.
1316 2730 1549 2779 Pasitigrim
1578 2744 1670 2767 vero
1693 2745 1762 2769 no-

318 2791 420 2826 mine
448 2798 684 2836 nuncupans.
732 2785 862 2835 ltaque
889 2786 1184 2823 describentium
1212 2793 1408 2834 peccatum
1437 2798 1542 2831 esse,
1570 2799 1648 2822 non
1668 2786 1763 2823 Dio-

319 2846 402 2882 dori
416 2875 426 2893 ‚
459 2844 555 2880 bene
575 2843 745 2880 decernit
763 2840 950 2879 cellarius
968 2842 1016 2878 ad
1038 2840 1163 2879 Curtii
1185 2848 1406 2891 excerptum
1427 2842 1563 2878 locum.
1591 2840 1640 2878 At
1662 2844 1762 2880 infra
