1859 3326
296 180 395 222 210
759 175 1287 217 ANNOTATtoNsss

412 291 519 332 237.
538 290 614 329 99.
648 285 858 342 Ἀθλητην
883 285 1016 342 ανόρα
1037 289 1105 329 καὶ
1132 309 1181 320 ⁴-
1203 289 1571 346 ἐστεφανωμένον]
1613 291 1646 329 V
1652 295 1748 330 ictor

299 347 502 399 Olympiae
523 347 649 384 fuerat
668 349 911 384 lenuntiatus
932 354 970 384 et
990 347 1186 399 quadrigis
1205 357 1405 398 propterea
1428 351 1468 387 in
1490 351 1653 397 pat-‘iam
1681 362 1747 386 ur-

297 407 384 443 bem
404 407 594 442 invectus.
627 402 740 441 Conf.
762 402 929 454 Diogen.
957 397 1083 441 Laert.
1104 403 1168 442 Vl.
1188 406 1264 446 43.
1297 412 1334 443 et
1361 404 1510 443 Aelian.
1531 404 1631 443 Hist
1660 404 1750 442 Var.

299 460 392 500 XII.
417 462 488 501 58.
520 460 662 498 WEss

414 517 521 557 237.
549 518 619 556 10.
637 512 772 567 ’Ἐχίον
792 516 913 555 πῖλον
935 508 1187 568 συμμετρον]
1218 513 1286 554 Sic
1310 517 1400 555 libri
1420 530 1563 555 omnes.
1592 514 1748 554 Curtius

300 585 410 620 vero,
434 572 661 624 Dioxippus
684 574 768 610 oleo
793 574 923 610 nitens
944 577 985 609 et
1004 579 1240 620 coronatus,
1281 573 1399 611 laeva
1415 577 1630 626 puniceum
1649 575 1750 611 ami-

305 630 456 677 culum,
491 631 637 667 dextra
659 630 834 667 validum
852 629 1113 679 nodosumque
1132 630 1307 681 stipitem
1321 630 1612 682 praeferebat,
1641 631 1751 668 nulla

298 688 422 738 pilei,
461 687 528 734 qui
553 697 702 735 quoque
722 685 869 723 homini
889 691 1007 723 uncto
1028 693 1067 722 et
1087 694 1269 723 coronato
1299 688 1456 724 minime
1479 687 1748 733 conveniebat,

307 743 528 788 mentione,
569 748 613 778 ut
643 754 766 791 neque
806 741 906 792 apud
937 740 1085 779 Aeliam.
1118 742 1160 780 L.
1188 741 1243 780 X.
1266 745 1341 783 22.
1383 743 1474 782 Var.
1508 743 1557 781 H.
1594 741 1752 791 stipitis

306 812 401 837 vero
433 811 497 835 seu
529 800 660 834 clavae
690 800 987 835 conmemoratio
1014 800 1231 836 necessaria
1261 807 1363 847 erat,
1392 802 1529 846 sicuti,
1565 810 1661 848 quae
1693 812 1752 836 se-

307 861 496 904 quuntur,
526 854 735 891 ostendunt
761 855 984 892 clarissime.
1019 854 1168 893 Vellem
1189 858 1318 905 itaque
1347 858 1530 905 scriptum
1560 857 1753 906 legeretur

307 909 410 962 ἔχων
433 906 615 961 ῥόπαλον
641 906 889 965 σύμμετρον,
911 923 1021 960 quem
1042 912 1090 948 ad
1104 913 1258 950 modum
1279 912 1546 963 refingendum
1565 925 1647 949 esse
1666 913 1752 948 ani-

305 968 515 1006 madvertit
534 966 661 1004 Celeb.
682 965 730 1005 Τ.
749 967 1061 1005 Hemsterhusius
1083 968 1129 1006 ad
1155 968 1311 1008 Lucian.
1334 968 1589 1019 Necyomant.
1613 981 1694 1017 cap.
1711 971 1752 1008 8.

307 1024 420 1062 Certe
435 1026 488 1060 ita
506 1024 548 1059 ni
568 1025 723 1074 legeriS‚
751 1024 842 1074 quid
861 1025 927 1062 fiet
948 1025 1076 1062 verbis
1098 1023 1173 1077 τὴν
1194 1022 1404 1075 πρόσοψιν
1419 1020 1750 1075 ιΙῑῖρακλεωτικὴν

307 1077 410 1131 εἶχε,
440 1079 534 1127 quid
556 1078 722 1117 ceteris?
761 1081 997 1118 Hercuiesne
1025 1083 1126 1130 pileo
1146 1084 1375 1132 conspicuus
1403 1079 1509 1118 erat?
1548 1080 1627 1117 [mo
1657 1092 1752 1118 vero

308 1139 433 1182 clava,
455 1149 529 1185 qua
549 1149 630 1172 sese
645 1149 790 1185 omnes,
816 1139 880 1186 qui
894 1137 1059 1174 Heroem
1080 1140 1196 1175 istum
1217 1139 1521 1185 aemulabantur,
1543 1137 1751 1185 iactabant,

307 1195 366 1230 uti
381 1193 540 1229 Macedo
561 1191 772 1232 Themison
792 1194 893 1244 apud
912 1194 1051 1231 Athen.
1070 1193 1208 1232 L.V11.
1236 1207 1272 1244 p.
1295 1195 1402 1233 290.
1423 1193 1468 1230 A.
1491 1201 1527 1230 et
1547 1195 1677 1240 ceteri,
1706 1192 1754 1230 de

309 1249 446 1298 quibus
466 1249 515 1286 ad
534 1249 615 1286 Lib.
630 1249 657 1286 Ι.
672 1251 748 1290 24.
779 1249 964 1299 Suspicor
978 1257 1045 1287 aut
1062 1253 1228 1287 lacerum
1248 1245 1431 1302 ῥοπάλου
1448 1250 1569 1286 fuisse
1586 1250 1756 1288 vocabu-

306 1307 399 1352 lum,
410 1312 477 1342 aut
495 1318 765 1344 amanuensem
786 1309 867 1344 eius
893 1308 978 1343 loco
988 1306 1214 1344 Latinorum
1232 1306 1353 1345 πῖλον
1372 1306 1630 1354 substituisse,
1647 1318 1757 1344 men-

308 1363 431 1411 doque
450 1374 580 1399 ansam
602 1362 832 1411 praebuisse.
859 1362 999 1401 WVEss.

417 1419 527 1458 238.
552 1418 627 1458 24.
669 1415 882 1485 Σάρισσαν
904 1414 1276 1471 ποοβεβλημὲνος’
1258 1432 1326 1457 ene
1329 1412 1552 1489 neptis-co]
1595 1417 1754 1456 Lucian.

306 1473 411 1513 Dial.
435 1474 548 1511 Mort.
568 1474 689 1513 XXV
694 1476 741 1513 11.
761 1476 804 1515 4.
852 1471 873 1515 ὃ
907 1491 957 1526 με
942 1491 983 1514 cv
1008 1472 1085 1528 γὰρ
1110 1471 1336 1527 ἐπήλαυνεν
1365 1469 1639 1526 εἷκοσάπηχυν
1662 1489 1756 1514 τινα

306 1527 455 1570 κοντὸν
485 1528 834 1584 προβεβλημέιος.
877 1530 1041 1580 Appian.
1066 1531 1156 1582 Syr.
1175 1544 1211 1581 p
1233 1532 1337 1572 159.
1365 1527 1527 1576 καὶτὰς
1550 1529 1755 1582 σαρίσσας

306 1585 349 1626 ἓν
378 1583 488 1635 τάξει
519 1585 674 1634 πυκνὰς
702 1583 1029 1654 προυβάλλοντο.
1061 1588 1155 1625 Item
1174 1600 1210 1638 p.
1236 1589 1340 1628 175
1370 1583 1483 1638 ὅμως
1512 1585 1556 1626 δὲ
1583 1584 1659 1634 τὰς
1679 1601 1756 1626 σα-

307 1642 455 1696 ρίσσας
474 1641 518 1682 ἐκ
535 1657 684 1696 τετραγ
687 1639 794 1684 ώνου
815 1640 1145 1698 προβαλλόμενοι
1165 1639 1333 1691 πυκνάς.
1371 1651 1484 1693 atque
1505 1655 1592 1681 eum
1610 1645 1653 1681 in
1670 1657 1756 1681 mo-

307 1700 398 1738 dum
420 1712 545 1747 saepe
575 1700 606 1736 V
611 1699 672 1737 ide
671 1713 806 1767 supra
826 1700 868 1738 L.
893 1701 938 1738 V
957 1703 1029 1741 30.
1055 1701 1193 1738 WEss.

421 1757 528 1796 238
563 1756 636 1797 31
671 1750 873 1808 ίΥπιέοῑυρε
896 1754 949 1796 τὰ
981 1755 1134 1810 σκέλη]
1172 1756 1342 1795 Pedibus
1368 1761 1530 1822 repente
1551 1756 1755 1795 subductis

307 1813 507 1850 arietavit
535 1813 575 1850 in
607 1820 669 1850 ter
671 1827 760 1851 ram
793 1813 888 1850 bene
911 1812 1077 1851 Curtius.
1109 1813 1359 1851 Luctatorum
1379 1819 1438 1850 est
1458 1807 1679 1864 ὗποστῖρειν
1698 1809 1752 1852 τὰ

306 1867 400 1908 σκέλ
392 1885 444 1920 a),
472 1876 518 1906 ut
536 1868 780 1907 adversarios
801 1871 842 1907 in
856 1876 997 1908 terram
1017 1869 1211 1908 deiiciant.
1240 1870 1345 1907 Idem
1363 1864 1553 1922 υφέλκειν
1570 1865 1628 1911 τιὸ
1649 1865 1751 1908 πόδε

305 1924 463 1962 Lucian.
483 1924 532 1962 D.
554 1925 673 1964 Deor.
695 1926 847 1973 V11.3.‚
874 1921 1069 1965 ,ὑποσπᾶν
1089 1925 1158 1965 καὶ
1176 1919 1453 1974 υποσκελίζειν
1474 1923 1521 1962 de
1538 1937 1619 1962 non
1638 1924 1750 1966 Cred,

305 1980 643 2028 Calumn.o.1o‚
671 1976 990 2022 υποσκελίεσαντ
995 1996 1014 2029 ς
1040 1998 1108 2022 και
1139 1978 1335 2034 ῥάξαντες
1356 1981 1412 2028 εἷς
1438 1979 1511 2021 τὸν
1538 1977 1750 2034 βόρβορον

305 2036 448 2075 Demos
453 2037 557 2075 then.
574 2038 661 2076 adv.
674 2037 823 2078 Conon.
845 2052 880 2088 p.
895 2040 1014 2086 689..
1031 2045 1109 2076 tum
1131 2035 1297 2078 ἑλκυσαι
1317 2035 1363 2103 vc)
1388 2052 1456 2077 σκε
1452 2036 1531 2084 ’ὶος
1551 2037 1605 2075 Ιο.
1624 2037 1750 2088 Chry-

305 2101 460 2131 sostom.
483 2093 528 2130 T.
547 2093 615 2133 111.
640 2106 678 2143 p.
704 2095 807 2135 164.
826 2093 893 2143 Ε.,
924 2096 986 2132 cui
1018 2103 1180 2132 venuste
1208 2097 1321 2132 etiam
1339 2107 1561 2144 υποσυρειν
1579 2109 1655 2145 την
1679 2091 1748 2132 εἴ·-

302 2164 418 2188 νοιαν
437 2151 531 2187 ibid.
547 2163 586 2199 p.
613 2153 718 2191 197.
738 2148 787 2187 D.
809 2153 994 2188 meretrix
1019 2151 1184 2199 dicitur,
1211 2162 1306 2200 quae
1327 2149 1485 2187 subdole
1509 2149 1749 2187 benevolen-

302 2208 395 2243 tiam
415 2208 544 2254 sponsi
567 2207 608 2243 in
628 2219 668 2244 se
690 2219 713 2244 a
732 2215 882 2257 sperata
898 2210 1060 2253 avertit,
1093 2214 1131 2244 et
1158 2201 1380 2259 ὑποσυρειν
1409 2202 1482 2244 τὸν
1512 2201 1633 2271 ὄγκον
1662 2213 1746 2244 arte

300 2262 463 2310 quadam
482 2263 624 2300 fastum
645 2265 758 2300 alteri
776 2264 949 2300 minuere
971 2262 1017 2300 Τ.
1042 2263 1104 2302 1V.
1127 2276 1162 2312 p.
1188 2263 1294 2303 753.
1316 2262 1361 2299 E.
1402 2260 1561 2310 Alioqui
1588 2256 1746 2301 ὖποσυ-

298 2312 471 2370 ρόμενος
492 2321 619 2366 ποῦς,
647 2332 735 2356 cum
753 2319 900 2357 lubrica
919 2327 957 2357 et
979 2319 1166 2356 cedente
1155 2332 1197 2357 m
1215 2330 1333 2357 arena
1353 2316 1558 2356 difficulter
1580 2331 1746 2370 progre-

299 2375 404 2412 ditur
430 2372 588 2411 Lucian.
610 2374 655 2412 de
675 2375 861 2426 Gymnas.
882 2388 964 2443 cap.
988 2377 1065 2416 27.
1095 2375 1231 2414 WESS.

409 2431 516 2470 238.
537 2432 612 2470 40.
633 2427 770 2484 Ἀπήει
788 2432 1097 2483 ταινιουμενος]
1128 2431 1225 2469 Vide
1248 2431 1296 2470 Is.
1316 2428 1580 2468 casaubonum
1602 2430 1643 2467 in
1662 2429 1743 2467 Ne-

294 2498 380 2522 ron.
400 2500 431 2523 c.
453 2488 528 2527 25.
559 2473 748 2526 Suetonii.
794 2486 983 2526 Solebant
1012 2487 1083 2525 hoc
1116 2487 1260 2525 honore
1291 2495 1358 2525 aut
1384 2487 1544 2524 floribus
1575 2488 1743 2537 ingestis

294 2541 460 2580 athletas
491 2544 604 2580 amici
623 2546 810 2593 excipere.
849 2542 1096 2594 Thucydides
1120 2544 1162 2581 L.
1185 2544 1247 2582 IV
1274 2544 1376 2584 121.
1398 2543 1444 2579 de
1464 2542 1625 2580 Brasida
1653 2542 1739 2598 ἰδίᾳ

293 2597 374 2637 (5³3
356 2597 557 2638 εταινιόυν
577 2614 620 2638 τε
640 2614 708 2638 και
728 2613 964 2652 προσηρχον
967 2613 1012 2639 το
1043 2597 1180 2651 ὡσπερ
1213 2598 1391 2653 ἀθλητῇ.
1422 2598 1585 2647 Appian.
1610 2599 1656 2635 de
1675 2585 1738 2636 Ci-

291 2655 361 2692 vil.
382 2653 464 2692 Bel.
485 2654 531 2692 ll.
552 2668 588 2704 p.
609 2656 713 2696 732·
740 2671 808 2694 και
828 2671 932 2706 nanc
917 2655 1106 2721 ἔπεμψαν
1127 2652 1255 2696 αὐτὸν
1277 2642 1520 2722 (Cu'rionem)
1551 2652 1736 2704 ἀνθοβο-

286 2711 452 2757 λοῦντες
480 2708 616 2763 ὥσπερ
647 2708 839 2764 ἀθλητὴν
866 2707 1045 2764 μεγάλου
1075 2728 1142 2751 και
1172 2712 1396 2763 δυσχεροῦς
1415 2709 1470 2762 ἀ)
1473 2714 1589 2756 ῶιος·
1622 2723 1735 2759 quem

286 2766 437 2813 quidem
472 2766 629 2805 honoris
657 2770 802 2805 cultum
832 2767 928 2804 bene
961 2768 1007 2805 de
1036 2782 1076 2805 se
1103 2772 1252 2805 meritis
1285 2781 1423 2819 negare
1446 2779 1522 2804 non
1544 2767 1730 2803 solebant.

280 2821 444 2870 Firmus,
473 2822 680 2862 Caesareae
694 2823 959 2874 Cappadocum
978 2826 1144 2873 praesul,
1170 2825 1296 2874 Epist.
1315 2824 1391 2861 XV
1398 2824 1442 2861 11.
1465 2824 1619 2870 p.298.
1636 2838 1728 2862 ται-
