1859 3326
320 155 411 198 154
785 147 1309 190 ANNOTATIONES

429 265 534 308 174.
566 264 639 305 13.
681 259 735 304 Οἳ
757 259 862 314 μετὰ
884 257 1182 315 Ῥεομίθρους]
1219 261 1288 301 Sic
1311 264 1475 301 correxi.
1509 262 1616 302 infra
1637 277 1670 302 c.
1691 265 1766 307 34.

313 326 410 363 bene
427 323 544 360 habet
564 321 601 358 id
623 333 778 367 nomen,
792 320 858 356 ubi
879 318 1223 357 Arrkeomitlzrum
1244 321 1357 369 parili
1378 322 1479 358 vitio
1498 319 1658 370 Cospus.
1683 321 1765 360 Na·-

313 389 376 419 tus
397 392 504 418 error
522 385 581 415 est
599 389 648 414 ex
666 376 791 414 veteri
812 377 1033 424 scriptionis
1052 376 1176 413 forma
1191 376 1481 415 METAPEO
1490 376 1765 426 MIQPOYF„

314 446 356 475 ut
389 438 514 473 eulcre
543 435 741 484 perspexit
767 431 1005 469 Freinshem.
1033 432 1075 469 in
1103 430 1226 468 Curtii
1258 431 1411 480 Indice,
1448 434 1659 483 probante,
1697 435 1766 472 sed

313 502 508 533 auctorem
539 492 706 539 turpiter
738 488 1024 535 dissimulante,
1054 486 1102 526 N.
1128 486 1343 529 Blancardo
1363 489 1412 527 ad
1431 489 1586 530 Arrian.
1605 489 1649 528 L.
1672 489 1703 529 1.
1728 503 1765 541 p.

313 552 387 591 36.
415 548 551 586 Wssss.

429 605 533 645 174.
567 605 638 643 18.
692 601 792 640 Τῶν
822 595 921 639 δέκα
947 595 1192 651 μυριάδων]
1234 599 1363 638 Prima
1389 598 1460 639 hac
1491 604 1767 654 congressione

310 662 449 702 Persas
472 659 644 709 peditum
663 663 845 694 sexcenta
876 657 1000 692 millia
1021 655 1243 692 Alexandro
1265 657 1452 694 obiecisse
1484 659 1525 695 in
1549 658 1699 696 Iustino
1721 659 1766 696 L.

311 719 383 756 XI.
408 721 450 758 6.
483 718 610 767 leges,
647 716 778 762 copias
810 715 851 750 in
881 713 1038 750 nimiam
1069 712 1380 760 multitudinem,
1413 714 1526 752 modo
1556 721 1685 751 tamen
1711 718 1767 753 ita

312 775 535 824 scripserit,
566 771 796 821 adaugente.
839 767 926 806 Vid.
954 767 1029 806 lac.
1063 767 1238 807 Gronov.
1266 768 1315 806 ad
1335 769 1493 807 Arriani
1512 770 1554 808 L.
1575 770 1604 808 Ι.
1629 772 1702 812 15.
1730 785 1767 822 p.

313 833 388 872 31.
418 829 550 867 WEss.

429 886 534 926 175.
558 884 634 923 49.
669 878 729 922 Τὸ
754 878 951 930 σαυνίον]
980 879 1067 918 Vid.
1089 887 1170 917 not.
1191 882 1233 918 in
1252 879 1294 917 L.
1319 880 1348 918 1.
1369 883 1441 923 86.
1472 880 1608 920 WEss.

430 943 534 983 175.
567 941 638 980 50.
681 934 808 978 Meu)
838 936 1028 990 σφοὸοᾶς
1059 934 1259 976 εἰσπεσών
1294 933 1465 990 omnm]
1509 938 1599 977 Non
1626 938 1766 978 damno

313 999 399 1045 hoc,
434 1000 510 1036 etsi
533 992 667 1049 ῥύμης
687 995 777 1033 libri
801 992 897 1044 Reg.
918 1006 996 1030 non
1016 995 1066 1030 sit
1087 993 1317 1031 absurdum:
1356 995 1458 1031 foret
1478 1001 1606 1033 tamen
1627 1007 1766 1045 oppor-

310 1058 442 1093 tunius
462 1061 549 1104 post
572 1065 713 1101 pauca,
742 1025 882 1088 modoo
877 1062 967 1099 prae
988 1062 1028 1086 se
1048 1051 1203 1086 tulisset
1229 1065 1297 1088 και
1299 1052 1373 1118 τῇ
1403 1046 1513 1104 ῥύμῃ
1522 1053 1610 1119 τῆς
1629 1053 1766 1118 ([ορᾶς

312 1110 492 1165 συνέργω
521 1104 808 1162 χρησάμενος·
854 1105 1043 1155 quomodo
1072 1100 1152 1145 υπὸ
1187 1107 1263 1156 τῆς
1292 1104 1334 1145 ἐν
1366 1108 1426 1145 τῶ
1456 1102 1606 1172 δράμω
1634 1102 1768 1160 ῥυμης

310 1167 685 1220 κατακονμησθψ
689 1179 729 1202 αι
750 1162 863 1200 Philo
886 1161 967 1199 Iud.
1001 1162 1047 1198 de
1075 1161 1266 1212 Agricult.
1299 1173 1334 1211 Ρ.
1357 1164 1461 1203 197.
1489 1169 1529 1199 et
1555 1158 1666 1215 ῥύμῃ
1697 1162 1766 1202 καὶ

310 1227 425 1280 ᾳορᾶ
442 1220 594 1272 τάχους
616 1213 989 1269 ὠκυὸοομοτάτους
1009 1212 1264 1270 ὗπεοητηιαι
1284 1219 1377 1256 ibid.
1397 1231 1433 1267 p.
1457 1219 1565 1258 213.
1575 1218 1621 1256 Ε.
1632 1218 1768 1257 ἎῙ555.

428 1280 530 1320 175.
563 1279 635 1318 57.
662 1272 872 1327 Ἔνήοεισε
892 1271 938 1313 τὸ
963 1271 1140 1324 ξυστὸν]
1170 1273 1256 1311 Hoc
1275 1276 1408 1323 malui,
1440 1275 1541 1323 quod
1560 1271 1613 1314 τὰ
1635 1272 1765 1322 ξυστὰ

312 1343 450 1374 auctor
469 1335 625 1373 infrac.
654 1334 724 1373 53.
748 1339 785 1368 et
807 1330 849 1368 L.
868 1329 980 1367 XIX
1006 1331 1078 1371 83.
1098 1331 1255 1368 scribat.
1282 1328 1395 1370 Conf.
1418 1329 1544 1369 Celeb.
1568 1331 1644 1369 lac.
1664 1331 1766 1370 Gro-

311 1406 403 1431 nov.
431 1392 479 1429 ad
499 1392 655 1428 Arriani
675 1388 716 1425 Ι.
742 1388 769 1425 Ι.
801 1389 865 1429 16.
887 1401 924 1437 Ρ
949 1388 1024 1426 33.
1063 1386 1202 1424 VVESs.

426 1449 531 1489 175.
558 1447 630 1487 65.
664 1441 713 1485 Ὁ
734 1442 805 1484 cide
809 1441 928 1509 λφὸς
944 1445 1017 1482 τοῦ
1048 1458 1095 1481 πε
1100 1457 1174 1482 σο7
1179 1456 1248 1488 τος
1262 1436 1501 1496 ‘Prae-dung]
1535 1442 1767 1481 Plutarchus

309 1505 421 1542 Alex.
449 1517 485 1552 p.
510 1503 615 1544 673.
637 1514 723 1539 cum
737 1501 902 1538 Arriano
917 1494 1133 1550 Ῥοισάκην
1155 1505 1282 1537 vocat.
1315 1497 1394 1536 Sed
1416 1499 1560 1537 Noster
1580 1503 1635 1538 ita
1655 1502 1766 1547 solet,

308 1568 354 1598 ut
374 1561 414 1598 L.
429 1560 502 1597 Xl
509 1560 535 1596 Ι.
550 1560 625 1601 47.
654 1558 746 1595 Mox
766 1556 899 1594 addidi
923 1552 1029 1594 κατὰ
1051 1558 1126 1606 τῆς
1144 1570 1186 1594 κε
1171 1570 1213 1606 q
1225 1556 1303 1593 αλ
1267 1569 1329 1606 ,ης
1344 1552 1428 1594 ³247.
1434 1551 1646 1610 εξανὸρου.
1670 1569 1766 1605 quo-

309 1631 395 1655 rum
419 1619 595 1653 ultimum
619 1616 737 1652 series
764 1614 949 1650 orationis
974 1613 1046 1650 sibi
1064 1612 1295 1660 requirebat.
1322 1611 1372 1648 W
1376 1622 1458 1649 ESS.

427 1674 530 1714 175.
565 1674 640 1712 68.
694 1669 798 1709 ρεστ
826 1666 872 1708 τὸ
906 1666 980 1719 μὲν
1012 1663 1162 1720 κράνος
1194 1663 1443 1719 ὸιαπτύξαι]
1481 1667 1668 1706 Arrianus
1697 1683 1765 1708 και

308 1730 383 1769 τοῦ
409 1729 486 1780 μέν
515 1724 692 1781 κράιΗοῑς
720 1741 756 1764 τι
782 1723 1037 1775 ἀπέθραυσε.
1077 1723 1221 1761 Noster
1240 1724 1385 1760 indicat
1413 1722 1518 1770 τὰς
1508 1720 1668 1771 πτύξεις
1691 1726 1765 1764 τοῦ

309 1801 412 1839 κραν
416 1800 488 1831 ους
509 1787 589 1822 ictu
614 1783 736 1835 gladii
756 1783 876 1819 fuisse
898 1781 1128 1817 dissolutas:
1159 1779 1198 1816 id
1220 1775 1452 1827 ὁιαπτύξαι,
1481 1793 1548 1829 pro
1569 1793 1644 1830 quo
1665 1779 1767 1820 ἀνα-

308 1838 454 1888 πτύξαι
486 1838 561 1887 τὰς
593 1837 732 1893 ῥαφὰς
762 1852 837 1877 του
870 1832 1063 1886 σώματος
1091 1839 1133 1875 in
1162 1835 1320 1872 Catonis
1348 1834 1571 1883 Uticensis,
1611 1843 1766 1874 suturas

308 1901 513 1936 vulnerum
544 1897 774 1941 lacerantiS,
805 1894 970 1931 historia
1003 1892 1166 1943 Appian.
1197 1891 1295 1929 Belli
1325 1890 1439 1929 Civil.
1463 1892 1505 1929 Ι.
1526 1892 1573 1929 ΙΙ.
1597 1906 1632 1942 p.
1658 1895 1762 1934 800.

310 1954 460 1991 'lritius
492 1960 551 1991 est
581 1956 622 1990 in
646 1965 774 1990 rerum
795 1951 1044 1987 obscurarum
1063 1950 1335 2016 explicatione.
1372 1948 1485 1986 Philo
1506 1948 1588 1986 Iud.
1610 1949 1656 1986 de
1676 1948 1765 1987 Rer.

310 2010 446 2048 Divin.
469 2010 608 2048 Hered.
632 2022 667 2058 p.
692 2009 800 2048 489.
818 2006 863 2043 Ε.
886 2003 913 2044 ἃ
937 2021 987 2057 μς
972 2005 1013 2044 ἐν
1037 2020 1110 2044 ουν
1131 1998 1182 2056 ἦν
1201 2007 1459 2055 ποοακοῦσαι
1482 2002 1766 2056 ὁιεπτύξαμεν,

311 2081 414 2119 qnae
426 2069 546 2118 [nius
566 2066 768 2104 audienda
791 2077 834 2101 e7
838 2069 930 2110 ant
963 2062 1156 2113 explicita
1178 2062 1366 2099 dedimus.
1400 2059 1557 2097 Fefellit
1575 2063 1764 2112 interpre-

310 2131 391 2161 tum
412 2125 623 2160 sollertiam
644 2124 684 2159 in
704 2120 875 2157 eiusdem
893 2119 992 2156 libro
1015 2119 1060 2156 de.
1081 2116 1214 2154 Somn.
1231 2130 1268 2167 p.
1299 2118 1433 2157 1125.
1455 2115 1504 2153 D.
1533 2117 1602 2155 καὶ
1623 2115 1763 2171 ἀσφα-

309 2181 392 2224 λεῖς
421 2194 465 2218 τε
496 2175 607 2231 ἷεοὰς
632 2177 804 2227 βιβλους
832 2169 1157 2226 ἀναγινωσκοντε
1142 2187 1203 2219 ες,
1243 2169 1320 2211 κᾶν
1339 2170 1381 2211 εί
1393 2187 1431 2211 τι
1452 2169 1510 2223 μὴ
1533 2172 1681 2225 τοανὲς
1701 2172 1763 2225 εἴη

310 2232 555 2274 διαπτύων-ιε
560 2248 591 2280 ς.
624 2233 812 2279 Vertunt,
840 2238 883 2270 et
903 2233 940 2268 si
957 2232 1053 2282 quid
1070 2231 1227 2266 minime
1250 2213 1403 2267 ciarum
1427 2235 1541 2276 esset,
1572 2231 1764 2281 despuen-

312 2299 381 2328 tes.
407 2290 532 2329 Prave
549 2298 587 2326 et
608 2292 649 2326 in
672 2289 897 2326 Iudaeorum
918 2288 1115 2324 nationem
1135 2287 1422 2322 contumeliose.
1461 2285 1574 2322 Illine
1595 2287 1764 2323 sabbatis
1830 2333 1833 2336 ξ

309 2347 534 2384 obscuriora
554 2347 653 2382 sacri
674 2346 820 2382 codicis
843 2344 946 2381 dicta
968 2339 1220 2392 despuerent2
1248 2341 1454 2389 Nunquam
1475 2340 1618 2378 dixerit
1636 2341 1764 2390 Philo,

311 2406 378 2453 qui
397 2398 722 2448 ὃιαπτύσσοντες
744 2402 959 2438 enodantes
978 2401 1199 2446 reliquerat.
1240 2396 1416 2435 Ceterum
1435 2398 1537 2446 apud
1556 2398 1764 2436 Arrianum

310 2467 348 2497 et
369 2458 617 2497 Plutarchum
639 2457 855 2494 Rhoesaces
883 2455 1094 2494 Alexandri
1124 2453 1235 2491 hasta
1264 2455 1467 2491 confossus
1492 2457 1763 2503 prosternitur,

312 2515 646 2565 Spithridatesque
675 2512 767 2551 Cliti
797 2519 864 2550 aut
893 2514 1094 2561 perimitur
1119 2512 1212 2560 pilo,
1237 2517 1305 2547 aut
1321 2510 1446 2561 gladii
1466 2512 1542 2547 ictu
1565 2510 1763 2547 brachium

310 2574 475 2611 amittit:
507 2581 631 2618 neque
652 2571 755 2606 enim
774 2568 845 2606 hac
866 2571 908 2606 in
927 2582 968 2605 re
989 2571 1089 2605 inter
1111 2580 1177 2604 eos
1197 2567 1404 2604 concordia
1427 2573 1498 2605 est.
1527 2565 1661 2603 Wssss.

428 2628 532 2670 175.
564 2626 638 2667 84.
678 2622 852 2670 Παντὸς
879 2624 1013 2663 δεινοῦ
1041 2622 1393 2672 κατεξανίστατο]
1433 2621 1492 2658 De
1515 2621 1691 2659 Viriatho
1720 2624 1762 2658 in

311 2683 493 2733 Excerpt.
523 2682 652 2720 Vales.
684 2692 722 2729 p.
759 2681 865 2720 361.
912 2676 1213 2731 ἀγρυπνητικός
1247 2677 1316 2717 καὶ
1344 2675 1501 2723 παντὸς
1530 2673 1660 2717 πόνου
1693 2692 1761 2716 και

312 2735 426 2779 κινὸι
431 2756 451 2778 71
454 2754 502 2779 ov
524 2738 697 2784 κατεξω
701 2750 895 2787 εστηκως,
934 2738 1004 2785 qui
1022 2735 1123 2772 nulli
1139 2747 1265 2785 neque
1283 2734 1416 2771 labem·
1433 2732 1556 2783 neque
1575 2734 1760 2785 periculo

314 2797 455 2834 cedere
480 2795 644 2833 solebat.
685 2792 797 2830 Philo
821 2791 902 2828 lud
923 2791 968 2828 de
989 2789 1402 2839 Temu1.p.247.E.
1431 2786 1562 2829 ὅτιού
1586 2786 1759 2828 δύναται
