<?xml version="1.0" encoding="UTF-8"?>
<!DOCTYPE html PUBLIC "-//W3C//DTD XHTML 1.0 Transitional//EN"
    "http://www.w3.org/TR/xhtml1/DTD/xhtml1-transitional.dtd">
<html xmlns="http://www.w3.org/1999/xhtml" xml:lang="en" lang="en">
 <head>
  <title>
</title>
<meta http-equiv="Content-Type" content="text/html;charset=utf-8" />
  <meta name='ocr-system' content='tesseract 3.04.00' />
  <meta name='ocr-capabilities' content='ocr_page ocr_carea ocr_par ocr_line ocrx_word'/>
</head>
<body>
  <div class='ocr_page' id='page_1' title='image "./bibliothecahisto05dioduoft_0415.png"; bbox 0 0 1891 3310; ppageno 0'>
   <div class='ocr_carea' id='block_1_1' title="bbox 449 158 1561 208">
    <p class='ocr_par' dir='ltr' id='par_1_1' title="bbox 449 158 1561 208">
     <span class='ocr_line' id='line_1_1' title="bbox 449 158 1561 208; baseline 0.006 -7"><span class='ocrx_word' id='word_1_1' title='bbox 449 161 513 201; x_wconf 84' lang='lat' dir='ltr'>IN</span> <span class='ocrx_word' id='word_1_2' title='bbox 543 159 890 200; x_wconf 85' lang='lat' dir='ltr'><strong>EXCERPTA</strong></span> <span class='ocrx_word' id='word_1_3' title='bbox 922 158 1213 200; x_wconf 85' lang='lat' dir='ltr'>LlB.XX111.</span> <span class='ocrx_word' id='word_1_4' title='bbox 1375 158 1383 166; x_wconf 53' lang='lat'><strong>⁹</strong></span> <span class='ocrx_word' id='word_1_5' title='bbox 1466 165 1561 208; x_wconf 81' lang='lat'>403</span> 
     </span>
    </p>
   </div>
   <div class='ocr_carea' id='block_1_2' title="bbox 108 272 1621 2803">
    <p class='ocr_par' dir='ltr' id='par_1_2' title="bbox 108 272 1621 887">
     <span class='ocr_line' id='line_1_2' title="bbox 112 272 1566 330; baseline -0.001 -13"><span class='ocrx_word' id='word_1_6' title='bbox 112 272 255 330; x_wconf 69' lang='grc' dir='ltr'><em>λώρωι</em></span> <span class='ocrx_word' id='word_1_7' title='bbox 279 279 441 325; x_wconf 85' lang='lat' dir='ltr'>primam</span> <span class='ocrx_word' id='word_1_8' title='bbox 461 275 649 326; x_wconf 85' lang='lat' dir='ltr'>syllabam</span> <span class='ocrx_word' id='word_1_9' title='bbox 670 288 718 312; x_wconf 88' lang='lat' dir='ltr'>ex</span> <span class='ocrx_word' id='word_1_10' title='bbox 736 279 916 322; x_wconf 81' lang='lat' dir='ltr'>corrupta</span> <span class='ocrx_word' id='word_1_11' title='bbox 932 275 1249 322; x_wconf 78' lang='lat' dir='ltr'>pronuntiatione</span> <span class='ocrx_word' id='word_1_12' title='bbox 1272 276 1387 314; x_wconf 86' lang='lat' dir='ltr'>sicuti</span> <span class='ocrx_word' id='word_1_13' title='bbox 1417 284 1455 315; x_wconf 84' lang='lat' dir='ltr'>et</span> <span class='ocrx_word' id='word_1_14' title='bbox 1470 280 1566 316; x_wconf 86' lang='lat' dir='ltr'>alte-</span> 
     </span>
     <span class='ocr_line' id='line_1_3' title="bbox 111 329 1567 385; baseline 0.001 -13"><span class='ocrx_word' id='word_1_15' title='bbox 111 347 195 372; x_wconf 87' lang='lat' dir='ltr'>ram</span> <span class='ocrx_word' id='word_1_16' title='bbox 215 335 323 371; x_wconf 86' lang='lat' dir='ltr'>vocis</span> <span class='ocrx_word' id='word_1_17' title='bbox 347 331 576 372; x_wconf 74' lang='grc' dir='ltr'><strong><em>Νεαιτίνων</em></strong></span> <span class='ocrx_word' id='word_1_18' title='bbox 595 332 721 370; x_wconf 89' lang='lat' dir='ltr'>videri</span> <span class='ocrx_word' id='word_1_19' title='bbox 741 337 891 368; x_wconf 89' lang='lat' dir='ltr'>natam:</span> <span class='ocrx_word' id='word_1_20' title='bbox 939 329 1052 367; x_wconf 87' lang='lat' dir='ltr'>huius</span> <span class='ocrx_word' id='word_1_21' title='bbox 1072 331 1180 368; x_wconf 88' lang='lat' dir='ltr'>urbis</span> <span class='ocrx_word' id='word_1_22' title='bbox 1204 334 1353 370; x_wconf 83' lang='lat' dir='ltr'>incolae</span> <span class='ocrx_word' id='word_1_23' title='bbox 1371 334 1567 385; x_wconf 76' lang='grc' dir='ltr'><strong><em>Νεητῖνοι</em></strong></span> 
     </span>
     <span class='ocr_line' id='line_1_4' title="bbox 111 386 1567 441; baseline 0.001 -14"><span class='ocrx_word' id='word_1_24' title='bbox 111 397 179 427; x_wconf 86' lang='lat' dir='ltr'>aut</span> <span class='ocrx_word' id='word_1_25' title='bbox 198 390 385 440; x_wconf 72' lang='grc' dir='ltr'>Νητῑνοι,</span> <span class='ocrx_word' id='word_1_26' title='bbox 417 395 461 425; x_wconf 93' lang='lat' dir='ltr'>ut</span> <span class='ocrx_word' id='word_1_27' title='bbox 482 391 623 436; x_wconf 88' lang='lat' dir='ltr'>optime</span> <span class='ocrx_word' id='word_1_28' title='bbox 644 387 859 434; x_wconf 83' lang='lat' dir='ltr'>Cluverius,</span> <span class='ocrx_word' id='word_1_29' title='bbox 885 387 1139 437; x_wconf 86' lang='lat' dir='ltr'>oppidumque</span> <span class='ocrx_word' id='word_1_30' title='bbox 1164 386 1328 440; x_wconf 70' lang='grc' dir='ltr'><strong><em>Νέητον</em></strong></span> <span class='ocrx_word' id='word_1_31' title='bbox 1351 396 1389 426; x_wconf 92' lang='lat' dir='ltr'>et</span> <span class='ocrx_word' id='word_1_32' title='bbox 1408 391 1567 441; x_wconf 72' lang='grc' dir='ltr'><strong><em>Νῆτον,</em></strong></span> 
     </span>
     <span class='ocr_line' id='line_1_5' title="bbox 113 440 1567 495; baseline 0.001 -12"><span class='ocrx_word' id='word_1_33' title='bbox 113 446 359 483; x_wconf 87' lang='lat' dir='ltr'>dicebantur:</span> <span class='ocrx_word' id='word_1_34' title='bbox 398 446 503 482; x_wconf 90' lang='lat' dir='ltr'>illius</span> <span class='ocrx_word' id='word_1_35' title='bbox 526 457 658 482; x_wconf 86' lang='lat' dir='ltr'>verum</span> <span class='ocrx_word' id='word_1_36' title='bbox 680 456 819 481; x_wconf 87' lang='lat' dir='ltr'>nomen</span> <span class='ocrx_word' id='word_1_37' title='bbox 837 440 1030 495; x_wconf 56' lang='lat' dir='ltr'>’&#39;Elwpog</span> <span class='ocrx_word' id='word_1_38' title='bbox 1050 450 1155 491; x_wconf 82' lang='lat' dir='ltr'>erat,</span> <span class='ocrx_word' id='word_1_39' title='bbox 1191 451 1230 480; x_wconf 87' lang='lat' dir='ltr'>et</span> <span class='ocrx_word' id='word_1_40' title='bbox 1262 447 1404 483; x_wconf 86' lang='lat' dir='ltr'>civium</span> <span class='ocrx_word' id='word_1_41' title='bbox 1429 443 1567 487; x_wconf 77' lang='grc' dir='ltr'>Ἐλω-</span> 
     </span>
     <span class='ocr_line' id='line_1_6' title="bbox 111 497 1566 554; baseline -0.001 -13"><span class='ocrx_word' id='word_1_42' title='bbox 111 501 234 554; x_wconf 81' lang='grc' dir='ltr'><strong><em>ρίων,</em></strong></span> <span class='ocrx_word' id='word_1_43' title='bbox 263 501 363 550; x_wconf 92' lang='lat' dir='ltr'>quod</span> <span class='ocrx_word' id='word_1_44' title='bbox 384 502 483 538; x_wconf 85' lang='lat' dir='ltr'>forte</span> <span class='ocrx_word' id='word_1_45' title='bbox 502 501 626 538; x_wconf 81' lang='lat' dir='ltr'>voluit</span> <span class='ocrx_word' id='word_1_46' title='bbox 646 500 881 548; x_wconf 83' lang='lat' dir='ltr'>Excerptor,</span> <span class='ocrx_word' id='word_1_47' title='bbox 914 501 998 537; x_wconf 85' lang='lat' dir='ltr'>sive</span> <span class='ocrx_word' id='word_1_48' title='bbox 1014 497 1253 553; x_wconf 75' lang='grc' dir='ltr'><strong><em>Ἔλωριτῶν</em></strong></span> <span class='ocrx_word' id='word_1_49' title='bbox 1272 504 1399 549; x_wconf 88' lang='lat' dir='ltr'>potius</span> <span class='ocrx_word' id='word_1_50' title='bbox 1413 529 1424 549; x_wconf 86' lang='lat'>‚</span> <span class='ocrx_word' id='word_1_51' title='bbox 1452 503 1566 551; x_wconf 90' lang='lat' dir='ltr'>idque</span> 
     </span>
     <span class='ocr_line' id='line_1_7' title="bbox 110 556 1566 606; baseline 0 -10"><span class='ocrx_word' id='word_1_52' title='bbox 110 559 222 596; x_wconf 82' lang='lat' dir='ltr'>ambo</span> <span class='ocrx_word' id='word_1_53' title='bbox 251 557 466 595; x_wconf 88' lang='lat' dir='ltr'>habuerunt</span> <span class='ocrx_word' id='word_1_54' title='bbox 496 570 518 593; x_wconf 89' lang='lat' dir='ltr'>a</span> <span class='ocrx_word' id='word_1_55' title='bbox 546 557 679 594; x_wconf 86' lang='lat' dir='ltr'>vicino</span> <span class='ocrx_word' id='word_1_56' title='bbox 699 556 841 604; x_wconf 85' lang='lat' dir='ltr'>fluvio,</span> <span class='ocrx_word' id='word_1_57' title='bbox 872 556 1033 593; x_wconf 82' lang='lat' dir='ltr'>notabili</span> <span class='ocrx_word' id='word_1_58' title='bbox 1055 557 1101 593; x_wconf 94' lang='lat' dir='ltr'>ob</span> <span class='ocrx_word' id='word_1_59' title='bbox 1124 559 1248 606; x_wconf 85' lang='lat' dir='ltr'>pisces</span> <span class='ocrx_word' id='word_1_60' title='bbox 1270 559 1416 595; x_wconf 86' lang='lat' dir='ltr'>cicures</span> <span class='ocrx_word' id='word_1_61' title='bbox 1438 565 1474 595; x_wconf 91' lang='lat' dir='ltr'>et</span> <span class='ocrx_word' id='word_1_62' title='bbox 1492 559 1566 597; x_wconf 88' lang='lat' dir='ltr'>ho-</span> 
     </span>
     <span class='ocr_line' id='line_1_8' title="bbox 111 610 1621 662; baseline -0.001 -10"><span class='ocrx_word' id='word_1_63' title='bbox 111 617 259 652; x_wconf 86' lang='lat' dir='ltr'>minum</span> <span class='ocrx_word' id='word_1_64' title='bbox 280 626 328 650; x_wconf 88' lang='lat' dir='ltr'>ex</span> <span class='ocrx_word' id='word_1_65' title='bbox 350 613 523 650; x_wconf 86' lang='lat' dir='ltr'>manibus</span> <span class='ocrx_word' id='word_1_66' title='bbox 545 612 713 649; x_wconf 83' lang='lat' dir='ltr'>edentes.</span> <span class='ocrx_word' id='word_1_67' title='bbox 767 610 921 649; x_wconf 86' lang='lat' dir='ltr'>Docent</span> <span class='ocrx_word' id='word_1_68' title='bbox 942 611 1186 661; x_wconf 83' lang='lat' dir='ltr'>Stephanus,</span> <span class='ocrx_word' id='word_1_69' title='bbox 1214 613 1457 662; x_wconf 83' lang='lat' dir='ltr'>Athenaeus,</span> <span class='ocrx_word' id='word_1_70' title='bbox 1486 614 1568 652; x_wconf 91' lang='lat' dir='ltr'>Pli-</span> <span class='ocrx_word' id='word_1_71' title='bbox 1620 651 1621 655; x_wconf 69' lang='grc'>,</span> 
     </span>
     <span class='ocr_line' id='line_1_9' title="bbox 110 668 1566 724; baseline 0.001 -16"><span class='ocrx_word' id='word_1_72' title='bbox 110 674 199 708; x_wconf 89' lang='lat' dir='ltr'>nius</span> <span class='ocrx_word' id='word_1_73' title='bbox 221 677 258 707; x_wconf 93' lang='lat' dir='ltr'>et</span> <span class='ocrx_word' id='word_1_74' title='bbox 280 670 486 715; x_wconf 81' lang='lat' dir='ltr'>Aelianus,</span> <span class='ocrx_word' id='word_1_75' title='bbox 515 668 579 705; x_wconf 89' lang='lat' dir='ltr'>sed</span> <span class='ocrx_word' id='word_1_76' title='bbox 601 672 696 705; x_wconf 92' lang='lat' dir='ltr'>mire</span> <span class='ocrx_word' id='word_1_77' title='bbox 718 681 821 705; x_wconf 92' lang='lat' dir='ltr'>nunc</span> <span class='ocrx_word' id='word_1_78' title='bbox 841 681 1005 718; x_wconf 86' lang='lat' dir='ltr'>pravus:</span> <span class='ocrx_word' id='word_1_79' title='bbox 1045 668 1114 707; x_wconf 78' lang='grc' dir='ltr'>καὶ</span> <span class='ocrx_word' id='word_1_80' title='bbox 1142 669 1184 708; x_wconf 72' lang='grc' dir='ltr'>ἐν</span> <span class='ocrx_word' id='word_1_81' title='bbox 1199 671 1351 724; x_wconf 73' lang='grc' dir='ltr'><em>χλωρῷ</em></span> <span class='ocrx_word' id='word_1_82' title='bbox 1383 670 1427 709; x_wconf 72' lang='grc' dir='ltr'>δὲ</span> <span class='ocrx_word' id='word_1_83' title='bbox 1451 670 1566 710; x_wconf 79' lang='grc' dir='ltr'><em>Σικε-</em></span> 
     </span>
     <span class='ocr_line' id='line_1_10' title="bbox 111 718 1566 777; baseline -0.001 -12"><span class='ocrx_word' id='word_1_84' title='bbox 111 726 203 773; x_wconf 76' lang='grc' dir='ltr'><strong><em>λίας</em></strong></span> <span class='ocrx_word' id='word_1_85' title='bbox 219 736 228 745; x_wconf 91' lang='grc'><em>·</em></span> <span class='ocrx_word' id='word_1_86' title='bbox 263 723 362 777; x_wconf 71' lang='grc' dir='ltr'>ὅπερ</span> <span class='ocrx_word' id='word_1_87' title='bbox 383 718 434 776; x_wconf 73' lang='grc' dir='ltr'>ἧν</span> <span class='ocrx_word' id='word_1_88' title='bbox 455 719 581 764; x_wconf 80' lang='grc' dir='ltr'><em>πάλαι</em></span> <span class='ocrx_word' id='word_1_89' title='bbox 604 723 901 775; x_wconf 71' lang='grc' dir='ltr'><strong><em>Συρακουσίων</em></strong></span> <span class='ocrx_word' id='word_1_90' title='bbox 923 720 1136 777; x_wconf 62' lang='grc' dir='ltr'>φρούριον.</span> <span class='ocrx_word' id='word_1_91' title='bbox 1194 725 1260 763; x_wconf 86' lang='lat' dir='ltr'>Sic</span> <span class='ocrx_word' id='word_1_92' title='bbox 1279 729 1397 777; x_wconf 85' lang='lat' dir='ltr'>vulgo</span> <span class='ocrx_word' id='word_1_93' title='bbox 1420 727 1460 763; x_wconf 93' lang='lat' dir='ltr'>L.</span> <span class='ocrx_word' id='word_1_94' title='bbox 1473 727 1566 764; x_wconf 83' lang='lat' dir='ltr'>XII.</span> 
     </span>
     <span class='ocr_line' id='line_1_11' title="bbox 114 776 1566 839; baseline 0.003 -20"><span class='ocrx_word' id='word_1_95' title='bbox 114 783 160 819; x_wconf 85' lang='lat' dir='ltr'>de</span> <span class='ocrx_word' id='word_1_96' title='bbox 190 783 355 819; x_wconf 86' lang='lat' dir='ltr'>Animal.</span> <span class='ocrx_word' id='word_1_97' title='bbox 385 795 416 818; x_wconf 94' lang='lat' dir='ltr'>c.</span> <span class='ocrx_word' id='word_1_98' title='bbox 437 782 511 834; x_wconf 76' lang='lat'>30:</span> <span class='ocrx_word' id='word_1_99' title='bbox 570 780 632 818; x_wconf 91' lang='lat' dir='ltr'>Tu</span> <span class='ocrx_word' id='word_1_100' title='bbox 662 779 704 819; x_wconf 73' lang='grc' dir='ltr'>ἐν</span> <span class='ocrx_word' id='word_1_101' title='bbox 733 776 906 835; x_wconf 76' lang='grc' dir='ltr'><em>Ἐλώρῳ</em></span> <span class='ocrx_word' id='word_1_102' title='bbox 938 781 1106 831; x_wconf 80' lang='lat' dir='ltr'>refinge;</span> <span class='ocrx_word' id='word_1_103' title='bbox 1146 794 1234 819; x_wconf 88' lang='lat' dir='ltr'>nam</span> <span class='ocrx_word' id='word_1_104' title='bbox 1254 782 1350 820; x_wconf 86' lang='lat' dir='ltr'>Gilii</span> <span class='ocrx_word' id='word_1_105' title='bbox 1376 779 1566 839; x_wconf 71' lang='grc' dir='ltr'><em>Πελώρῳ</em></span> 
     </span>
     <span class='ocr_line' id='line_1_12' title="bbox 108 836 1508 887; baseline -0.001 -10"><span class='ocrx_word' id='word_1_106' title='bbox 108 841 201 877; x_wconf 90' lang='lat' dir='ltr'>istic</span> <span class='ocrx_word' id='word_1_107' title='bbox 220 851 268 875; x_wconf 92' lang='lat' dir='ltr'>ne</span> <span class='ocrx_word' id='word_1_108' title='bbox 289 836 398 874; x_wconf 88' lang='lat' dir='ltr'>flocci</span> <span class='ocrx_word' id='word_1_109' title='bbox 421 837 575 885; x_wconf 88' lang='lat' dir='ltr'>quidem</span> <span class='ocrx_word' id='word_1_110' title='bbox 601 843 669 874; x_wconf 91' lang='lat' dir='ltr'>est.</span> <span class='ocrx_word' id='word_1_111' title='bbox 711 837 853 875; x_wconf 64' lang='lat' dir='ltr'>wass,</span> <span class='ocrx_word' id='word_1_112' title='bbox 911 836 1126 876; x_wconf 76' lang='grc' dir='ltr'><strong><em>Νεατίνων</em></strong></span> <span class='ocrx_word' id='word_1_113' title='bbox 1144 841 1298 887; x_wconf 86' lang='lat' dir='ltr'>reponit</span> <span class='ocrx_word' id='word_1_114' title='bbox 1320 838 1508 877; x_wconf 85' lang='lat' dir='ltr'>Rhodom.</span> 
     </span>
    </p>

    <p class='ocr_par' dir='ltr' id='par_1_3' title="bbox 108 890 1583 1326">
     <span class='ocr_line' id='line_1_13' title="bbox 226 890 1568 946; baseline 0 -13"><span class='ocrx_word' id='word_1_115' title='bbox 226 895 330 934; x_wconf 85' lang='grc'>502.</span> <span class='ocrx_word' id='word_1_116' title='bbox 361 894 436 933; x_wconf 90' lang='grc'>49.</span> <span class='ocrx_word' id='word_1_117' title='bbox 476 893 549 938; x_wconf 81' lang='grc' dir='ltr'>Εἷς</span> <span class='ocrx_word' id='word_1_118' title='bbox 566 890 641 945; x_wconf 75' lang='grc' dir='ltr'>τὴν</span> <span class='ocrx_word' id='word_1_119' title='bbox 665 890 909 946; x_wconf 76' lang='grc' dir='ltr'>Ξιφωνιάν]</span> <span class='ocrx_word' id='word_1_120' title='bbox 961 891 1064 929; x_wconf 91' lang='lat' dir='ltr'>Urbs</span> <span class='ocrx_word' id='word_1_121' title='bbox 1095 900 1132 930; x_wconf 89' lang='lat' dir='ltr'>et</span> <span class='ocrx_word' id='word_1_122' title='bbox 1151 898 1454 943; x_wconf 88' lang='lat' dir='ltr'>promontorium</span> <span class='ocrx_word' id='word_1_123' title='bbox 1484 902 1568 934; x_wconf 84' lang='lat' dir='ltr'>erat</span> 
     </span>
     <span class='ocr_line' id='line_1_14' title="bbox 110 941 1568 1003; baseline 0.001 -16"><span class='ocrx_word' id='word_1_124' title='bbox 110 963 189 988; x_wconf 91' lang='lat' dir='ltr'>non</span> <span class='ocrx_word' id='word_1_125' title='bbox 210 951 324 1001; x_wconf 85' lang='lat' dir='ltr'>longe</span> <span class='ocrx_word' id='word_1_126' title='bbox 353 963 376 988; x_wconf 86' lang='lat' dir='ltr'>a</span> <span class='ocrx_word' id='word_1_127' title='bbox 397 949 606 1001; x_wconf 83' lang='lat' dir='ltr'>Megaride.</span> <span class='ocrx_word' id='word_1_128' title='bbox 664 949 767 1001; x_wconf 84' lang='lat' dir='ltr'>Lege</span> <span class='ocrx_word' id='word_1_129' title='bbox 787 941 858 989; x_wconf 75' lang='lat' dir='ltr'>Ph.</span> <span class='ocrx_word' id='word_1_130' title='bbox 882 947 1037 987; x_wconf 86' lang='lat' dir='ltr'>Cluver.</span> <span class='ocrx_word' id='word_1_131' title='bbox 1060 948 1172 986; x_wconf 86' lang='lat' dir='ltr'>Sicil.</span> <span class='ocrx_word' id='word_1_132' title='bbox 1194 950 1285 987; x_wconf 90' lang='lat' dir='ltr'>Ant.</span> <span class='ocrx_word' id='word_1_133' title='bbox 1305 951 1388 989; x_wconf 88' lang='lat' dir='ltr'>L.1.</span> <span class='ocrx_word' id='word_1_134' title='bbox 1410 966 1445 1003; x_wconf 90' lang='lat' dir='ltr'>p.</span> <span class='ocrx_word' id='word_1_135' title='bbox 1463 954 1568 994; x_wconf 87' lang='lat'>136.</span> 
     </span>
     <span class='ocr_line' id='line_1_15' title="bbox 108 1006 1583 1045; baseline -0.002 0"><span class='ocrx_word' id='word_1_136' title='bbox 108 1006 244 1045; x_wconf 61' lang='lat' dir='ltr'>wass.</span> <span class='ocrx_word' id='word_1_137' title='bbox 1578 1024 1583 1027; x_wconf 75' lang='lat'><em>-</em></span> 
     </span>
     <span class='ocr_line' id='line_1_16' title="bbox 225 1056 1568 1113; baseline -0.001 -11"><span class='ocrx_word' id='word_1_138' title='bbox 225 1063 328 1102; x_wconf 85' lang='lat'>502.</span> <span class='ocrx_word' id='word_1_139' title='bbox 363 1061 437 1101; x_wconf 86' lang='lat'>52.</span> <span class='ocrx_word' id='word_1_140' title='bbox 477 1059 562 1101; x_wconf 81' lang='grc' dir='ltr'>Καὶ</span> <span class='ocrx_word' id='word_1_141' title='bbox 588 1056 849 1113; x_wconf 69' lang='grc' dir='ltr'><strong><em>ΗῚάκελλαν]</em></strong></span> <span class='ocrx_word' id='word_1_142' title='bbox 892 1059 1019 1098; x_wconf 83' lang='lat' dir='ltr'>Situm</span> <span class='ocrx_word' id='word_1_143' title='bbox 1041 1060 1149 1098; x_wconf 88' lang='lat' dir='ltr'>urbis</span> <span class='ocrx_word' id='word_1_144' title='bbox 1172 1063 1342 1112; x_wconf 84' lang='lat' dir='ltr'>vestigat</span> <span class='ocrx_word' id='word_1_145' title='bbox 1361 1063 1462 1100; x_wconf 90' lang='lat' dir='ltr'>idem</span> <span class='ocrx_word' id='word_1_146' title='bbox 1476 1063 1568 1102; x_wconf 86' lang='lat' dir='ltr'>Clu-</span> 
     </span>
     <span class='ocr_line' id='line_1_17' title="bbox 108 1117 1566 1169; baseline 0 -13"><span class='ocrx_word' id='word_1_147' title='bbox 108 1132 189 1157; x_wconf 84' lang='lat' dir='ltr'>ver.</span> <span class='ocrx_word' id='word_1_148' title='bbox 202 1117 300 1156; x_wconf 86' lang='lat' dir='ltr'>S.A.</span> <span class='ocrx_word' id='word_1_149' title='bbox 318 1119 386 1156; x_wconf 89' lang='lat' dir='ltr'>lib.</span> <span class='ocrx_word' id='word_1_150' title='bbox 404 1117 452 1154; x_wconf 90' lang='lat'>11.</span> <span class='ocrx_word' id='word_1_151' title='bbox 475 1131 510 1167; x_wconf 86' lang='lat' dir='ltr'>p.</span> <span class='ocrx_word' id='word_1_152' title='bbox 525 1118 651 1165; x_wconf 58' lang='lat'>375„</span> <span class='ocrx_word' id='word_1_153' title='bbox 673 1129 784 1167; x_wconf 84' lang='lat' dir='ltr'>quem</span> <span class='ocrx_word' id='word_1_154' title='bbox 798 1118 1001 1167; x_wconf 84' lang='lat' dir='ltr'>nonlonge</span> <span class='ocrx_word' id='word_1_155' title='bbox 1014 1117 1224 1155; x_wconf 89' lang='lat' dir='ltr'>aMessana</span> <span class='ocrx_word' id='word_1_156' title='bbox 1237 1118 1311 1156; x_wconf 91' lang='lat' dir='ltr'>Dio</span> <span class='ocrx_word' id='word_1_157' title='bbox 1335 1122 1372 1156; x_wconf 87' lang='lat' dir='ltr'>in</span> <span class='ocrx_word' id='word_1_158' title='bbox 1384 1119 1566 1169; x_wconf 82' lang='lat' dir='ltr'>Excerpt.</span> 
     </span>
     <span class='ocr_line' id='line_1_18' title="bbox 108 1173 1568 1224; baseline 0.002 -12"><span class='ocrx_word' id='word_1_159' title='bbox 108 1175 277 1212; x_wconf 86' lang='lat' dir='ltr'>Peiresc.</span> <span class='ocrx_word' id='word_1_160' title='bbox 308 1188 344 1224; x_wconf 88' lang='lat' dir='ltr'>p.</span> <span class='ocrx_word' id='word_1_161' title='bbox 370 1173 474 1216; x_wconf 87' lang='grc'>637.</span> <span class='ocrx_word' id='word_1_162' title='bbox 506 1177 722 1212; x_wconf 87' lang='lat' dir='ltr'>seiunctum</span> <span class='ocrx_word' id='word_1_163' title='bbox 742 1175 861 1211; x_wconf 87' lang='lat' dir='ltr'>fuisse</span> <span class='ocrx_word' id='word_1_164' title='bbox 878 1174 1037 1214; x_wconf 86' lang='lat' dir='ltr'>indicat.</span> <span class='ocrx_word' id='word_1_165' title='bbox 1097 1173 1366 1213; x_wconf 84' lang='lat' dir='ltr'>Veriverhium</span> <span class='ocrx_word' id='word_1_166' title='bbox 1395 1177 1568 1215; x_wconf 68' lang='grc' dir='ltr'>,ΤΗακέλ-</span> 
     </span>
     <span class='ocr_line' id='line_1_19' title="bbox 109 1231 1568 1283; baseline 0.001 -15"><span class='ocrx_word' id='word_1_167' title='bbox 109 1233 186 1283; x_wconf 76' lang='grc' dir='ltr'>λης</span> <span class='ocrx_word' id='word_1_168' title='bbox 218 1233 414 1269; x_wconf 88' lang='lat' dir='ltr'>illustrare</span> <span class='ocrx_word' id='word_1_169' title='bbox 443 1234 600 1268; x_wconf 89' lang='lat' dir='ltr'>memini</span> <span class='ocrx_word' id='word_1_170' title='bbox 627 1232 675 1268; x_wconf 87' lang='lat' dir='ltr'>ad</span> <span class='ocrx_word' id='word_1_171' title='bbox 708 1231 839 1268; x_wconf 86' lang='lat' dir='ltr'>ltiner.</span> <span class='ocrx_word' id='word_1_172' title='bbox 870 1231 1016 1270; x_wconf 85' lang='lat' dir='ltr'>Anton.</span> <span class='ocrx_word' id='word_1_173' title='bbox 1047 1242 1083 1278; x_wconf 89' lang='lat' dir='ltr'>p.</span> <span class='ocrx_word' id='word_1_174' title='bbox 1107 1231 1217 1272; x_wconf 84' lang='grc'>490.</span> <span class='ocrx_word' id='word_1_175' title='bbox 1269 1231 1330 1269; x_wconf 91' lang='lat' dir='ltr'>De</span> <span class='ocrx_word' id='word_1_176' title='bbox 1360 1232 1568 1270; x_wconf 87' lang='lat' dir='ltr'>Adranone</span> 
     </span>
     <span class='ocr_line' id='line_1_20' title="bbox 113 1286 1147 1326; baseline 0.002 -2"><span class='ocrx_word' id='word_1_177' title='bbox 113 1287 155 1325; x_wconf 87' lang='lat' dir='ltr'>S.</span> <span class='ocrx_word' id='word_1_178' title='bbox 177 1287 394 1325; x_wconf 71' lang='lat' dir='ltr'>Bochai-tus</span> <span class='ocrx_word' id='word_1_179' title='bbox 414 1286 548 1324; x_wconf 89' lang='lat' dir='ltr'>Colon.</span> <span class='ocrx_word' id='word_1_180' title='bbox 572 1287 753 1324; x_wconf 85' lang='lat' dir='ltr'>Phoenic.</span> <span class='ocrx_word' id='word_1_181' title='bbox 773 1286 854 1324; x_wconf 88' lang='lat' dir='ltr'>L.1.</span> <span class='ocrx_word' id='word_1_182' title='bbox 876 1288 951 1326; x_wconf 83' lang='lat'>29.</span> <span class='ocrx_word' id='word_1_183' title='bbox 1010 1286 1147 1326; x_wconf 71' lang='lat' dir='ltr'>WESS.</span> 
     </span>
    </p>

    <p class='ocr_par' dir='ltr' id='par_1_4' title="bbox 109 1338 1569 1788">
     <span class='ocr_line' id='line_1_21' title="bbox 226 1338 1568 1395; baseline 0 -12"><span class='ocrx_word' id='word_1_184' title='bbox 226 1345 329 1384; x_wconf 85' lang='lat'>502.</span> <span class='ocrx_word' id='word_1_185' title='bbox 362 1345 433 1384; x_wconf 86' lang='lat'>57.</span> <span class='ocrx_word' id='word_1_186' title='bbox 475 1343 560 1383; x_wconf 80' lang='grc' dir='ltr'>Καὶ</span> <span class='ocrx_word' id='word_1_187' title='bbox 582 1340 802 1395; x_wconf 71' lang='grc' dir='ltr'><em>Ἀλιηναῖοι</em></span> <span class='ocrx_word' id='word_1_188' title='bbox 833 1341 1058 1394; x_wconf 69' lang='grc' dir='ltr'><strong><em>ἐποίησαν]</em></strong></span> <span class='ocrx_word' id='word_1_189' title='bbox 1090 1338 1331 1383; x_wconf 67' lang='grc' dir='ltr'>εΑλικυαΐόι</span> <span class='ocrx_word' id='word_1_190' title='bbox 1351 1344 1447 1381; x_wconf 89' lang='lat' dir='ltr'>bene</span> <span class='ocrx_word' id='word_1_191' title='bbox 1462 1343 1568 1383; x_wconf 87' lang='lat' dir='ltr'>Rho-</span> 
     </span>
     <span class='ocr_line' id='line_1_22' title="bbox 111 1399 1569 1450; baseline 0.001 -13"><span class='ocrx_word' id='word_1_192' title='bbox 111 1399 340 1437; x_wconf 83' lang='lat' dir='ltr'>domannus.</span> <span class='ocrx_word' id='word_1_193' title='bbox 401 1402 508 1444; x_wconf 75' lang='lat' dir='ltr'>Quae</span> <span class='ocrx_word' id='word_1_194' title='bbox 528 1400 739 1437; x_wconf 86' lang='lat' dir='ltr'>succedunt</span> <span class='ocrx_word' id='word_1_195' title='bbox 758 1402 955 1447; x_wconf 83' lang='lat' dir='ltr'>continuo,</span> <span class='ocrx_word' id='word_1_196' title='bbox 986 1413 1031 1436; x_wconf 88' lang='lat' dir='ltr'>ea</span> <span class='ocrx_word' id='word_1_197' title='bbox 1049 1399 1353 1450; x_wconf 83' lang='lat' dir='ltr'>flagitiosissime</span> <span class='ocrx_word' id='word_1_198' title='bbox 1377 1409 1466 1438; x_wconf 80' lang='lat' dir='ltr'>sunt</span> <span class='ocrx_word' id='word_1_199' title='bbox 1484 1415 1569 1438; x_wconf 85' lang='lat' dir='ltr'>cor-</span> 
     </span>
     <span class='ocr_line' id='line_1_23' title="bbox 110 1455 1565 1506; baseline -0.001 -12"><span class='ocrx_word' id='word_1_200' title='bbox 110 1463 247 1506; x_wconf 74' lang='lat' dir='ltr'>rupta,</span> <span class='ocrx_word' id='word_1_201' title='bbox 278 1468 399 1504; x_wconf 88' lang='lat' dir='ltr'>neque</span> <span class='ocrx_word' id='word_1_202' title='bbox 419 1459 626 1494; x_wconf 87' lang='lat' dir='ltr'>instaurari</span> <span class='ocrx_word' id='word_1_203' title='bbox 648 1458 835 1506; x_wconf 75' lang='lat' dir='ltr'>possunt‚&#39;</span> <span class='ocrx_word' id='word_1_204' title='bbox 861 1457 938 1493; x_wconf 85' lang='lat' dir='ltr'>nisi</span> <span class='ocrx_word' id='word_1_205' title='bbox 957 1458 1136 1493; x_wconf 87' lang='lat' dir='ltr'>meliores</span> <span class='ocrx_word' id='word_1_206' title='bbox 1157 1455 1319 1493; x_wconf 85' lang='lat' dir='ltr'>schedae</span> <span class='ocrx_word' id='word_1_207' title='bbox 1341 1458 1442 1494; x_wconf 91' lang='lat' dir='ltr'>unde</span> <span class='ocrx_word' id='word_1_208' title='bbox 1464 1458 1565 1494; x_wconf 86' lang='lat' dir='ltr'>unde</span> 
     </span>
     <span class='ocr_line' id='line_1_24' title="bbox 110 1511 1565 1563; baseline 0.001 -14"><span class='ocrx_word' id='word_1_209' title='bbox 110 1520 310 1550; x_wconf 90' lang='lat' dir='ltr'>eruantur.</span> <span class='ocrx_word' id='word_1_210' title='bbox 365 1511 473 1550; x_wconf 86' lang='lat' dir='ltr'>Fecit</span> <span class='ocrx_word' id='word_1_211' title='bbox 498 1514 623 1551; x_wconf 85' lang='lat' dir='ltr'>fateor</span> <span class='ocrx_word' id='word_1_212' title='bbox 651 1514 862 1563; x_wconf 83' lang='lat' dir='ltr'>desperatis</span> <span class='ocrx_word' id='word_1_213' title='bbox 890 1513 1120 1550; x_wconf 84' lang='lat' dir='ltr'>medicinam</span> <span class='ocrx_word' id='word_1_214' title='bbox 1151 1512 1218 1550; x_wconf 92' lang='lat' dir='ltr'>Ph.</span> <span class='ocrx_word' id='word_1_215' title='bbox 1242 1511 1470 1560; x_wconf 72' lang='lat' dir='ltr'>Cluverius,</span> <span class='ocrx_word' id='word_1_216' title='bbox 1498 1514 1565 1550; x_wconf 88' lang='lat' dir='ltr'>sed</span> 
     </span>
     <span class='ocr_line' id='line_1_25' title="bbox 110 1567 1567 1621; baseline 0.001 -15"><span class='ocrx_word' id='word_1_217' title='bbox 110 1570 248 1616; x_wconf 79' lang='lat' dir='ltr'>talem,</span> <span class='ocrx_word' id='word_1_218' title='bbox 287 1581 382 1619; x_wconf 87' lang='lat' dir='ltr'>quae</span> <span class='ocrx_word' id='word_1_219' title='bbox 404 1569 557 1607; x_wconf 85' lang='lat' dir='ltr'>modum</span> <span class='ocrx_word' id='word_1_220' title='bbox 578 1569 743 1607; x_wconf 88' lang='lat' dir='ltr'>excedit.</span> <span class='ocrx_word' id='word_1_221' title='bbox 802 1570 862 1607; x_wconf 78' lang='lat' dir='ltr'>lta</span> <span class='ocrx_word' id='word_1_222' title='bbox 889 1570 1006 1619; x_wconf 86' lang='lat' dir='ltr'>legit,</span> <span class='ocrx_word' id='word_1_223' title='bbox 1042 1568 1308 1621; x_wconf 71' lang='grc' dir='ltr'><strong><em>Αἷγίθαλλον</em></strong></span> <span class='ocrx_word' id='word_1_224' title='bbox 1334 1568 1400 1617; x_wconf 75' lang='grc' dir='ltr'>δὲ,</span> <span class='ocrx_word' id='word_1_225' title='bbox 1443 1567 1567 1621; x_wconf 61' lang='grc' dir='ltr'><strong><em>ὅνπερ</em></strong></span> 
     </span>
     <span class='ocr_line' id='line_1_26' title="bbox 109 1624 1566 1676; baseline 0 -13"><span class='ocrx_word' id='word_1_226' title='bbox 109 1627 183 1664; x_wconf 73' lang='grc' dir='ltr'>νῦν</span> <span class='ocrx_word' id='word_1_227' title='bbox 219 1627 391 1665; x_wconf 82' lang='grc' dir='ltr'><em>καλοῦσι</em></span> <span class='ocrx_word' id='word_1_228' title='bbox 420 1624 493 1665; x_wconf 72' lang='grc' dir='ltr'>τὸν</span> <span class='ocrx_word' id='word_1_229' title='bbox 515 1624 735 1673; x_wconf 69' lang='grc' dir='ltr'>Ἄσκελον,</span> <span class='ocrx_word' id='word_1_230' title='bbox 793 1638 842 1663; x_wconf 83' lang='lat' dir='ltr'>ex</span> <span class='ocrx_word' id='word_1_231' title='bbox 878 1633 1071 1673; x_wconf 89' lang='lat' dir='ltr'>postrema</span> <span class='ocrx_word' id='word_1_232' title='bbox 1099 1625 1236 1676; x_wconf 79' lang='lat' dir='ltr'>Eclog.</span> <span class='ocrx_word' id='word_1_233' title='bbox 1262 1627 1300 1666; x_wconf 85' lang='grc' dir='ltr'>Ι.</span> <span class='ocrx_word' id='word_1_234' title='bbox 1329 1627 1395 1663; x_wconf 88' lang='lat' dir='ltr'>lib.</span> <span class='ocrx_word' id='word_1_235' title='bbox 1415 1626 1566 1664; x_wconf 79' lang='lat' dir='ltr'>XXW.</span> 
     </span>
     <span class='ocr_line' id='line_1_27' title="bbox 111 1677 1567 1735; baseline 0.001 -17"><span class='ocrx_word' id='word_1_236' title='bbox 111 1680 314 1719; x_wconf 85' lang='lat' dir='ltr'>Praeterea</span> <span class='ocrx_word' id='word_1_237' title='bbox 338 1677 560 1735; x_wconf 69' lang='grc' dir='ltr'><strong><em>Τυνδάριοι</em></strong></span> <span class='ocrx_word' id='word_1_238' title='bbox 591 1683 772 1720; x_wconf 88' lang='lat' dir='ltr'>iubentur</span> <span class='ocrx_word' id='word_1_239' title='bbox 799 1695 882 1719; x_wconf 89' lang='lat' dir='ltr'>esse</span> <span class='ocrx_word' id='word_1_240' title='bbox 901 1678 1141 1734; x_wconf 77' lang='grc' dir='ltr'>Δρεπάνιοι.</span> <span class='ocrx_word' id='word_1_241' title='bbox 1200 1681 1299 1720; x_wconf 91' lang='lat' dir='ltr'>Mihi</span> <span class='ocrx_word' id='word_1_242' title='bbox 1329 1695 1408 1720; x_wconf 91' lang='lat' dir='ltr'>non</span> <span class='ocrx_word' id='word_1_243' title='bbox 1435 1685 1567 1731; x_wconf 90' lang='lat' dir='ltr'>liquet.</span> 
     </span>
     <span class='ocr_line' id='line_1_28' title="bbox 110 1736 993 1788; baseline -0.001 -14"><span class='ocrx_word' id='word_1_244' title='bbox 110 1736 209 1775; x_wconf 87' lang='lat' dir='ltr'>Vide</span> <span class='ocrx_word' id='word_1_245' title='bbox 233 1738 343 1775; x_wconf 88' lang='lat' dir='ltr'>Sicil.</span> <span class='ocrx_word' id='word_1_246' title='bbox 364 1738 494 1787; x_wconf 89' lang='lat' dir='ltr'>Antiq.</span> <span class='ocrx_word' id='word_1_247' title='bbox 515 1739 613 1776; x_wconf 84' lang='lat' dir='ltr'>L.11.</span> <span class='ocrx_word' id='word_1_248' title='bbox 634 1752 672 1788; x_wconf 87' lang='lat' dir='ltr'>p.</span> <span class='ocrx_word' id='word_1_249' title='bbox 688 1741 794 1779; x_wconf 79' lang='lat'>390.</span> <span class='ocrx_word' id='word_1_250' title='bbox 853 1737 993 1775; x_wconf 68' lang='lat' dir='ltr'>Wass.</span> 
     </span>
    </p>

    <p class='ocr_par' dir='ltr' id='par_1_5' title="bbox 109 1787 1570 2395">
     <span class='ocr_line' id='line_1_29' title="bbox 229 1787 1565 1847; baseline -0.003 -13"><span class='ocrx_word' id='word_1_251' title='bbox 229 1796 334 1834; x_wconf 86' lang='lat'>502.</span> <span class='ocrx_word' id='word_1_252' title='bbox 369 1796 444 1834; x_wconf 86' lang='lat'>64.</span> <span class='ocrx_word' id='word_1_253' title='bbox 485 1792 681 1847; x_wconf 62' lang='lat' dir='ltr'>’&#39;Eypmpe</span> <span class='ocrx_word' id='word_1_254' title='bbox 709 1790 904 1847; x_wconf 76' lang='grc' dir='ltr'><em>δράματα</em></span> <span class='ocrx_word' id='word_1_255' title='bbox 934 1790 1037 1833; x_wconf 69' lang='grc' dir='ltr'>ἔπτὰ</span> <span class='ocrx_word' id='word_1_256' title='bbox 1070 1791 1138 1832; x_wconf 79' lang='grc' dir='ltr'>καὶ</span> <span class='ocrx_word' id='word_1_257' title='bbox 1166 1787 1455 1845; x_wconf 67' lang='grc' dir='ltr'>ἐννενήκοντα]</span> <span class='ocrx_word' id='word_1_258' title='bbox 1505 1792 1565 1831; x_wconf 91' lang='lat' dir='ltr'>De</span> 
     </span>
     <span class='ocr_line' id='line_1_30' title="bbox 109 1849 1566 1902; baseline 0 -15"><span class='ocrx_word' id='word_1_259' title='bbox 109 1849 330 1887; x_wconf 85' lang='lat' dir='ltr'>fabularum</span> <span class='ocrx_word' id='word_1_260' title='bbox 350 1863 507 1888; x_wconf 89' lang='lat' dir='ltr'>numero</span> <span class='ocrx_word' id='word_1_261' title='bbox 527 1851 627 1889; x_wconf 87' lang='lat' dir='ltr'>nihil</span> <span class='ocrx_word' id='word_1_262' title='bbox 646 1851 826 1888; x_wconf 87' lang='lat' dir='ltr'>dissentit</span> <span class='ocrx_word' id='word_1_263' title='bbox 849 1851 994 1888; x_wconf 89' lang='lat' dir='ltr'>Auctor</span> <span class='ocrx_word' id='word_1_264' title='bbox 1023 1849 1113 1901; x_wconf 71' lang='grc' dir='ltr'>περὶ</span> <span class='ocrx_word' id='word_1_265' title='bbox 1136 1849 1386 1902; x_wconf 58' lang='grc' dir='ltr'>Καὶμᾳώὶάς.</span> <span class='ocrx_word' id='word_1_266' title='bbox 1431 1850 1566 1887; x_wconf 88' lang='lat' dir='ltr'>Annos</span> 
     </span>
     <span class='ocr_line' id='line_1_31' title="bbox 111 1906 1566 1954; baseline 0.001 -12"><span class='ocrx_word' id='word_1_267' title='bbox 111 1909 246 1943; x_wconf 83' lang='lat' dir='ltr'>aetatis</span> <span class='ocrx_word' id='word_1_268' title='bbox 275 1917 392 1943; x_wconf 74' lang='lat' dir='ltr'>xcw.</span> <span class='ocrx_word' id='word_1_269' title='bbox 419 1907 637 1945; x_wconf 86' lang='lat' dir='ltr'>Philemoni</span> <span class='ocrx_word' id='word_1_270' title='bbox 665 1908 830 1954; x_wconf 85' lang='lat' dir='ltr'>Suidas‚</span> <span class='ocrx_word' id='word_1_271' title='bbox 871 1916 1000 1943; x_wconf 79' lang='lat' dir='ltr'>xcvn.</span> <span class='ocrx_word' id='word_1_272' title='bbox 1022 1907 1215 1945; x_wconf 87' lang='lat' dir='ltr'>Lucianus</span> <span class='ocrx_word' id='word_1_273' title='bbox 1240 1906 1410 1945; x_wconf 84' lang='lat' dir='ltr'>Macrob.</span> <span class='ocrx_word' id='word_1_274' title='bbox 1444 1907 1566 1946; x_wconf 82' lang='lat' dir='ltr'>c.25.</span> 
     </span>
     <span class='ocr_line' id='line_1_32' title="bbox 113 1960 1569 2012; baseline 0.001 -14"><span class='ocrx_word' id='word_1_275' title='bbox 113 1964 385 2000; x_wconf 87' lang='lat' dir='ltr'>contribuunt:</span> <span class='ocrx_word' id='word_1_276' title='bbox 425 1966 506 2000; x_wconf 88' lang='lat' dir='ltr'>utri</span> <span class='ocrx_word' id='word_1_277' title='bbox 538 1966 668 2002; x_wconf 84' lang='lat' dir='ltr'>verius</span> <span class='ocrx_word' id='word_1_278' title='bbox 707 1966 748 2001; x_wconf 89' lang='lat' dir='ltr'>in</span> <span class='ocrx_word' id='word_1_279' title='bbox 778 1966 926 2001; x_wconf 90' lang='lat' dir='ltr'>incerto</span> <span class='ocrx_word' id='word_1_280' title='bbox 958 1969 1029 2000; x_wconf 86' lang='lat' dir='ltr'>est.</span> <span class='ocrx_word' id='word_1_281' title='bbox 1096 1961 1138 1999; x_wconf 87' lang='lat' dir='ltr'>ld</span> <span class='ocrx_word' id='word_1_282' title='bbox 1173 1960 1267 1999; x_wconf 88' lang='lat' dir='ltr'>mihi</span> <span class='ocrx_word' id='word_1_283' title='bbox 1297 1963 1418 2012; x_wconf 89' lang='lat' dir='ltr'>liquet</span> <span class='ocrx_word' id='word_1_284' title='bbox 1455 1964 1569 1999; x_wconf 85' lang='lat' dir='ltr'>annis</span> 
     </span>
     <span class='ocr_line' id='line_1_33' title="bbox 112 2017 1568 2067; baseline 0 -12"><span class='ocrx_word' id='word_1_285' title='bbox 112 2029 204 2066; x_wconf 58' lang='lat' dir='ltr'>xa,</span> <span class='ocrx_word' id='word_1_286' title='bbox 250 2033 334 2057; x_wconf 92' lang='lat' dir='ltr'>cum</span> <span class='ocrx_word' id='word_1_287' title='bbox 365 2019 587 2067; x_wconf 80' lang='lat' dir='ltr'>decederet,</span> <span class='ocrx_word' id='word_1_288' title='bbox 615 2022 736 2058; x_wconf 84' lang='lat' dir='ltr'>fuisse</span> <span class='ocrx_word' id='word_1_289' title='bbox 758 2021 958 2059; x_wconf 89' lang='lat' dir='ltr'>maiorem.</span> <span class='ocrx_word' id='word_1_290' title='bbox 1017 2017 1182 2056; x_wconf 82' lang='lat' dir='ltr'>Fabulas</span> <span class='ocrx_word' id='word_1_291' title='bbox 1205 2018 1405 2056; x_wconf 88' lang='lat' dir='ltr'>Philemon</span> <span class='ocrx_word' id='word_1_292' title='bbox 1431 2019 1568 2055; x_wconf 89' lang='lat' dir='ltr'>docere</span> 
     </span>
     <span class='ocr_line' id='line_1_34' title="bbox 113 2074 1568 2128; baseline 0 -17"><span class='ocrx_word' id='word_1_293' title='bbox 113 2079 241 2123; x_wconf 86' lang='lat' dir='ltr'>coepit</span> <span class='ocrx_word' id='word_1_294' title='bbox 266 2084 355 2113; x_wconf 80' lang='lat' dir='ltr'>ante</span> <span class='ocrx_word' id='word_1_295' title='bbox 381 2075 533 2126; x_wconf 87' lang='lat' dir='ltr'>Olymp.</span> <span class='ocrx_word' id='word_1_296' title='bbox 554 2087 694 2124; x_wconf 72' lang='lat' dir='ltr'>can,</span> <span class='ocrx_word' id='word_1_297' title='bbox 729 2078 787 2114; x_wconf 92' lang='lat' dir='ltr'>uti</span> <span class='ocrx_word' id='word_1_298' title='bbox 806 2078 949 2114; x_wconf 85' lang='lat' dir='ltr'>Auctor</span> <span class='ocrx_word' id='word_1_299' title='bbox 978 2077 1043 2113; x_wconf 91' lang='lat' dir='ltr'>ille</span> <span class='ocrx_word' id='word_1_300' title='bbox 1064 2074 1154 2126; x_wconf 71' lang='grc' dir='ltr'>περὶ</span> <span class='ocrx_word' id='word_1_301' title='bbox 1176 2074 1413 2128; x_wconf 71' lang='grc' dir='ltr'>Κωμῳδίας</span> <span class='ocrx_word' id='word_1_302' title='bbox 1435 2076 1568 2112; x_wconf 87' lang='lat' dir='ltr'>refert.</span> 
     </span>
     <span class='ocr_line' id='line_1_35' title="bbox 112 2131 1568 2182; baseline -0.001 -12"><span class='ocrx_word' id='word_1_303' title='bbox 112 2132 277 2170; x_wconf 86' lang='lat' dir='ltr'>Mortem</span> <span class='ocrx_word' id='word_1_304' title='bbox 310 2146 396 2170; x_wconf 90' lang='lat' dir='ltr'>cum</span> <span class='ocrx_word' id='word_1_305' title='bbox 425 2135 506 2170; x_wconf 87' lang='lat' dir='ltr'>vita</span> <span class='ocrx_word' id='word_1_306' title='bbox 538 2136 778 2171; x_wconf 81' lang='lat' dir='ltr'>conmutavit</span> <span class='ocrx_word' id='word_1_307' title='bbox 805 2146 906 2171; x_wconf 87' lang='lat' dir='ltr'>anno</span> <span class='ocrx_word' id='word_1_308' title='bbox 934 2133 1048 2182; x_wconf 87' lang='lat' dir='ltr'>primi</span> <span class='ocrx_word' id='word_1_309' title='bbox 1084 2131 1225 2168; x_wconf 87' lang='lat' dir='ltr'>Punici</span> <span class='ocrx_word' id='word_1_310' title='bbox 1256 2132 1348 2168; x_wconf 89' lang='lat' dir='ltr'>belli</span> <span class='ocrx_word' id='word_1_311' title='bbox 1370 2138 1452 2178; x_wconf 55' lang='lat' dir='ltr'>HL,</span> <span class='ocrx_word' id='word_1_312' title='bbox 1486 2134 1568 2169; x_wconf 78' lang='lat' dir='ltr'>sive</span> 
     </span>
     <span class='ocr_line' id='line_1_36' title="bbox 111 2187 1569 2238; baseline 0 -14"><span class='ocrx_word' id='word_1_313' title='bbox 111 2187 265 2238; x_wconf 84' lang='lat' dir='ltr'>Olymp.</span> <span class='ocrx_word' id='word_1_314' title='bbox 285 2199 429 2225; x_wconf 77' lang='lat' dir='ltr'>cxxix.</span> <span class='ocrx_word' id='word_1_315' title='bbox 460 2191 524 2238; x_wconf 88' lang='lat'>3.,</span> <span class='ocrx_word' id='word_1_316' title='bbox 559 2202 722 2238; x_wconf 91' lang='lat' dir='ltr'>namque</span> <span class='ocrx_word' id='word_1_317' title='bbox 742 2202 828 2226; x_wconf 90' lang='lat' dir='ltr'>eum</span> <span class='ocrx_word' id='word_1_318' title='bbox 848 2190 895 2227; x_wconf 91' lang='lat' dir='ltr'>ad</span> <span class='ocrx_word' id='word_1_319' title='bbox 918 2202 1085 2235; x_wconf 84' lang='lat' dir='ltr'>annum,</span> <span class='ocrx_word' id='word_1_320' title='bbox 1132 2199 1228 2236; x_wconf 91' lang='lat' dir='ltr'>quae</span> <span class='ocrx_word' id='word_1_321' title='bbox 1252 2187 1314 2225; x_wconf 86' lang='lat' dir='ltr'>hic</span> <span class='ocrx_word' id='word_1_322' title='bbox 1334 2189 1569 2234; x_wconf 75' lang='lat' dir='ltr'>referuntur,</span> 
     </span>
     <span class='ocr_line' id='line_1_37' title="bbox 112 2246 1567 2296; baseline -0.001 -15"><span class='ocrx_word' id='word_1_323' title='bbox 112 2247 311 2293; x_wconf 85' lang='lat' dir='ltr'>pertinent</span> <span class='ocrx_word' id='word_1_324' title='bbox 341 2246 481 2285; x_wconf 85' lang='lat' dir='ltr'>omnia.</span> <span class='ocrx_word' id='word_1_325' title='bbox 540 2246 619 2284; x_wconf 88' lang='lat' dir='ltr'>Fac</span> <span class='ocrx_word' id='word_1_326' title='bbox 650 2248 726 2284; x_wconf 89' lang='lat' dir='ltr'>iam</span> <span class='ocrx_word' id='word_1_327' title='bbox 753 2256 856 2283; x_wconf 78' lang='lat' dir='ltr'>xxv,</span> <span class='ocrx_word' id='word_1_328' title='bbox 887 2248 1023 2283; x_wconf 88' lang='lat' dir='ltr'>aetatis</span> <span class='ocrx_word' id='word_1_329' title='bbox 1053 2246 1255 2296; x_wconf 76' lang='lat' dir='ltr'>attigisse,</span> <span class='ocrx_word' id='word_1_330' title='bbox 1292 2257 1378 2281; x_wconf 89' lang='lat' dir='ltr'>cum</span> <span class='ocrx_word' id='word_1_331' title='bbox 1409 2247 1567 2292; x_wconf 84' lang='lat' dir='ltr'>primam</span> 
     </span>
     <span class='ocr_line' id='line_1_38' title="bbox 112 2301 1570 2352; baseline 0 -15"><span class='ocrx_word' id='word_1_332' title='bbox 112 2301 299 2338; x_wconf 83' lang='lat' dir='ltr'>scriberet</span> <span class='ocrx_word' id='word_1_333' title='bbox 326 2301 594 2351; x_wconf 85' lang='lat' dir='ltr'>Comoediam,</span> <span class='ocrx_word' id='word_1_334' title='bbox 629 2303 749 2350; x_wconf 90' lang='lat' dir='ltr'>illud,</span> <span class='ocrx_word' id='word_1_335' title='bbox 788 2303 891 2352; x_wconf 89' lang='lat' dir='ltr'>quod</span> <span class='ocrx_word' id='word_1_336' title='bbox 909 2302 1134 2348; x_wconf 78' lang='lat' dir='ltr'>adfirmavi,</span> <span class='ocrx_word' id='word_1_337' title='bbox 1170 2301 1416 2338; x_wconf 83' lang='lat' dir='ltr'>manifestum</span> <span class='ocrx_word' id='word_1_338' title='bbox 1435 2301 1570 2349; x_wconf 86' lang='lat' dir='ltr'>depre-</span> 
     </span>
     <span class='ocr_line' id='line_1_39' title="bbox 115 2356 514 2395; baseline 0.008 -3"><span class='ocrx_word' id='word_1_339' title='bbox 115 2356 316 2394; x_wconf 77' lang='lat' dir='ltr'>hendetur.</span> <span class='ocrx_word' id='word_1_340' title='bbox 375 2359 514 2395; x_wconf 65' lang='lat' dir='ltr'>Wssss.</span> 
     </span>
    </p>

    <p class='ocr_par' dir='ltr' id='par_1_6' title="bbox 108 2409 1571 2803">
     <span class='ocr_line' id='line_1_40' title="bbox 230 2409 1570 2467; baseline -0.007 -11"><span class='ocrx_word' id='word_1_341' title='bbox 230 2415 334 2453; x_wconf 83' lang='lat'><strong>502·</strong></span> <span class='ocrx_word' id='word_1_342' title='bbox 366 2417 439 2456; x_wconf 84' lang='grc'>68.</span> <span class='ocrx_word' id='word_1_343' title='bbox 491 2413 606 2455; x_wconf 71' lang='grc' dir='ltr'>Δίκα</span> <span class='ocrx_word' id='word_1_344' title='bbox 636 2411 835 2467; x_wconf 71' lang='grc' dir='ltr'>μυριάδες</span> <span class='ocrx_word' id='word_1_345' title='bbox 863 2409 1073 2465; x_wconf 64' lang='grc' dir='ltr'>ὑπῆρχον]</span> <span class='ocrx_word' id='word_1_346' title='bbox 1123 2412 1305 2449; x_wconf 87' lang='lat' dir='ltr'>Verterat</span> <span class='ocrx_word' id='word_1_347' title='bbox 1335 2413 1400 2449; x_wconf 88' lang='lat' dir='ltr'>vir</span> <span class='ocrx_word' id='word_1_348' title='bbox 1422 2413 1570 2459; x_wconf 71' lang='lat' dir='ltr'>doctus,</span> 
     </span>
     <span class='ocr_line' id='line_1_41' title="bbox 114 2469 1571 2523; baseline -0.001 -17"><span class='ocrx_word' id='word_1_349' title='bbox 114 2469 396 2517; x_wconf 73' lang='lat' dir='ltr'>Romanorum,</span> <span class='ocrx_word' id='word_1_350' title='bbox 425 2475 494 2523; x_wconf 77' lang='lat' dir='ltr'>qui</span> <span class='ocrx_word' id='word_1_351' title='bbox 511 2472 771 2521; x_wconf 77' lang='lat' dir='ltr'>Agrigentum</span> <span class='ocrx_word' id='word_1_352' title='bbox 792 2472 1029 2508; x_wconf 74' lang='lat' dir='ltr'>obsederunt</span> <span class='ocrx_word' id='word_1_353' title='bbox 1048 2492 1095 2497; x_wconf 93' lang='lat'>—-</span> <span class='ocrx_word' id='word_1_354' title='bbox 1118 2476 1270 2506; x_wconf 74' lang='lat' dir='ltr'>centum</span> <span class='ocrx_word' id='word_1_355' title='bbox 1292 2469 1418 2506; x_wconf 80' lang='lat' dir='ltr'>millia</span> <span class='ocrx_word' id='word_1_356' title='bbox 1440 2476 1571 2516; x_wconf 78' lang='lat' dir='ltr'>erant,</span> 
     </span>
     <span class='ocr_line' id='line_1_42' title="bbox 113 2526 1569 2578; baseline -0.001 -16"><span class='ocrx_word' id='word_1_357' title='bbox 113 2527 411 2564; x_wconf 84' lang='lat' dir='ltr'>inconsiderate.</span> <span class='ocrx_word' id='word_1_358' title='bbox 475 2528 548 2565; x_wconf 64' lang='lat' dir='ltr'>Cui</span> <span class='ocrx_word' id='word_1_359' title='bbox 575 2530 821 2578; x_wconf 75' lang='lat' dir='ltr'>persuaderi</span> <span class='ocrx_word' id='word_1_360' title='bbox 844 2529 1001 2578; x_wconf 77' lang='lat' dir='ltr'>poterit</span> <span class='ocrx_word' id='word_1_361' title='bbox 1028 2526 1298 2563; x_wconf 77' lang='lat' dir='ltr'>Romanorum</span> <span class='ocrx_word' id='word_1_362' title='bbox 1320 2527 1359 2562; x_wconf 78' lang='lat' dir='ltr'>in</span> <span class='ocrx_word' id='word_1_363' title='bbox 1379 2539 1427 2561; x_wconf 80' lang='lat' dir='ltr'>ea</span> <span class='ocrx_word' id='word_1_364' title='bbox 1450 2538 1569 2575; x_wconf 63' lang='lat' dir='ltr'>expe-</span> 
     </span>
     <span class='ocr_line' id='line_1_43' title="bbox 115 2583 1570 2632; baseline 0 -15"><span class='ocrx_word' id='word_1_365' title='bbox 115 2583 263 2619; x_wconf 78' lang='lat' dir='ltr'>ditione</span> <span class='ocrx_word' id='word_1_366' title='bbox 273 2584 410 2630; x_wconf 77' lang='lat' dir='ltr'>fuisse</span> <span class='ocrx_word' id='word_1_367' title='bbox 432 2592 586 2621; x_wconf 75' lang='lat' dir='ltr'>centum</span> <span class='ocrx_word' id='word_1_368' title='bbox 608 2585 765 2621; x_wconf 74' lang='lat' dir='ltr'>millia?</span> <span class='ocrx_word' id='word_1_369' title='bbox 797 2584 1082 2621; x_wconf 58' lang='lat' dir='ltr'>Eaeistz&#39;mamus</span> <span class='ocrx_word' id='word_1_370' title='bbox 1104 2595 1175 2619; x_wconf 80' lang='lat' dir='ltr'>nos</span> <span class='ocrx_word' id='word_1_371' title='bbox 1194 2584 1348 2632; x_wconf 83' lang='lat' dir='ltr'>quidem</span> <span class='ocrx_word' id='word_1_372' title='bbox 1368 2595 1453 2618; x_wconf 73' lang='lat' dir='ltr'>cam</span> <span class='ocrx_word' id='word_1_373' title='bbox 1474 2583 1570 2618; x_wconf 71' lang='lat' dir='ltr'>duo-</span> 
     </span>
     <span class='ocr_line' id='line_1_44' title="bbox 114 2638 1571 2687; baseline -0.001 -13"><span class='ocrx_word' id='word_1_374' title='bbox 114 2638 183 2674; x_wconf 77' lang='lat' dir='ltr'>bus</span> <span class='ocrx_word' id='word_1_375' title='bbox 201 2641 424 2678; x_wconf 74' lang='lat' dir='ltr'>consulibus</span> <span class='ocrx_word' id='word_1_376' title='bbox 443 2641 552 2678; x_wconf 66' lang='lat' dir='ltr'>binos</span> <span class='ocrx_word' id='word_1_377' title='bbox 574 2643 806 2678; x_wconf 72' lang='lat' dir='ltr'>consulares</span> <span class='ocrx_word' id='word_1_378' title='bbox 826 2641 1029 2677; x_wconf 52' lang='lat' dir='ltr'>eremitas</span> <span class='ocrx_word' id='word_1_379' title='bbox 1049 2639 1253 2685; x_wconf 51' lang='lat' dir='ltr'>adfuisse,</span> <span class='ocrx_word' id='word_1_380' title='bbox 1284 2650 1425 2687; x_wconf 80' lang='lat' dir='ltr'>eosque</span> <span class='ocrx_word' id='word_1_381' title='bbox 1448 2640 1571 2674; x_wconf 80' lang='lat' dir='ltr'>iustos</span> 
     </span>
     <span class='ocr_line' id='line_1_45' title="bbox 115 2695 1569 2747; baseline -0.001 -17"><span class='ocrx_word' id='word_1_382' title='bbox 115 2707 164 2730; x_wconf 84' lang='lat' dir='ltr'>ac</span> <span class='ocrx_word' id='word_1_383' title='bbox 179 2696 348 2745; x_wconf 63' lang='lat' dir='ltr'>plenos:</span> <span class='ocrx_word' id='word_1_384' title='bbox 374 2699 446 2735; x_wconf 80' lang='lat' dir='ltr'>sed</span> <span class='ocrx_word' id='word_1_385' title='bbox 474 2700 512 2734; x_wconf 81' lang='lat' dir='ltr'>iu</span> <span class='ocrx_word' id='word_1_386' title='bbox 548 2705 723 2747; x_wconf 76' lang='lat' dir='ltr'>quatuor</span> <span class='ocrx_word' id='word_1_387' title='bbox 747 2696 983 2746; x_wconf 76' lang='lat' dir='ltr'>legionibus,</span> <span class='ocrx_word' id='word_1_388' title='bbox 1014 2697 1174 2732; x_wconf 77' lang='lat' dir='ltr'>etiamsi</span> <span class='ocrx_word' id='word_1_389' title='bbox 1197 2695 1355 2732; x_wconf 67' lang='lat' dir='ltr'>auxilia</span> <span class='ocrx_word' id='word_1_390' title='bbox 1376 2705 1569 2739; x_wconf 71' lang='lat' dir='ltr'>mamere-s,</span> 
     </span>
     <span class='ocr_line' id='line_1_46' title="bbox 108 2751 1570 2803; baseline -0.001 -17"><span class='ocrx_word' id='word_1_391' title='bbox 108 2751 249 2800; x_wconf 77' lang='lat' dir='ltr'>plures</span> <span class='ocrx_word' id='word_1_392' title='bbox 275 2766 349 2789; x_wconf 84' lang='lat' dir='ltr'>non</span> <span class='ocrx_word' id='word_1_393' title='bbox 359 2753 538 2800; x_wconf 80' lang='lat' dir='ltr'>fuerunt</span> <span class='ocrx_word' id='word_1_394' title='bbox 558 2755 701 2790; x_wconf 72' lang='lat' dir='ltr'>milites</span> <span class='ocrx_word' id='word_1_395' title='bbox 721 2754 800 2790; x_wconf 75' lang='lat' dir='ltr'>illis</span> <span class='ocrx_word' id='word_1_396' title='bbox 819 2755 954 2802; x_wconf 77' lang='lat' dir='ltr'>utique</span> <span class='ocrx_word' id='word_1_397' title='bbox 977 2751 1214 2803; x_wconf 79' lang='lat' dir='ltr'>temporibus</span> <span class='ocrx_word' id='word_1_398' title='bbox 1238 2763 1355 2799; x_wconf 79' lang='lat' dir='ltr'>quam</span> <span class='ocrx_word' id='word_1_399' title='bbox 1376 2759 1570 2786; x_wconf 78' lang='lat' dir='ltr'><strong><em>XXXVJH</em></strong></span> 
     </span>
    </p>
   </div>
   <div class='ocr_carea' id='block_1_3' title="bbox 115 2807 1568 2900">
    <p class='ocr_par' dir='ltr' id='par_1_7' title="bbox 115 2807 1568 2900">
     <span class='ocr_line' id='line_1_47' title="bbox 115 2807 1568 2859; baseline 0 -17"><span class='ocrx_word' id='word_1_400' title='bbox 115 2808 264 2854; x_wconf 70' lang='lat' dir='ltr'>vtzillia,</span> <span class='ocrx_word' id='word_1_401' title='bbox 292 2811 408 2859; x_wconf 81' lang='lat' dir='ltr'>idque</span> <span class='ocrx_word' id='word_1_402' title='bbox 436 2811 492 2848; x_wconf 80' lang='lat' dir='ltr'>ad</span> <span class='ocrx_word' id='word_1_403' title='bbox 521 2823 719 2847; x_wconf 76' lang='lat' dir='ltr'>summam.</span> <span class='ocrx_word' id='word_1_404' title='bbox 782 2809 834 2854; x_wconf 63' lang='lat' dir='ltr'>At</span> <span class='ocrx_word' id='word_1_405' title='bbox 862 2808 933 2845; x_wconf 79' lang='grc' dir='ltr'><strong><em>Ιιοσ</em></strong></span> <span class='ocrx_word' id='word_1_406' title='bbox 961 2807 1166 2845; x_wconf 75' lang='lat' dir='ltr'>Diodorus</span> <span class='ocrx_word' id='word_1_407' title='bbox 1183 2819 1259 2843; x_wconf 80' lang='lat' dir='ltr'>non</span> <span class='ocrx_word' id='word_1_408' title='bbox 1281 2807 1404 2842; x_wconf 81' lang='lat' dir='ltr'>dicit:</span> <span class='ocrx_word' id='word_1_409' title='bbox 1434 2818 1568 2843; x_wconf 80' lang='lat' dir='ltr'>verum</span> 
     </span>
     <span class='ocr_line' id='line_1_48' title="bbox 1181 2863 1281 2900; baseline -0.04 0"><span class='ocrx_word' id='word_1_410' title='bbox 1181 2863 1238 2900; x_wconf 66' lang='lat'>26</span> <span class='ocrx_word' id='word_1_411' title='bbox 1263 2864 1281 2880; x_wconf 71' lang='lat'>&#39;‘</span> 
     </span>
    </p>
   </div>
  </div>
 </body>
</html>
