1891 3310
383 177 453 221 IN
491 175 602 219 ΜΒ.
642 168 741 217 XV.
782 173 914 216 cAP.
947 175 1023 219 83.
1048 194 1097 206 ·-
1122 175 1196 216 86.
1457 177 1521 221 65

61 305 203 346 genere
222 292 277 331 10.
294 291 400 330 Frid.
412 291 586 332 Gronov.
607 289 695 328 Pee.
709 290 794 329 vet.
814 288 856 328 L.
878 289 928 329 11.
940 288 986 329 4.
1016 285 1068 329 Τ.
1081 285 1281 336 Wopkens
1293 286 1399 326 Lect.
1420 287 1519 329 Tul-

61 352 156 389 lian.
181 349 221 387 L.
243 349 289 387 ll.
317 351 356 389 7.
379 356 417 386 et
435 351 500 398 qui
523 349 570 386 ab
590 362 635 386 eo
656 347 815 385 excitati
834 353 926 384 sunt
946 357 1086 396 magno
1109 357 1281 384 numero.
1320 344 1455 386 wass.

175 407 249 447 69.
278 407 353 446 41.
390 405 475 445 Καὶ
498 402 696 455 Ἀχαιοὶ]
744 403 917 454 Intelligi
945 407 1104 450 possent
1130 412 1179 438 ex
1198 399 1422 439 Thessaliae
1452 405 1513 441 vi-

60 464 164 500 cinia
180 460 350 512 Ἀχαιοὶ
376 463 569 501 Φθιῶται
592 460 862 498 Thebanorum
884 460 1011 497 amici.
1036 459 1136 502 Quia
1157 464 1283 494 tamen
1307 465 1393 506 post
1412 471 1512 506 pau-

58 533 104 557 ca
123 519 277 556 Achaei
300 519 455 556 illorum
484 525 575 555 sunt
603 519 642 555 in
665 519 863 568 catalogo,
893 519 957 565 qui
979 514 1289 553 Mantinensibus
1312 517 1509 553 coniuncti

57 574 331 613 Thebanorum
349 577 466 612 armis
489 588 557 624 pro
581 573 838 623 Peloponnesi
861 574 1038 610 libertate
1060 585 1143 608 sese
1165 571 1410 619 obiecerunt,
1438 584 1507 609 su-

55 634 183 682 spicor
204 634 347 668 iniuste
369 645 433 670 eos
461 631 558 668 hanc
589 631 715 668 sedem
739 643 966 680 occupasse,
993 629 1253 678 scriptumque
1272 629 1313 665 in
1336 630 1509 678 superio-

52 689 160 726 ribus
182 689 301 725 fuisse
312 689 594 728 Μαντινεῦσιν
614 684 824 739 ἐβοήθουν
843 685 992 725 Ἠλεῖοι
1013 684 1081 725 καὶ
1097 682 1268 735 Ἀχαιοὶ
1288 683 1357 723 καὶ
1376 684 1508 732 Λακ.,

54 745 170 794 idque
188 743 282 781 mihi
302 752 412 782 tanto
432 745 588 783 videtur
606 744 854 793 probabilius,
883 742 985 792 quod
1009 740 1181 780 eumdem
1211 743 1336 779 locum
1361 743 1506 790 optime

54 809 142 850 post
171 814 292 851 pauca
321 808 527 849 tueantur,
563 808 676 850 atque
707 812 756 837 ex
775 799 1034 850 Xenophonte
1057 797 1315 846 liquidissimo
1339 805 1504 845 constet,

54 858 238 896 Achaeos
270 857 526 906 Peloponnesi
557 859 705 896 incolas
742 856 815 894 hoc
845 857 988 906 praelio
1011 862 1147 892 contra
1178 853 1386 892 Thebanos
1415 867 1502 894 cum

51 913 362 952 Mantinensibus
384 918 549 953 stetisse.
584 914 684 952 Eum
703 914 767 952 adi
786 913 828 950 L.
849 912 932 950 VII.
956 925 991 961 p.
1015 913 1120 953 502.
1149 910 1289 948 Wnss.

162 973 235 1012 69.
259 971 332 1012 48.
371 969 509 1024 Οἱμέν
523 971 751 1017 Μαντινεῖς
771 965 1118 1024 σφαγιασάμενοι]
1154 965 1302 1005 Redeat
1319 961 1501 1018 μάντεις.

48 1025 187 1066 ΒΗΟΙ).
233 1025 283 1066 Οἱ
311 1026 386 1067 ιιέν
413 1024 582 1079 μάντεις
618 1022 974 1082 σφαγιασάμενοι]
1029 1024 1081 1062 Ut
1112 1025 1335 1072 turpissima
1362 1024 1503 1063 menda

48 1085 354 1132 continuaretur,
374 1098 452 1122 non
473 1086 654 1122 sustinui.
683 1080 871 1129 ΖΠάντεις
891 1087 1113 1120 correxerat
1133 1093 1283 1130 quoque
1304 1079 1501 1118 IlLScali·

47 1154 118 1193 ger
136 1143 176 1178 in
197 1142 286 1179 libri
308 1144 367 1180 sui
388 1155 467 1181 ora.
509 1141 636 1192 Supra
655 1141 696 1178 L.
717 1139 827 1177 XIII.
846 1140 920 1181 97.
946 1138 1091 1191 καίπερ
1111 1135 1364 1191 ἀμφοτέροις
1392 1134 1502 1177 ἀπα-

45 1193 302 1252 γορευόντων
322 1201 405 1238 τῶν
428 1193 628 1250 μάντεων.
659 1197 797 1237 ἶνΕεε,

161 1255 236 1295 69.
278 1257 352 1295 60.
397 1254 483 1295 Καὶ
514 1252 725 1307 Μαλιεῖς]
765 1253 892 1303 Supra
919 1250 964 1291 L.
994 1250 1087 1289 XII.
1117 1251 1191 1292 77.
1226 1249 1430 1302 Μηλιεῖς,
1460 1256 1499 1287 et

45 1309 136 1348 XV.
159 1312 232 1350 57.
260 1311 312 1348 At
340 1312 522 1358 ΖΙἸαλιεΐς
539 1317 747 1349 recurrunt
766 1310 808 1347 L.
827 1308 935 1347 XVI.
964 1310 1034 1350 15.
1062 1314 1101 1345 et
1119 1307 1162 1344 L.
1176 1306 1303 1346 XVII.
1323 1307 1396 1346 75.
1427 1305 1497 1343 Al-

44 1374 168 1404 terum
181 1367 313 1405 Ionum
327 1376 396 1415 est,
418 1367 565 1406 Dorum
584 1370 760 1415 alterum,
781 1367 846 1404 sed
863 1368 1005 1404 tritius,
1038 1365 1134 1403 Vide
1149 1364 1496 1415 diligentissimum

46 1422 299 1474 Sylburgium
319 1427 359 1462 in
381 1425 546 1464 Pausan.
567 1425 609 1462 L.
632 1424 686 1462 X.
710 1428 750 1466 8.
777 1423 913 1461 'SVESQ

160 1481 261 1519 Ibid.
290 1481 512 1532 Αἰνιᾶνες]
541 1481 757 1528 Λίνειᾶνες
777 1479 880 1519 Clar.
907 1491 1039 1528 prave.
1075 1477 1163 1516 vid.
1183 1476 1231 1514 ad
1250 1475 1294 1513 L.
1313 1474 1405 1514 XII.
1421 1477 1497 1516 77.

43 1541 82 1572 et
102 1534 237 1574 Davis.
259 1539 300 1574 in
320 1537 478 1576 Maxim.
501 1537 596 1589 Tyr.
619 1537 723 1576 Diss.
742 1536 932 1576 XXVIII.
952 1549 987 1587 p.
1012 1536 1118 1576 604.
1150 1534 1285 1571 WEss.

156 1595 229 1634 69.
250 1595 322 1634 74.
357 1596 427 1649 Τῷ
449 1594 494 1634 δὲ
516 1591 668 1647 πλήθει
688 1594 756 1633 καὶ
776 1596 826 1648 τῇ
850 1594 1092 1646 παρασκευῇ
1115 1593 1200 1631 τῶν
1222 1588 1374 1643 φίλων]
1394 1587 1497 1626 Vera

40 1647 155 1686 lectio
176 1657 235 1687 est
252 1653 336 1689 τῶν
356 1648 508 1691 ὅπλων.
535 1651 672 1688 RHOD.
701 1650 971 1689 coniecturam
994 1663 1101 1686 suam
1125 1646 1312 1686 vertendo
1338 1644 1497 1682 Rhodo-

40 1717 203 1743 mannus
227 1711 437 1756 expressit:
471 1708 565 1746 mihi
586 1723 629 1746 ea
653 1722 732 1745 non
755 1707 963 1745 blanditur.
1003 1704 1198 1754 Scriptum
1221 1704 1297 1740 fuit
1316 1704 1399 1741 τῶν
1416 1711 1496 1752 ψι-

38 1761 136 1800 mv.
187 1762 364 1801 Firmant
391 1777 486 1813 quae
512 1772 747 1814 sequuntur:
787 1760 905 1802 αὐτοὶ
932 1760 1008 1812 μὲν
1040 1759 1204 1813 ὀλίγους
1234 1755 1342 1809 εἶχον
1369 1755 1496 1796 ἀκον-

38 1815 194 1865 τιστὰς,
224 1818 263 1858 οἱ
285 1820 328 1859 δὲ
353 1820 532 1871 Θηβαῖοι
554 1818 821 1873 τριπλασίους
842 1813 1126 1872 σᾳενὸονήτας
1146 1814 1213 1855 καὶ
1236 1809 1493 1860 ἀκοντιστάς.

41 1873 331 1923 Superabantur
352 1890 443 1927 ergo
472 1883 510 1913 et
529 1877 781 1914 multitudine
804 1883 841 1913 et
860 1875 1044 1925 adparatu
1066 1874 1230 1911 militum
1251 1873 1349 1909 levis
1369 1883 1495 1908 arma-

42 1935 160 1967 turae.
189 1930 324 1969 Simile
347 1940 546 1983 peccatum
566 1933 740 1971 foedavit
760 1932 851 1970 haec
872 1931 1010 1982 Lysiae
1031 1930 1099 1968 Or.
1121 1932 1163 1967 in
1186 1926 1374 1966 Alcibiad.
1395 1941 1428 1966 c.
1451 1926 1494 1966 3.

41 1983 79 2024 οἱ
113 1985 156 2024 δὲ
186 1989 298 2040 φίλοι
328 1985 646 2043 ἐστρατεύοντο,
680 1987 718 2029 οἱ
750 1987 792 2027 ‹5’
830 1987 872 2027 ἐν
903 1992 991 2034 τοῖς
1017 1984 1204 2026 ἱππεῦσιν
1228 1979 1495 2023 ἐκινδύνευον.

40 2041 185 2080 Iustum
209 2047 311 2082 enim
336 2054 394 2082 est
412 2046 541 2097 ψιλοί.
572 2047 668 2084 Vide
689 2046 742 2083 ibi
764 2045 1026 2083 doctissimum
1048 2041 1332 2081 Marklandum.
1358 2041 1495 2078 WVESs.

154 2101 226 2141 70.
256 2103 327 2142 83.
355 2100 726 2154 Καταπονούμενοι
743 2097 790 2141 ’δ’
813 2097 893 2140 ’ὑπὸ
917 2103 1001 2140 τῶν
1023 2094 1374 2151 ἀνθεστηκότων]
1407 2096 1495 2134 Hoc

41 2155 215 2202 equidem
239 2171 317 2195 non
337 2172 517 2207 movero,
547 2162 703 2197 tametsi
723 2160 857 2208 scripti
876 2157 995 2194 Codd.
1026 2156 1133 2194 aliud
1159 2169 1280 2205 paene
1308 2161 1494 2204 expostu-

37 2209 132 2247 lent.
170 2213 315 2252 Auctor
335 2223 466 2253 tuetur
486 2230 619 2263 suum,
655 2229 773 2265 quum
799 2223 885 2265 post
905 2227 1026 2263 pauca
1053 2213 1121 2253 καὶ
1144 2215 1227 2252 τῶν
1255 2208 1494 2262 Ἀθηναίων

38 2269 411 2329 εἵαταποιότμὲνων
433 2273 501 2312 καὶ
519 2271 624 2327 πρὸς
645 2270 780 2326 φυγὴν
800 2267 1089 2324 ὁρμησάντων.
1118 2269 1163 2307 In
1181 2281 1286 2307 more
1299 2274 1497 2317 praeterea

36 2322 205 2363 librariis
235 2335 294 2364 est
330 2328 719 2380 καταπονουμένους
749 2336 787 2366 et
819 2324 1259 2377 καταπολεμουμένους
1289 2324 1496 2374 permisce-

36 2390 98 2471 ξεῖνε
126 2383 234 2420 cuius
255 2386 497 2424 confusionis
527 2388 743 2438 exemplum
774 2384 976 2423 habuimus
1006 2385 1161 2435 insigne
1181 2382 1225 2421 L.
1247 2381 1356 2419 XIV.
1392 2379 1494 2421 103·

90 2445 170 2473 εδδ.

65 2544 73 2552 .
151 2495 223 2534 70.
245 2496 320 2536 97.
352 2497 438 2537 Καὶ
461 2495 641 2545 πολλοὺς
661 2500 744 2537 τῶν
768 2498 965 2537 Βοιωτῶν
986 2491 1262 2545 καταλαβὼν]
1292 2492 1366 2530 Per
1386 2493 1496 2529 incu-

40 2555 135 2580 l'lfflll
149 2552 329 2589 vitiatum
349 2561 409 2590 est
429 2568 478 2593 ex
499 2551 762 2605 καταβαλών.
779 2553 916 2591 Ruon.
943 2549 1227 2603 Καταβαλών]
1249 2551 1370 2587 Verus
1386 2555 1494 2585 vatess

42 2599 340 2647 Rl¹⁰d⁰¹¹¹¹'²¹·¹1us
371 2611 457 2648 fuit.
491 2611 677 2649 Eiusdem
711 2612 911 2649 socordiae
941 2611 1135 2659 specimen
1166 2614 1293 2645 exstat
1317 2605 1358 2642 L.
1380 2603 1492 2642 XVI.

42 2657 117 2696 49·
149 2656 207 2694 De
228 2659 346 2696 Verbo
365 2676 407 2700 ut
427 2667 564 2714 dicam,
586 2681 742 2705 necesse
763 2680 843 2705 non
864 2674 933 2704 est.
968 2665 1165 2702 conduxit
1182 2665 1311 2712 aliqua
1321 2660 1495 2700 Gebhar-

43 2713 114 2751 dus
135 2713 183 2749 ad
209 2712 429 2753 Cornelium
450 2717 584 2768 Nepnt.
608 2723 799 2774 Thrasyb.
830 2737 863 2761 c.
888 2724 925 2763 3.
968 2722 1103 2759 W'ESS.

154 2771 227 2810 70.
268 2774 336 2812 11.
387 2771 596 2814 Οὐδέποτε
626 2777 704 2829 γὰρ
728 2775 935 2830 Ἑλλήνων
971 2776 1075 2829 πρὸς
1102 2772 1210 2814 ‘Em
1253 2768 1496 2826 ἀγωνιζομέ-

39 2839 124 2917 νωῖἵ
151 2827 255 2921 etei}
312 2829 509 2869 videndus
548 2838 608 2869 est
645 2832 868 2884 Xenophon
904 2835 947 2872 L.
986 2834 1068 2872 Vll.
1113 2832 1266 2870 Hellen.
1307 2843 1345 2881 p.
1376 2830 1496 2875 506„

129 2893 188 2920 01..
260 2913 268 2920 .
1192 2889 1217 2928 5
