1859 3326
270 177 361 221 104
739 179 1261 233 ANNorArmNes

272 304 358 329 vom
378 304 506 343 regna
525 294 702 346 ceperit5
727 301 842 345 atquo
861 307 910 333 ex
938 307 983 334 eo
1002 295 1155 337 Plinius
1174 295 1221 335 V.
1241 296 1316 338 31
1353 294 1467 341 Quod
1485 296 1618 338 statim
1640 308 1731 334 suc-

272 349 374 386 cedit
400 347 453 387 τὰ
477 352 794 402 προσκυροῦντα
824 365 892 401 per
918 352 1073 401 quidem
1093 365 1228 392 rarum
1247 359 1316 391 est.
1352 352 1462 393 Alias
1493 349 1548 394 τὰ
1568 366 1730 407 προσο-

272 404 436 458 ριζοντα
462 405 587 442 dicere
607 407 796 446 adsuevit.
825 407 965 445 W'Ess.

389 462 494 501 114
525 463 598 501 19.
623 457 806 515 ιΥπῆρχε
825 461 1050 517 τεταγμένα
1070 461 1198 516 μικρὰ
1222 461 1489 516 ποὶίσματα]
1519 460 1732 519 ςΥπῆρχον

272 515 390 554 Basil.
411 516 497 554 Vat.
519 516 614 568 ch.
635 521 679 558 2.
713 533 792 557 non
812 522 923 557 male.
959 520 1049 557 Vid.
1070 521 1118 557 ad
1140 520 1183 557 L.
1203 520 1249 558 V
1273 524 1314 562 8.
1346 521 1483 560 lVEss.

393 574 494 614 114.
521 576 597 614 27.
627 573 748 628 ῙΙρος
770 573 843 615 τὸν
860 574 1034 629 Ἱδριέα]
1067 576 1164 613 Esse
1183 574 1572 631 16ς611ᾶωιιΗΙὸριεα,
1598 584 1642 615 ut
1662 589 1732 626 po-

277 631 338 666 sui
358 631 399 666 in
421 637 634 678 contextu,
658 644 738 669 non
768 630 945 685 Γαριέα,
974 629 1246 685 ῃεοἈρσιέα,
1275 645 1368 682 quas
1399 633 1573 672 diuersas
1591 635 1734 673 lectio-

275 697 346 722 nes
365 689 406 723 in
428 688 601 737 margine
633 688 841 737 adnotavi,
868 701 916 726 ex
938 689 1106 726 Arriano
1124 690 1277 739 probari
1304 696 1451 741 potest,
1483 692 1593 728 cuius
1614 691 1735 729 verba

276 749 367 779 sunt
400 743 441 779 I
473 743 502 780 l
510 716 608 783 ⁰-24
651 759 726 796 της
758 743 802 783 ὁὲ
838 745 1004 812 Καρίας
1036 741 1256 798 ξυμπάσης
1287 741 1556 799 σατραπεύειν
1597 742 1736 795 ἔταξεν

267 797 417 845 Αὸαι,
448 801 519 837 32
510 797 661 866 ζατίρα
688 799 765 851 μὲν
793 795 1069 869 Ἑκατόμνω,
1089 806 1264 855 γυναῖκα
1295 801 1339 841 δὲ
1362 800 1557 870 Ἰδριέως·
1590 799 1636 849 ὃς
1664 802 1734 842 καὶ

274 850 460 921 ιῖὁεὶᾳός
483 854 587 908 ω’τῆ
610 852 692 904 ὠν,
717 854 823 896 κατὰ
853 853 983 909 ιόμον
1010 859 1095 897 τῶν
1116 858 1274 926 Καρῶν
1306 854 1486 914 ξυνωκω.
1508 857 1577 898 καὶ
1608 854 1629 898 ὅ
1659 856 1736 911 μὲν

274 906 450 962 Τὸριεις
470 912 670 951 τελεῑτῶν
699 909 831 967 ταύτῃ
865 912 1060 966 ἐπέτρεψε
1089 911 1142 953 τὰ
1171 928 1417 967 πραγματα,
1445 914 1738 966 νενομισμένον

279 973 353 1003 ete.
395 966 589 1004 Diodorus
616 975 743 1006 autem
775 982 808 1018 p.
830 971 934 1010 546.
965 972 1127 1018 loquens
1158 971 1204 1007 de
1232 971 1388 1018 eodem,
1414 972 1546 1008 eadem
1579 972 1734 1009 scribit·

278 1021 372 1059 haec
401 1024 609 1070 videlicet,
647 1023 753 1064 κατὰ
783 1025 827 1065 δὲ
857 1023 933 1077 τὴν
958 1026 1122 1092 Καρίαν
1156 1023 1331 1079 ’Ῑὸριευς
1361 1023 1381 1067 ὃ
1418 1023 1624 1079 δυνάστης
1654 1029 1739 1067 τῶν

277 1079 436 1129 Kapan
460 1078 519 1118 ἒτε
523 1081 561 1118 7
550 1095 730 1131 ειτησεν,
763 1079 890 1134 αρξας
914 1079 983 1134 ε’τη
1006 1079 1121 1121 mni·
1151 1081 1227 1134 τὴν
1249 1082 1293 1122 ὸε
1314 1080 1445 1136 ἀρχὴν
1466 1082 1736 1137 διαδεξαμένη

280 1131 391 1173 Ἀὸα
422 1130 446 1187 ἡ
480 1133 640 1189 ἀὸεὶᾳὴ
683 1137 751 1176 καὶ
782 1153 881 1190 μνη
918 1134 1256 1178 εὸυνάστευσεν
1243 1139 1311 1190 ε’τη
1339 1138 1537 1192 τέσσαρα.
1580 1139 1736 1177 STEPH-

280 1189 393 1241 Cospi
415 1192 658 1230 membranae
687 1207 820 1231 verum
852 1194 1037 1245 dynastae
1057 1208 1198 1233 nomen
1223 1197 1498 1245 praetulerunt.
1539 1194 1741 1233 Successit

279 1248 315 1284 is
335 1249 558 1286 Artemisiae
582 1252 708 1287 sorori
727 1249 799 1287 hoc
819 1253 903 1298 ipso
926 1265 1049 1296 anno,
1079 1252 1138 1288 uti
1159 1265 1191 1288 6.
1205 1253 1280 1291 45.
1300 1252 1493 1301 proditum
1511 1252 1558 1289 ab
1579 1259 1737 1290 auctore

279 1311 359 1351 est,
386 1305 616 1354 valebatque
646 1313 799 1356 praeter
831 1314 978 1345 ceteros
999 1308 1134 1356 opibus
1154 1314 1193 1343 et
1211 1308 1417 1356 adparatu,
1448 1320 1520 1344 nec
1537 1307 1656 1345 fidum
1678 1314 1738 1345 ta‘-

277 1373 366 1397 men
386 1359 525 1398 Persae
545 1363 652 1408 fore,
684 1364 762 1400 nisi
785 1365 914 1414 segnis
938 1372 975 1400 et
992 1377 1120 1400 rerum
1145 1377 1301 1401 suarum
1324 1366 1484 1415 ignarus
1502 1365 1644 1414 fuerit,
1671 1377 1737 1402 su·-

278 1418 501 1465 spicabatur
520 1418 709 1455 Isocrates
730 1418 796 1455 Or.
818 1420 866 1457 ad
888 1419 1056 1470 Philipp.
1085 1434 1120 1470 p.
1145 1421 1249 1460 149.
1279 1420 1420 1458 wass.

396 1474 498 1514 114.
531 1475 605 1514 34.
650 1474 856 1515 Φωκίωνα
883 1473 957 1515 τὸν
977 1474 1123 1527 Ἀθην.
1154 1476 1221 1515 καὶ
1248 1473 1496 1530 Εὐαγόραν]
1538 1475 1641 1515 Cave
1662 1475 1738 1515 hoc

277 1532 444 1578 accipias
472 1531 518 1567 de
546 1530 748 1582 Euagora,
777 1532 824 1569 de
852 1545 927 1582 quo
958 1532 1146 1569 Isocrates
1166 1535 1379 1570 orationem
1407 1535 1583 1583 scripsit:
1622 1545 1738 1581 supra

279 1588 380 1623 enim
401 1599 437 1635 p.
453 1588 560 1627 482.
581 1585 784 1640 (Lib.XV.
804 1603 836 1626 c.
854 1586 955 1641 47.)
982 1592 1157 1626 narravit
1178 1591 1258 1626 eius
1279 1596 1451 1627 mortem.
1478 1589 1553 1626 Hic
1566 1590 1642 1626 fuit
1654 1591 1736 1627 eius

277 1641 404 1690 filius,
434 1646 499 1692 qui
517 1645 638 1680 fratre
660 1644 873 1696 Protagora
901 1647 1010 1695 pulso
1040 1647 1242 1696 regnavit,
1271 1653 1309 1682 et
1330 1659 1352 1682 a
1371 1645 1501 1683 Persis
1525 1646 1740 1696 Protagora

277 1701 473 1747 restituto,
494 1703 699 1749 satrapiam
725 1702 767 1737 in
799 1702 892 1738 Asia
911 1704 1068 1751 accepit.
1100 1701 1177 1738 Sed
1201 1702 1307 1739 aliud
1327 1708 1398 1748 est,
1423 1702 1523 1752 quod
1543 1715 1603 1738 me
1623 1704 1739 1740 torsit

277 1756 319 1790 in
341 1753 413 1793 hoc
433 1758 530 1795 loco.
563 1756 663 1793 Nam
677 1756 850 1794 Diodoro
860 1757 1089 1795 Plutarchus
1107 1770 1187 1794 non
1210 1758 1432 1805 concordat,
1453 1759 1519 1806 qui
1539 1770 1586 1794 ex
1598 1771 1740 1807 propo-

278 1814 354 1847 sito
373 1814 492 1849 vitam
505 1812 713 1850 Phocionis
734 1816 899 1861 scripsit,
927 1813 1118 1864 quomodo
1138 1815 1261 1850 tacuit
1282 1814 1327 1850 (16
1347 1815 1414 1851 illo
1435 1814 1576 1850 celebri
1597 1814 1739 1851 ducatu

278 1873 317 1903 et
339 1868 384 1904 de
405 1882 448 1905 ea
462 1868 680 1907 salaminae
696 1868 923 1907 obsidione?
955 1870 998 1907 ld
1020 1876 1123 1906 certe
1142 1869 1237 1906 mihi
1254 1873 1394 1907 mirum
1413 1870 1630 1908 videbatur.
1659 1868 1740 1908 Sed

280 1925 473 1962 curiosius
508 1927 677 1974 perlecta
708 1925 916 1963 Phocionis
955 1928 1038 1965 vita
1072 1926 1172 1975 apud
1201 1925 1448 1964 Plutarchum
1484 1925 1743 1964 animadverti

280 1992 365 2016 eum
385 1990 580 2019 auctorem
600 1982 807 2019 Phocionis
824 1996 951 2019 mores
977 1988 1127 2020 tantum
1149 1985 1361 2031 exprimere
1382 1984 1576 2029 voluisse,
1601 1981 1668 2019 sed
1692 1981 1739 2019 de

282 2038 364 2073 eius
386 2038 500 2074 rebus
520 2041 641 2089 gestis
662 2041 791 2075 ieiune
811 2039 1015 2076 admodum
1038 2046 1076 2075 et
1096 2041 1227 2075 stricte
1252 2039 1490 2076 disseruisse.
1530 2038 1631 2076 Nam
1652 2051 1741 2077 cum

283 2091 386 2129 dicat
407 2093 453 2129 (le
473 2107 529 2140 eo,
564 2091 625 2133 ὅτι
652 2093 769 2133 πέντε·
789 2095 857 2134 καὶ
877 2090 1187 2148 τεσσαράκοντα
1210 2093 1461 2147 στρατηγίας
1481 2090 1647 2143 ἔλαβεν,
1670 2095 1741 2132 vix

282 2148 329 2185 de
355 2162 432 2186 una
452 2158 519 2187 aut
537 2152 660 2187 altera
680 2154 915 2188 mentionem
942 2152 1060 2199 facit,
1087 2158 1126 2187 et
1146 2164 1232 2187 cum
1254 2152 1403 2188 curiose
1425 2151 1509 2187 eius
1541 2150 1644 2187 dicta
1668 2151 1742 2187 ali-

281 2205 375 2255 quid
403 2209 591 2243 acuminis
621 2205 800 2244 habentia
825 2209 1045 2255 notaverit,
1088 2206 1134 2243 de
1167 2209 1249 2243 eius
1283 2206 1593 2256 expeditionibus
1623 2212 1739 2244 tacet.

279 2260 385 2312 Ergo
416 2275 494 2299 non
520 2269 649 2311 potest
674 2264 825 2300 absolvi
855 2262 1107 2310 Plutarchus,
1144 2265 1236 2311 quin
1265 2264 1401 2312 supine
1432 2270 1471 2300 et
1499 2264 1743 2314 negligenter

269 2320 364 2355 'eius
398 2321 473 2356 viri
506 2321 628 2356 vitam
659 2321 878 2368 scripserit,
917 2333 988 2356 nec
1015 2326 1075 2356 est
1104 2319 1355 2356 dubitandum
1383 2319 1430 2354 de
1456 2319 1532 2356 fide
1562 2317 1742 2366 Diodori,

282 2376 375 2423 quin
396 2388 479 2412 eum
505 2377 630 2424 ipsum
647 2374 904 2423 Phocionem,
931 2376 977 2412 de
999 2387 1074 2424 quo
1096 2374 1328 2412 Plutarchus
1357 2375 1534 2425 scripsit,
1566 2381 1742 2425 putemus

279 2431 401 2468 fuisse
432 2434 472 2467 in
500 2431 699 2469 obsidione
729 2430 949 2469 Salaminae
978 2432 1112 2469 ducem
1140 2431 1456 2478 Atheniensium,
1497 2432 1563 2480 qui
1580 2430 1743 2482 Euago-

281 2499 347 2522 rae
367 2487 665 2524 auxiliabantur.
695 2488 828 2527 PALM.
861 2488 1118 2524 Offenderunt
1136 2488 1183 2525 ad
1207 2486 1442 2525 Phocionem
1462 2493 1500 2524 et
1519 2486 1741 2537 Evagoram

282 2541 398 2590 hunc,
431 2545 505 2579 etsi
526 2545 635 2580 nulla
655 2557 802 2591 caussa,
830 2545 909 2581 viri
930 2544 1047 2580 docti.
1075 2543 1285 2581 Lambinus
1306 2556 1415 2581 eraso
1437 2543 1626 2590 Phocioni
1639 2540 1740 2579 Cha-

284 2598 405 2636 briam
427 2600 708 2645 substituebat,
736 2612 847 2647 quem
872 2607 1016 2637 certum
1040 2605 1119 2647 est,
1143 2612 1333 2648 nusquam
1350 2599 1423 2636 hoc
1443 2606 1614 2647 tempore
1638 2600 1741 2635 inter

282 2658 396 2693 vivos
416 2657 535 2693 fuisse
549 2684 561 2703 ,
588 2658 799 2704 meritoque
819 2656 913 2692 adeo
942 2658 1155 2693 censoriam
1176 2655 1283 2692 Bosii
1301 2662 1432 2693 notam
1452 2656 1667 2693 conmeruit
1689 2655 1739 2691 ad

283 2711 397 2748 Corn.
431 2711 569 2761 Nepot.
591 2710 710 2751 Chab.
743 2725 775 2748 c.
797 2713 840 2751 2.
880 2711 1023 2748 Wolfio
1045 2713 1085 2748 in
1113 2719 1279 2748 mentem
1308 2718 1490 2758 venerat,
1518 2710 1739 2760 Evagoram

282 2781 367 2804 eum
389 2769 514 2816 ipsum
535 2781 641 2815 esse,
668 2768 736 2816 qui
754 2768 970 2803 Artaxerxe
998 2766 1205 2804 Mnemone
1237 2766 1355 2816 Cypri
1374 2768 1654 2815 possessionem
1677 2779 1741 2803 ca-

280 2826 467 2872 pessivit,
490 2826 677 2874 cuiusque
698 2826 818 2862 vitam
840 2823 1029 2861 Isocrates
1046 2824 1216 2876 eleganti
1235 2824 1499 2860 conmentario
1517 2822 1740 2861 delineavit».
