1859 3326
291 209 517 245 LXXXVIII
924 215 960 248 H
973 216 1003 248 E
1013 215 1048 247 Y
1058 215 1092 247 N
1102 216 1136 248 E

293 318 386 353 quos
404 321 444 345 se
456 311 543 358 [78]
555 314 644 347 ante
664 314 792 348 oculos
810 312 953 348 habere
971 314 1037 356 ait,
1054 315 1253 348 memorat.
1272 312 1332 347 Ita
1343 316 1390 357 (c.
1403 314 1481 360 20.)
1499 314 1548 350 de
1563 315 1734 352 discessu

296 375 317 399 e
339 368 418 401 vita
444 368 704 406 Semiramidis
739 373 871 405 contra
902 371 1069 404 Ctesiam
1094 370 1318 405 Athenaeum
1341 372 1473 406 laudat
1497 379 1530 407 et
1560 373 1668 407 aliast
1693 376 1734 408 in

294 424 429 466 quibus
453 425 553 463 forte
580 427 705 462 Dinon
729 428 810 470 fuit,
836 438 922 460 nam
946 433 985 461 et
1006 430 1038 461 is
1065 429 1125 471 iis,
1148 439 1243 473 quae
1268 429 1320 462 ibi
1346 434 1573 472 narrantur,¹
1596 431 1737 464 similia

293 482 527 528 tradiderat,
558 489 631 521 etsi
660 497 735 519 non
767 486 892 518 minus
925 484 1119 528 fabulosa,
1154 496 1266 531 quam
1299 496 1395 531 quae
1422 496 1446 519 a
1471 487 1738 522 Ctesiaerant

292 542 505 585 perscripta
528 549 559 576 ¹.
605 544 729 577 Fuere
765 543 880 576 etiam
913 543 977 575 alii
1011 553 1138 576 rerum
1168 544 1453 588 Assyriacarum
1477 545 1682 588 scriptores
1701 549 1738 575 2.

295 596 435 631 Verum
462 610 614 642 corum,
647 610 743 643 quae
780 608 803 632 a
828 599 997 633 Diodoro
1020 601 1161 634 tradita
1184 605 1293 642 sunt,
1326 611 1493 642 summa,
1512 602 1560 636 ad
1586 602 1736 635 Ctesiae

295 651 410 688 fidem
441 658 568 691 redire
595 658 757 691 videtur.
801 656 880 689 Iam
917 657 1114 690 subtiliore
1146 658 1313 692 virorum
1334 658 1530 692 doctorum
1553 659 1692 692 iudicio
1715 663 1734 688 3

295 712 389 744 satis
410 712 614 757 diligenter
630 724 675 747 ea
695 714 783 758 [79]
802 724 886 747 eum
903 715 943 746 in
965 713 1117 747 modum
1140 717 1345 749 constituta
1369 720 1440 758 est,
1464 719 1516 758 ut,
1543 716 1614 749 etsi
1633 715 1739 749 fabu-

295 767 378 802 lose
411 771 550 812 multa,
583 771 764 804 nonnulla
798 770 898 804 forte
931 771 970 803 in
1003 772 1125 804 maius
1147 776 1258 805 aucta
1283 783 1393 817 quam
1418 774 1500 817 ipse
1525 777 1739 818 acceperat,

294 825 334 857 in
358 826 524 870 physicis
548 829 739 871 inprimis,
775 830 814 861 et
846 829 885 860 in
919 827 1077 870 Indicis,
1111 828 1264 862 tradere
1289 831 1477 873 potuerit,
1511 840 1585 863 non
1609 836 1740 864 tamen

296 885 554 917 commentitia
591 895 745 928 prorsus
779 887 1134 919 commemoravisse
1166 885 1287 919 videri
1315 887 1463 924 debeat.
1510 886 1663 922 Scilicet
1686 887 1741 922 fe·

293 940 494 983 rebantur,
534 947 575 975 ut
598 942 697 986 apud
723 947 871 975 ceteras
898 946 1054 986 gentes,
1078 944 1133 976 sic
1158 944 1258 977 inter
1287 944 1445 987 populos
1471 947 1629 979 orientis
1655 956 1741 980 nar-

294 998 464 1030 rationes
491 998 647 1033 heroum
671 1003 843 1033 veterum
869 999 1058 1043 mythicae
1082 1001 1199 1033 variis
1225 1001 1344 1034 modis
1371 1006 1594 1036 exornatae:
1618 1003 1657 1036 in
1680 1001 1741 1036 his

293 1055 447 1088 nomina
471 1057 594 1098 clara,
628 1067 724 1101 quae
759 1067 828 1101 per
860 1057 1019 1100 Ninum,
1054 1057 1341 1091 Semiramidem
1369 1062 1408 1091 et
1441 1059 1496 1091 sic
1518 1069 1630 1102 porro
1652 1060 1752 1093 red--

297 1110 376 1143 dita
409 1116 513 1145 sunt:
552 1114 599 1148 de
634 1113 693 1148 his
726 1115 759 1148 si
784 1117 1094 1151 commemoravit
1119 1115 1251 1149 auditu
1286 1119 1325 1149 et
1347 1115 1451 1149 lectu
1475 1120 1632 1162 accepta
1657 1118 1741 1152 Cte-

299 1249 327 1267 c.
345 1238 390 1272 55
409 1246 505 1275 extr„
532 1239 575 1271 de
601 1239 818 1283 Aethiopum
843 1240 1020 1283 sepultura
1045 1238 1207 1272 adversus
1230 1237 1471 1281 Herodotum3
1497 1247 1530 1271 et
1553 1252 1582 1274 c.
1599 1242 1657 1276 ΞΟ.
1676 1241 1741 1274 sub

296 1284 404 1313 finem
430 1296 571 1325 eorum,
598 1298 684 1328 quae
709 1287 752 1318 de
775 1286 1011 1318 Semiramide
1033 1293 1247 1318 narraverat:
1270 1287 1431 1326 Isrvjolac
1457 1287 1521 1330 μὲν
1538 1282 1596 1319 οὗν
1619 1285 1637 1319 ὅ
1659 1287 1745 1320 Κνί-

298 1328 372 1364 διος
405 1330 481 1374 περὶ
512 1332 747 1376 ὲὲτμιριζιιιόος
778 1330 920 1364 τοιαῦθ’
954 1330 1140 1376 ἱστόρηκεν.
1189 1344 1220 1364 c.
1245 1334 1289 1366 21
1312 1333 1371 1362 fin.
1406 1332 1449 1363 de
1474 1332 1574 1363 annis
1599 1333 1744 1376 imperii

297 1375 536 1418 Assyriorum.
582 1379 750 1421 Inprimis
782 1390 863 1410 vero
896 1381 997 1415 c-32.
1032 1385 1112 1422 post
1136 1389 1200 1417 ea,
1234 1388 1321 1419 quae
1346 1377 1390 1408 de
1423 1377 1609 1410 Medorum
1633 1391 1743 1421 reguo

301 1431 343 1450 ex
367 1422 548 1453 Herodoto
575 1425 749 1463 attulerat,
777 1423 820 1455 de
839 1424 952 1455 Ctesia
968 1423 1057 1465 agit,
1082 1424 1143 1464 qui
1160 1423 1258 1454 XVII
1282 1422 1382 1454 annis
1407 1423 1500 1465 apud
1519 1426 1744 1457 Artaxerxem

297 1466 530 1499 Mnemouem
555 1470 772 1501 medicinam
794 1478 1007 1501 exercuerat:
1042 1465 1146 1506 οὗτος
1181 1464 1243 1501 οὖν
1273 1479 1378 1510 ([ησιν
1412 1471 1447 1503 ἐκ
1470 1469 1538 1502 τῶν
1558 1471 1745 1513 βασιλικῶν

297 1511 490 1556 διφθερῶν.
538 1515 616 1557 Ipsa
638 1515 772 1547 Ctesiae
800 1516 904 1547 verba
929 1515 1152 1546 observarunt
1172 1514 1237 1546 viri
1260 1513 1354 1545 docti
1381 1517 1480 1550 023.
1499 1515 1542 1547 de
1568 1516 1746 1548 Sardana-

297 1562 398 1600 palo,
425 1571 466 1590 ex
487 1563 747 1603 comparatione
771 1561 941 1593 Athenaei
964 1561 1044 1597 ΧΗ,
1070 1571 1100 1604 7.
1126 1569 1159 1592 et
1185 1572 1214 1593 e.
1232 1561 1288 1594 26.
1316 1559 1359 1591 de
1378 1560 1495 1592 missis
1522 1561 1564 1592 ab
1583 1574 1624 1594 eo
1650 1563 1746 1594 libe-

297 1604 347 1634 iis
374 1605 410 1637 in
437 1606 737 1649 Paphlagoniam3
761 1615 960 1649 comparato
979 1606 1057 1638 eod.
1081 1607 1171 1640 loco.
1217 1605 1258 1637 In
1283 1605 1349 1640 MS,
1374 1606 1586 1638 Scoriaiensi
1613 1609 1747 1640 Excer-

297 1658 462 1693 ptorum,
500 1653 544 1684 ad
570 1654 652 1685 cale.
677 1653 863 1699 Polyaeni,
897 1653 940 1684 de
970 1664 1038 1695 quo
1073 1652 1136 1685 inf.
1169 1659 1492 1684 commemorantur
1525 1649 1691 1690 Γυναῖκες
1709 1655 1746 1687 ἐν

298 1698 498 1740 πολεμικοῖς
531 1700 666 1731 onustat
694 1711 751 1731 και
775 1697 953 1743 ἀνδρεῖαι,
986 1699 1022 1729 111
1055 1697 1110 1729 his
1135 1698 1251 1740 primo
1276 1697 1355 1728 loco
1381 1697 1604 1730 Semiramis:
1636 1700 1679 1730 de
1705 1711 1745 1731 ea

301 1753 344 1773 ex
371 1745 485 1775 Ctesia
508 1746 658 1776 narratio
678 1746 723 1780 fit.
772 1745 827 1776 Ibi
845 1753 963 1787 pastor
983 1744 1176 1787 appellatur
1196 1743 1329 1774 Simois
1349 1744 1434 1787 (pro
1460 1744 1608 1783 Sinuna,
1631 1753 1670 1777 ut
1690 1757 1744 1787 ap.

298 1787 408 1822 DIOd.
434 1790 478 1829 11,
503 1791 536 1822 4.
557 1791 596 1834 f.)
623 1792 803 1823 Menona-s·
836 1799 971 1827 antem,
1004 1789 1215 1833 praefectus,
1242 1789 1302 1829 qni
1327 1800 1405 1821 eam
1429 1789 1527 1821 duxit
1549 1790 1747 1822 secundum

298 1833 407 1867 Diod.
436 1835 484 1866 ib.
510 1848 539 1870 c,
564 1838 596 1871 5.
635 1838 808 1869 Onneas:
840 1844 879 1868 nt.
910 1836 999 1867 adeo
1034 1836 1071 1866 iu
1094 1835 1254 1867 Diodoro
1273 1835 1464 1876 legendum
1491 1844 1552 1868 sit:
1582 1833 1686 1874 οὗτος
1709 1836 1748 1869 δὲ

298 1878 453 1913 ἐκαλεῖτο
476 1883 540 1924 μὲν
557 1881 707 1924 ”Οννης,
742 1881 838 1927 quod
864 1890 897 1915 et
919 1880 1026 1915 codd.
1050 1881 1191 1914 hahent.
1317 1877 1320 1879 ⁵

393 1929 412 1961 1
435 1939 466 1958 v.
491 1929 640 1962 Wcssel.
669 1940 697 1962 c,
718 1929 742 1962 l.
883 1954 886 1957 Α

391 1974 414 2005 2
438 1973 478 2004 In
504 1973 558 2004 his
597 1973 818 2016 Cephalion,
848 1984 867 2004 e
905 1984 974 2014 quo
1006 1973 1105 2003 locus
1133 1979 1184 2003 est
1206 1970 1480 2017 apud-SyncelL
1507 1984 1541 2016 p.
1563 1973 1643 2008 167·
1688 1970 1748 2004 Ad

299 2016 499 2051 fabularum
536 2020 751 2051 Graecarum
786 2020 937 2051 calculos
973 2019 1002 2050 is
1044 2018 1229 2060 Assyriaca
1252 2026 1485 2058 revocaverat3
1523 2018 1677 2050 diversus
1703 2018 1747 2050 ab

302 2075 344 2094 co
371 2064 524 2107 Cephalo
550 2065 780 2106 Gergethins,
812 2066 973 2106 antiquus
998 2064 1162 2107 scriptor:
1195 2071 1229 2095 at
1262 2064 1347 2094 alter
1372 2064 1431 2095 ille
1457 2061 1625 2106 σύντομον
1646 2064 1749 2097 ἱστο-

301 2108 398 2153 ρικὸν
421 2123 439 2141 a
458 2111 551 2143 Nino
574 2111 619 2142 ad
643 2110 883 2142 Alexandrum
904 2110 1106 2152 scripserat,
1132 2109 1232 2140 libris
1257 2109 1305 2139 lX
1324 2110 1503 2141 Musarum
1525 2110 1669 2141 uomina
1692 2110 1750 2140 in-

302 2157 429 2197 scripta
461 2156 688 2195 habentibus,
723 2156 849 2188 Photio
879 2157 1011 2188 lectum
1047 2166 1076 2189 c.
1105 2156 1165 2188 68.
1208 2155 1292 2185 Eius
1319 2166 1457 2196 quoque
1491 2156 1625 2186 mentio
1650 2156 1687 2186 fit
1711 2156 1749 2186 in

302 2201 402 2232 Mose
434 2202 652 2235 Chorenensi
683 2202 747 2234 lib.
774 2202 800 2239 I,
820 2202 873 2236 17.
917 2202 1068 2233 Bionem
1102 2208 1135 2231 et
1175 2199 1431 2232 Alexandrum
1472 2200 1749 2244 Polyhistorem

303 2249 423 2280 laudat
461 2248 558 2280 idem
591 2248 747 2290 Syncell.
777 2260 812 2290 p.
834 2248 913 2282 359.
959 2247 1114 2287 Egeraut
1138 2253 1313 2288 praeterea
1337 2246 1380 2277 de
1396 2246 1547 2291 Assyriis
1571 2247 1751 2289 antiquio-

301 2305 356 2325 res
378 2296 555 2333 Berosus,
577 2293 743 2335 posthaec
774 2291 949 2336 Thallus,
974 2293 1128 2329 Castor,
1154 2289 1416 2334 Apollodorus:

394 2344 416 2376 3
444 2340 574 2371 Ctesias
606 2338 832 2380 Xenophonti
862 2338 933 2368 fere
968 2337 1142 2378 aequalis,
1179 2344 1211 2367 et
1246 2337 1288 2367 ab
1318 2336 1385 2368 hoc
1411 2338 1482 2368 iam
1504 2337 1682 2378 laudatus,
1708 2346 1751 2368 ex

301 2385 418 2418 XXffl
437 2386 522 2418 libb.
550 2396 616 2416 rer.
640 2384 858 2415 Persicarum
881 2391 949 2414 tres
973 2384 1109 2424 priores
1144 2382 1247 2413 rebus
1269 2383 1486 2426 Assyriacis,
1507 2391 1575 2414 tres
1598 2394 1752 2424 sequen-

304 2440 354 2463 tes
380 2432 529 2462 Medicis
555 2438 803 2461 consumserat.
846 2429 976 2460 Rerum
996 2428 1215 2459 Persicaruin
1240 2429 1390 2460 narratio
1417 2429 1566 2461 deducta
1591 2437 1663 2460 erat
1686 2440 1751 2460 us-

306 2489 372 2519 que
400 2477 444 2509 ad
480 2477 537 2510 Ol.
562 2476 618 2516 95,
642 2477 674 2509 3,
714 2476 773 2517 qui
813 2482 863 2505 est
895 2485 1005 2505 annus
1048 2474 1216 2515 septimus
1252 2473 1448 2506 Artaxerxis
1475 2475 1518 2511 11,
1549 2475 1750 2505 Mnemonis

307 2524 404 2555 dicti.
437 2535 468 2554 v.
494 2521 599 2555 Diod.
634 2521 726 2559 XIV,
747 2519 804 2556 46.
854 2520 907 2551 De
940 2520 1013 2551 eius
1039 2519 1106 2550 fide
1133 2527 1212 2561 post
1248 2520 1356 2551 Henr.
1378 2520 1596 2562 Stephanum
1619 2520 1751 2551 iudicia

306 2571 453 2600 meliora
484 2575 639 2611 prostant
673 2567 868 2597 multorum
907 2565 1063 2596 virorum
1102 2564 1306 2605 doctorum,
1340 2567 1398 2607 qui
1430 2578 1485 2597 res
1516 2567 1750 2610 Assyriorum,

306 2615 495 2646 Medorum
529 2624 568 2643 nc
602 2613 787 2643 Persarum
823 2619 881 2642 aut
912 2610 1087 2642 narrando
1119 2618 1176 2641 aut
1209 2611 1417 2642 excutiendo
1453 2620 1484 2642 et
1514 2611 1750 2653 comparando

307 2672 388 2692 cum
414 2661 491 2691 aliis
523 2659 696 2690 historicis
733 2658 940 2698 attigerunt:
974 2655 1170 2688 secundum
1202 2657 1383 2688 Freretum
1411 2659 1510 2689 Hist.
1539 2657 1583 2687 cle
1604 2656 1752 2689 [Acad.

308 2707 370 2737 des
395 2706 514 2737 Inscr.
550 2707 666 2736 Mem.
703 2704 769 2734 To.
793 2703 834 2737 V.
869 2715 903 2745 p.
932 2704 999 2738 350
1018 2713 1096 2743 sqq.
1130 2709 1163 2733 et
1186 2702 1290 2743 alios,
1328 2714 1413 2743 quos
1441 2703 1753 2744 Baumgarteniana

309 2752 490 2792 diligentia
517 2750 665 2789 notavit,
707 2748 837 2779 addam
868 2746 1183 2789 Bougaircvzllium
1223 2748 1287 2779 To.
1321 2748 1451 2779 xxm.
1470 2749 1546 2782 init,
1595 2748 1693 2790 Quae
1711 2757 1753 2777 ex

307 2798 441 2829 Ctesiae
480 2795 628 2827 Persicis
663 2794 902 2836 depromserat
935 2792 1136 2829 Diodorus,
1175 2792 1237 2823 lib.
1272 2793 1321 2824 lx
1351 2801 1385 2824 et
1420 2793 1462 2826 X.
1501 2793 1752 2835 comprehensa

310 2845 424 2881 suere;
449 2850 481 2873 at
507 2842 560 2872 iili
586 2848 667 2870 sunt
691 2841 780 2871 inter
804 2840 914 2870 libros
941 2838 1093 2870 Diodori
1118 2837 1328 2881 deperditos.
1363 2839 1406 2873 cf.
1435 2839 1497 2874 ius,
1525 2839 1569 2870 de
1593 2840 1646 2870 his
1664 2839 1751 2871 libb.
