1859 3326
353 216 475 248 XLIV
860 213 1280 246 WESSELINGII

353 324 436 347 mos
460 311 617 346 Diodori
643 311 758 345 libros
779 311 873 345 And.
897 310 1118 343 Dudithium
1147 310 1392 353 interpretari
1416 311 1600 354 coepisse,
1626 321 1699 344 non
1725 320 1807 343 cum

352 371 503 416 publico
529 371 835 410 conmunicasse,
884 368 1054 401 tradidit.
1098 368 1147 400 Ut
1171 371 1211 400 ut
1237 372 1315 408 est,
1355 369 1449 401 istas
1484 368 1722 401 diversorum
1756 370 1808 400 in-

354 431 567 472 terpretum
595 428 812 466 versiones,
843 426 891 458 ad
918 426 1103 458 Graecum
1134 426 1346 468 exemplum
1373 425 1594 468 diligentius
1620 426 1808 458 examina-

353 491 434 527 ωε,
465 496 575 519 rarae
604 484 827 518 eruditionis
851 486 889 515 et
913 483 1066 526 pietatis
1092 481 1311 526 'l'heologus
1339 483 1402 517 10.
1429 482 1519 517 lic.
1547 482 1810 515 GRYNAEUS

351 543 530 577 Basileae
556 552 654 574 anno
681 541 952 576 clolanxxvni.
983 540 1204 572 recentavit.
1263 539 1429 579 Quorum
1462 540 1613 584 quidem
1644 540 1809 583 omnium

352 601 512 645 gloriam
541 599 667 642 paucis
694 602 780 641 post
803 597 911 629 annis
937 605 1057 638 paene
1091 596 1310 629 obliteravit
1343 596 1663 630 LAURENTIUS
1693 595 1809 628 Ruo-

353 664 605 695 DOMANUS,
649 655 755 687 tenui
791 654 904 687 loco1
945 653 1224 694 &nowen-liae,
1259 655 1321 698 qui
1353 653 1533 698 frequens
1565 653 1810 686 Hohnsteini-

354 725 421 747 cae
457 713 610 745 ditionis
645 713 682 744 in
715 710 977 755 Stolbergensi
1012 711 1201 743 Comitatu
1236 720 1375 754 pagus,
1416 710 1551 746 editus,
1601 711 1810 744 Paraverat

353 772 424 805 sibi
447 771 505 802 vir
530 769 716 812 elegantis
742 769 884 812 ingenii
907 772 946 801 et
962 767 1118 800 Graecis
1143 768 1371 800 carminibus
1387 773 1420 808 2,
1448 778 1520 812 quo
1540 778 1682 812 genere
1703 777 1809 812 prae-

353 833 413 861 ter
439 830 586 860 eeteros
620 826 852 865 excellebat,
897 829 935 859 et
960 835 1071 858 verso
1096 826 1134 857 in
1160 823 1338 858 Latinum
1364 835 1577 858 sermonem
1603 825 1807 858 Memnone

353 891 392 919 et
415 882 695 928 Agatharchide
719 892 893 927 magnam
922 884 1083 916 nominis
1114 882 1264 916 famam.
1315 882 1467 917 uma.
1501 883 1806 922 S'rEPlinNUS,

351 942 511 988 probato
538 951 582 974 eo
610 940 838 983 specimine,
875 941 994 973 virum
1029 940 1142 983 erigit
1176 944 1289 984 atque
1327 946 1542 985 expugnat,
1580 945 1622 974 ut
1647 939 1807 973 Diodori

352 1000 478 1034 omnia
503 1008 570 1031 suo
594 998 719 1030 Marte
744 1000 868 1029 vertat
894 1002 932 1030 et
955 997 1164 1030 Latinitate
1190 997 1307 1030 donet
1331 998 1398 1030 sub
1424 998 1538 1032 finem
1564 998 1682 1031 seculi
1703 997 1805 1030 XVI.

349 1057 501 1091 Addunt
523 1056 593 1088 viri
620 1053 845 1087 eruditionis
869 1054 981 1088 laude
1006 1055 1192 1098 praeclari
1217 1055 1310 1088 los.
1334 1053 1604 1093 Sounoua,
1628 1055 1676 1087 D.
1693 1055 1757 1087 Cn
1769 1063 1805 1085 Y-

351 1121 564 1153 ·rRAEUS,
596 1113 658 1145 10.
684 1113 949 1150 CASELIUS,
982 1115 1096 1156 atque
1122 1112 1207 1153 alii,
1236 1122 1329 1155 quos
1355 1113 1394 1144 in
1418 1111 1655 1155 praefatione
1679 1122 1807 1145 receu-

350 1176 432 1212 set‚
470 1171 612 1204 calcar:
662 1179 819 1213 quorum
863 1169 1025 1201 stimulis
1066 1169 1186 1212 magis
1222 1170 1409 1201 excitatus
1457 1169 1669 1203 absolutum
1711 1178 1805 1212 opus

348 1230 568 1269 Hanoviae,
598 1231 640 1260 ut
665 1231 752 1260 ante
776 1227 876 1267 dixi,
915 1226 983 1258 sub
1015 1226 1237 1270 principium
1269 1227 1386 1259 seculi
1411 1229 1618 1270 superioris
1642 1227 1805 1270 publica-

348 1287 423 1326 vit,
456 1285 681 1330 laudemque
709 1283 809 1316 haud
837 1284 924 1316 mali
958 1284 1178 1327 interpretis
1213 1283 1380 1319 abstulit.
1429 1285 1588 1318 Memini
1622 1285 1803 1318 nonnulla

349 1345 431 1377 eius
466 1342 640 1375 acerbius
673 1342 957 1385 peregrinitatis
990 1340 1108 1374 fuisse
1150 1344 1349 1383 accusata,
1404 1343 1480 1375 alia
1521 1342 1679 1375 subinde
1717 1343 1803 1375 aliis

348 1401 606 1444 displicuisse:
642 1400 702 1443 qui
729 1400 760 1431 si
787 1400 887 1431 vires
913 1399 951 1430 in
979 1409 1024 1432 eo
1051 1408 1192 1441 genere
1220 1399 1427 1441 periclitari
1454 1400 1684 1441 voluissent,
1728 1399 1801 1434 for-

347 1463 451 1492 tasse
481 1461 519 1490 et
544 1467 609 1490 eos
636 1456 906 1497 offendissent,
935 1455 997 1500 qui
1025 1454 1119 1488 nihil
1143 1459 1288 1489 rectum
1317 1460 1471 1500 putant,
1507 1458 1579 1490 nisi
1605 1457 1705 1504 quod
1728 1458 1802 1501 ipsi

349 1516 514 1551 fecerint

437 1573 494 1607 Ad
518 1572 727 1605 Diodorum
750 1571 879 1611 venio,
918 1569 1023 1602 cuius
1047 1569 1182 1611 vitam,
1217 1571 1362 1614 ingenii
1394 1570 1583 1613 habitum,
1630 1571 1800 1616 singula-

348 1641 505 1676 remque
534 1630 757 1662 industriam
791 1638 865 1660 non
899 1628 1103 1670 attingam:
1155 1630 1248 1661 satis
1281 1630 1453 1662 omnibus
1487 1630 1614 1663 facere
1643 1633 1803 1672 possunt

346 1690 398 1724 11.
434 1689 688 1721 STEPHANI
722 1684 883 1718 diatribe
918 1683 964 1717 de
995 1683 1166 1718 Diodoro
1204 1687 1360 1731 eiusque
1394 1689 1562 1731 scriptis,
1611 1687 1674 1720 Io.
1707 1688 1801 1720 IAc.

351 1747 574 1779 GRYNAEI
602 1748 640 1777 et
665 1743 709 1776 1..
731 1743 1030 1775 Ruonomm
1063 1742 1351 1785 Praefationes,
1389 1754 1483 1788 quas
1515 1746 1684 1788 integras
1715 1749 1801 1787 post

347 1813 469 1848 pauca
495 1800 656 1833 videbis.
708 1800 841 1844 Neque
867 1809 994 1831 moror
1018 1801 1300 1833 accusationum
1338 1805 1376 1834 et
1405 1802 1673 1835 calumniarum
1711 1802 1800 1841 tela,

347 1872 371 1894 a
395 1860 511 1892 Lon.
535 1859 661 1894 Vni:
687 1862 725 1891 et
746 1858 806 1891 lo.
833 1857 1021 1889 Bonmo
1049 1858 1086 1890 in
1110 1856 1319 1890 Diodorum
1347 1861 1498 1900 stricta,
1533 1859 1631 1903 quod
1663 1859 1728 1892 illa
1758 1860 1800 1890 ii-

349 1920 435 1952 dem
468 1917 676 1950 doctissimi
699 1915 770 1947 viri
798 1920 836 1946 ct
861 1914 1084 1954 eruditionis
1116 1916 1239 1958 gloria
1273 1914 1372 1948 haud
1405 1917 1558 1949 minoi-3
1598 1915 1708 1948 Gan.
1740 1916 1800 1949 lo.

347 1977 565 2011 VOSSIUS
593 1978 661 2006 eta
689 1971 876 2004 Dracon.
900 1971 1086 2002 W'HEAR
1112 1973 1267 2016 egregie
1296 1973 1520 2008 retuderint.
1568 1973 1696 2005 Habet
1712 1973 1799 2006 Dio-

348 2034 464 2067 dorus
492 2042 580 2064 suos
606 2039 764 2070 naevos,
805 2028 938 2072 quibus
965 2038 1034 2061 nec
1059 2029 1123 2061 alii
1151 2030 1343 2063 inmunes:
1394 2040 1479 2062 nam
1514 2031 1596 2074 quis
1625 2034 1797 2063 veterum

348 2094 415 2123 aut
439 2088 690 2121 recentiorum
716 2085 878 2123 (Ξπτώιως
901 2087 940 2118 in
964 2090 1070 2118 tanta
1093 2096 1219 2118 rerum
1243 2090 1282 2119 et
1305 2087 1413 2130 copia
1437 2091 1475 2119 et
1495 2088 1694 2126 varietate,
1718 2097 1801 2130 per-

349 2147 540 2181 severavit
564 2142 742 2188 prorsus!-
790 2143 872 2186 Ego
900 2142 961 2175 ubi
987 2144 1254 2187 aequissimum
1279 2144 1381 2176 istud
1402 2144 1527 2176 Flacci
1550 2144 1737 2184 accinero‚

483 2203 623 2236 Verum
649 2200 712 2232 ubi
738 2199 846 2242 plura
870 2202 992 2232 nitent
1015 2202 1053 2232 in
1079 2201 1263 2240 carmine,
1304 2211 1378 2233 nou
1405 2211 1476 2244 ego
1498 2201 1627 2244 paucis

485 2257 668 2291 Offendar
693 2257 870 2298 maculis,
911 2268 1003 2301 quas
1028 2262 1093 2289 aut
1118 2258 1264 2290 incuria
1287 2257 1398 2300 fudit,

482 2317 556 2349 Aut
580 2313 743 2346 humana
771 2324 902 2357 parum
929 2316 1028 2347 cavit
1054 2318 1200 2356 natura,

348 2374 395 2407 de
419 2373 569 2405 amissis
596 2371 702 2403 libris
728 2370 897 2403 nonnihil
921 2372 1172 2415 interponam.

436 2429 711 2462 Desideramus
746 2437 790 2460 ex
827 2432 935 2461 vasto
969 2428 1038 2461 XL
1075 2429 1305 2461 voluminum
1343 2438 1458 2472 opere
1498 2428 1616 2461 libros
1658 2428 1800 2471 plures,

348 2499 415 2522 eos
448 2486 696 2531 praesertim,
739 2486 800 2529 qui
834 2486 934 2519 inter
962 2485 1006 2519 V.
1034 2490 1071 2520 et
1096 2486 1158 2523 Xl.
1197 2490 1305 2521 erant
1336 2487 1540 2520 interiecti.
1584 2485 1708 2528 „Nam
1744 2486 1798 2518 illi

441 2653 460 2686 1
491 2651 568 2683 Car.
593 2649 698 2683 Hem.
724 2650 878 2691 Langius
904 2651 1129 2684 Conmentar.
1158 2652 1201 2684 de
1225 2653 1291 2684 vita
1315 2652 1537 2685 Rhodomani
1563 2651 1647 2694 Cap·
1669 2652 1701 2686 l

438 2700 461 2731 2
488 2696 570 2730 vid
596 2696 748 2728 eundem
775 2697 868 2731 Clar.
893 2698 1009 2730 virum
1035 2698 1122 2741 C¹.=p
1139 2701 1175 2735 2.
1197 2707 1230 2731 ct
1250 2700 1572 2742 Ge013.Lizelium
1594 2699 1679 2733 nist
1705 2696 1801 2759 Poct.

351 2746 477 2777 Giaec.
497 2742 665 2773 Ger.mau
689 2742 817 2784 1¹·145·

438 2791 460 2823 3
486 2787 540 2819 De
562 2787 652 2819 Hist.
678 2789 803 2819 (haec.
826 2788 867 2820 L.
885 2788 930 2820 Il.
954 2791 987 2824 2.

438 2834 462 2870 4
486 2832 644 2867 Method.
665 2832 824 2876 Legend.
846 2835 978 2868 Histor-
999 2843 1083 2868 sect.
1102 2835 1180 2870 Vll.
1202 2847 1236 2880 p.
1252 2840 1307 2874 31.
