1859 3326
268 189 365 230 294
770 185 1298 231 ANNOTATIONES

387 302 495 343 354.
527 303 601 347 70.
644 303 717 343 T&
737 298 820 355 μὲν
851 297 960 356 7671«)
990 298 1095 353 πρὸς
1122 299 1198 349 τὰς
1222 298 1264 340 ἓν
1290 301 1350 356 τῷ
1374 296 1542 370 πολέμῳ
1565 292 1739 368 χρείας]

276 359 378 397 Piut.
398 367 569 398 extrema
588 359 772 397 Eumenis
795 362 899 406 vita,
929 358 1149 409 Antigonus
1170 352 1226 404 ὡς
1248 342 1411 409 ἀσεβεῖς
1431 356 1498 396 καὶ
1517 343 1742 411 θηριώδεις

274 413 375 462 τοὺς
395 414 497 468 ἀργῑ·
503 412 707 470 ράσπιὸας
727 414 965 483 παρέδωκεν
978 413 1182 484 Ἰβυρτίω
1192 410 1443 468 (Σιβυρτίω)
1460 428 1518 452 τω
1542 413 1743 453 διοικοῦν-

278 486 317 512 τι
335 470 410 524 τὴν
425 471 710 525 Ἀραχωσίαν
737 468 819 511 πάν
823 486 873 510 τα
893 467 1048 523 τρόπον
1068 469 1260 524 ἐκτρῖψαι
1289 470 1357 509 καὶ
1375 455 1659 522 καταῷθεῖραι
1681 483 1746 509 κε·

280 525 445 574 λεύσας.
488 530 634 573 Quibus
653 542 731 565 non
754 529 957 565 dissimilia
977 527 1198 577 Polyaenus
1220 527 1262 564 L.
1288 526 1419 566 1V.6.
1448 527 1519 567 15.
1549 525 1686 563 WESS.

397 586 503 625 354.
537 587 608 626 78.
651 580 752 631 Τοῖς
774 581 813 622 ὁ
837 579 1126 623 ὑπακούσασιν
1146 578 1330 629 ἰδιώταις
1343 581 1446 635 etc.]
1490 581 1594 620 Raro
1615 581 1747 632 prodi-

284 643 434 678 toribus
455 644 599 679 scelera
618 642 713 678 bene
735 640 968 690 procedunt:
998 646 1133 677 contra
1151 642 1198 677 iis
1220 642 1349 685 etiam,
1379 651 1474 687 quos
1495 643 1748 688 anteponunt,

283 700 404 735 invisi
425 705 525 746 sunt,
553 705 598 734 ut
617 710 708 736 vere
729 696 829 746 apud
851 695 1031 733 Tacitum
1050 695 1151 732 Ann.
1174 696 1202 733 Ι.
1228 697 1298 737 58.
1331 694 1524 746 Segestes.
1546 694 1645 732 Vide
1665 695 1747 732 Ian.

285 753 532 792 Gebhardum
564 755 606 791 in
637 753 799 804 Nepotis
823 752 986 792 Eumen.
1020 766 1053 793 c.
1078 753 1168 802 13..
1201 755 1267 802 qui
1285 751 1359 789 hoc
1382 753 1427 789 de
1453 764 1594 805 genere
1623 752 1749 801 plura.

282 810 418 849 WEss.

399 866 504 906 355.
535 867 611 906 97.
647 861 736 919 Τήν
753 880 796 905 τε
811 867 975 917 χρυσῆν
998 860 1313 917 ἀταδενὸρὰὃα]
1356 863 1480 913 Saepe
1499 862 1668 902 Persicis
1687 875 1752 900 re·-

289 921 359 960 bus
389 924 599 972 scriptores
635 924 782 960 vetusti
805 925 966 973 χρυσᾶς
999 923 1052 960 π7
1058 918 1236 968 ατάνους
1267 920 1335 960 καὶ
1370 923 1534 971 χρυσῆν
1565 917 1751 971 ἅμπε7ον

287 981 489 1026 inserunt,
518 979 677 1016 docente
695 978 899 1015 Brissonio
924 979 969 1015 de
986 978 1091 1015 Pers.
1113 977 1237 1029 Regu.
1254 977 1296 1015 L
1322 977 1349 1014 I.
1366 979 1439 1017 77.
1483 976 1636 1014 Mireris
1658 989 1751 1027 ergo

289 1037 336 1073 ad
357 1036 450 1074 haec
472 1036 524 1073 10.
553 1035 818 1086 Chrysostoml
835 1034 948 1072 Hom
971 1034 1054 1072 VII.
1079 1037 1119 1072 in
1137 1034 1260 1084 Epist.
1283 1034 1332 1070 ad
1351 1032 1499 1071 coloss.
1521 1045 1557 1081 Ρ.
1581 1034 1685 1073 377.
1706 1031 1752 1070 Β.

287 1091 450 1157 λέ7εταί
467 1107 526 1139 τις
556 1089 652 1145 παρ)
675 1089 816 1138 αἰτοῖς
839 1089 1037 1143 βασιλευς
1058 1094 1261 1130 τοσοῦτον
1288 1089 1500 1143 ἐνυβρίσαι
1523 1091 1573 1143 τῇ
1601 1089 1756 1157 τρυφῇ,

289 1145 396 1189 ὥστε
418 1146 629 1188 πλάτανον
657 1150 826 1200 ποιῆσαι
851 1150 1014 1200 χρυσῆν
1034 1162 1100 1186 και
1131 1144 1310 1198 οὐρανὸν
1334 1144 1523 1193 ἄνωθεν,
1555 1160 1622 1183 και
1644 1158 1755 1184 ουτω

291 1205 468 1245 καθισαι
506 1218 627 1255 nuper
656 1204 909 1254 adscripsisse
937 1207 1063 1241 virum
1094 1203 1383 1249 doctissimum,
1413 1203 1501 1253 quis
1523 1203 1579 1238 sit
1594 1201 1662 1239 ille
1681 1213 1758 1238 rea:

294 1265 364 1313 qui
386 1262 688 1314 sibiplatanum
699 1261 815 1308 fecit
844 1274 1025 1307 auream,
1052 1266 1099 1297 ut
1116 1259 1184 1297 sub
1206 1259 1344 1296 umbra
1369 1260 1454 1296 eius
1480 1259 1659 1306 sederet,
1685 1271 1757 1295 ne-

293 1322 399 1367 scio,
432 1333 504 1357 nec
527 1320 681 1370 uspiam
710 1331 769 1355 me
790 1318 924 1367 legere
947 1318 1117 1354 memini.
1164 1315 1271 1353 Adeo
1296 1328 1408 1365 saepe
1436 1315 1556 1352 infida
1573 1314 1759 1352 memoria.

294 1383 367 1424 est,
392 1376 680 1425 depositumque
699 1375 876 1424 abnegat
908 1371 971 1410 Tu
990 1373 1079 1411 vide
1100 1371 1341 1410 Herodotum
1361 1371 1404 1409 L.
1425 1370 1509 1408 VII.
1523 1373 1600 1411 27.
1620 1370 1759 1409 Wssss.

407 1433 512 1472 355.
549 1433 617 1471 19
648 1430 851 1476 Χοινικας
868 1427 986 1469 πέντε
1008 1431 1083 1468 τοῦ
1103 1426 1264 1480 μηνὸς]
1305 1428 1385 1466 Vix
1404 1430 1500 1465 satis
1526 1429 1586 1466 illi
1608 1426 1757 1464 homini

295 1501 390 1526 sano
411 1489 459 1526 ad
485 1502 510 1526 v
514 1489 633 1526 ictum
652 1494 762 1523 erant
781 1500 897 1523 unam
916 1488 958 1522 in
978 1485 1277 1533 hebdomadem,
1305 1485 1493 1534 siquidem
1507 1483 1640 1536 χοίνιξ
1658 1479 1760 1535 ἡμε-

296 1541 440 1597 ρήσιος
467 1542 631 1596 τροφὴ,
660 1543 823 1581 docente
855 1542 1033 1595 Diogene
1061 1541 1219 1580 Laertio
1248 1542 1292 1580 Ι..
1311 1541 1414 1580 VIII.
1439 1543 1510 1582 18
1550 1554 1638 1579 cum
1666 1546 1761 1578 nota.

293 1600 477 1648 Menagii.
509 1601 644 1639 Wnss.

409 1658 515 1698 355.
545 1659 619 1697 22.
650 1655 736 1696 Καὶ
758 1653 856 1702 τοὺς
880 1653 1013 1701 ἱππεῖς
1033 1650 1292 1706 κατακόψαι]
1322 1654 1426 1706 Lege
1441 1651 1759 1700 ῗππους.1ἶιιου,

294 1713 382 1754 Καὶ
403 1711 502 1761 τοῖς
516 1712 671 1760 ἵππους
689 1709 947 1763 κατακόψαι]
981 1711 1090 1750 Nihil
1111 1713 1252 1748 certius
1270 1710 1543 1748 Rhodomanni
1565 1712 1763 1747 coniectu-

297 1783 364 1819 ra,
393 1772 456 1807 cui
484 1784 577 1821 ego,
606 1773 677 1808 etsi
698 1771 790 1808 libri
812 1781 945 1807 omnes
972 1771 1210 1814 vetuissent,
1241 1769 1368 1805 locum
1390 1767 1592 1805 dedissem.
1635 1765 1763 1817 Equi-

299 1834 375 1864 tem
397 1839 466 1876 pro
487 1840 585 1879 equo
605 1829 780 1876 posuisse
799 1825 1007 1877 Virgilium
1027 1824 1170 1876 Georg.
1190 1824 1256 1862 ΙΙΙ.
1280 1826 1398 1871 116.,
1415 1830 1454 1861 et
1472 1829 1563 1861 ante
1579 1836 1664 1860 eum
1681 1822 1765 1859 En·

297 1886 407 1922 nium
443 1892 577 1922 notum
610 1896 659 1921 ex
678 1883 724 1921 A.
743 1857 895 1920 Gellior>
896 1888 954 1920 est
969 1881 1085 1921 Noct.
1108 1882 1224 1919 Attio.
1244 1880 1288 1921 L.
1312 1879 1460 1918 XVIII
1486 1880 1525 1919 5.
1537 1906 1549 1928 ,
1574 1874 1680 1916 sed‘
1659 1893 1765 1918 υπο-

301 1936 415 1992 ζυ7ια
436 1940 503 1979 καὶ
525 1938 659 1986 ἱππεῖς
682 1935 923 1989 κατακόψαι
952 1935 1057 1991 πρὸς
1082 1934 1317 1991 διατροφὴν
1356 1939 1531 1975 iumenta
1553 1942 1595 1975 et
1612 1937 1765 1987 equites

301 1998 358 2034 ad
377 1999 523 2034 victum
554 1998 785 2044 concidere,
816 1997 902 2045 quis
937 1993 1121 2032 tanden1²
1168 1993 1312 2032 Franci
1343 1993 1573 2032 victricibus
1600 1991 1765 2043 Hunga-

299 2065 431 2091 rorum
459 2056 576 2091 armis
595 2055 698 2090 intra
717 2052 866 2103 Pragae
898 2053 1049 2089 moenia
1070 2052 1270 2102 conpulsi,
1295 2063 1378 2088 rem
1397 2051 1511 2088 istam
1531 2062 1673 2102 magno
1693 2060 1765 2086 suo

299 2111 402 2148 malo
424 2123 508 2146 cum
530 2111 695 2147 maxime
717 2110 980 2159 experiuntur.
1007 2107 1146 2145 WEss.

416 2168 521 2206 355.
549 2167 625 2207 24.
659 2162 757 2203 ’Έτι
787 2159 1125 2216 προσανεχούσης
1153 2160 1246 2209 ταῖς
1273 2158 1431 2209 ἔξωθεν
1459 2157 1645 2213 ε’)πῖσιν]
1678 2160 1767 2199 Sibi

300 2230 481 2269 servent,
508 2222 608 2270 quod
628 2222 777 2259 librarii
797 2220 882 2258 heic
900 2221 1153 2257 intruserunt.
1188 2218 1234 2256 In
1256 2220 1418 2269 vulgato
1446 2217 1768 2267 acquiescendum

303 2285 373 2315 est
415 2279 511 2329 1³01)
518 2280 600 2316 hius
629 2277 671 2316 L.
694 2277 741 2315 V
763 2279 835 2317 72.
865 2290 978 2316 ουτοι
1005 2273 1081 2326 μὲν
1106 2272 1330 2327 εὐθαρσῶς
1354 2270 1558 2327 υπέμενον
1587 2271 1664 2325 τὴν
1690 2289 1767 2313 πο-

301 2334 508 2385 λιορκίαν,
535 2331 861 2387 προσανέχοντες
888 2336 981 2379 ταῖς
995 2329 1127 2371 ἐλπίσι
1155 2333 1231 2382 τῆς
1252 2330 1481 2398 βοηθείας.
1511 2329 1563 2368 Et
1582 2329 1767 2380 Excerpt.

302 2401 338 2439 P·
368 2393 502 2431 1405.
531 2388 586 2430 ἔτι
606 2405 706 2442 μιαν
727 2388 872 2428 ἐλπίδα
892 2387 1222 2440 καραὸοκοῦντες
1242 2409 1291 2415 -
1316 2402 1383 2427 και
1393 2383 1548 2456 Μταύτῃ
1558 2384 1767 2439 προσανέ-

299 2461 456 2496 χοντες.
497 2446 679 2498 Iosephus
699 2446 745 2482 de
764 2444 874 2482 Bello
893 2443 938 2484 Ι.
959 2444 1022 2481 IV.
1043 2445 1085 2483 2.
1113 2446 1148 2484 l.
1182 2459 1249 2482 και
1271 2448 1365 2490 ταῖς
1383 2441 1464 2482 ἀπὸ
1491 2445 1576 2483 τῶν
1596 2445 1768 2497 καρπῶν

304 2502 462 2542 ἐ7πίσιν
490 2501 550 2543 ἀει
579 2500 916 2554 προσανέχοντες.
953 2500 1072 2539 Notat
1104 2503 1145 2537 in
1175 2501 1276 2538 bona
1305 2513 1370 2549 spe
1400 2513 1508 2549 esse,
1535 2512 1654 2549 eaque
1681 2500 1769 2538 niti.

302 2557 442 2598 Mox‘*
414 2572 454 2607 ες
460 2576 491 2599 ω
512 2555 666 2606 τάξεως
684 2560 853 2596 auctoris
872 2564 930 2595 est
932 2569 1020 2607 qui
1031 2564 1071 2595 et
1089 2571 1187 2604 τους
1204 2554 1283 2604 ἔξω
1301 2553 1457 2605 τάξεως
1472 2568 1554 2606 cap.
1567 2558 1642 2596 22.
1653 2561 1769 2605 atque

301 2617 397 2655 alias
421 2617 531 2654 dixit.
560 2615 698 2653 VVESS.

419 2673 527 2712 355.
560 2673 634 2712 36.
678 2668 764 2710 Καὶ
792 2666 869 2721 τὴν
895 2666 1108 2710 δυσωδίαν
1133 2663 1481 2721 ανυπομονητον]
1528 2667 1770 2706 postremam

307 2741 443 2768 vocem
467 2735 601 2766 auctor
619 2728 799 2777 praefert.
826 2726 914 2765 Vid.
934 2725 979 2766 L.
1000 2725 1067 2765 ΙΙΙ.
1090 2726 1165 2766 29.
1186 2733 1224 2763 et
1245 2739 1278 2762 c.
1299 2726 1372 2765 34.
1400 2724 1542 2763 Vissss.

421 2787 528 2826 356.
557 2786 630 2825 58.
663 2781 928 2836 Ἐπεχείρησε
950 2777 1131 2833 πεντήρη
1152 2783 1255 2821 ναῦν
1273 2778 1518 2835 κατασπᾷν]
1551 2780 1771 2831 Polyaenus

307 2837 617 2895 πεντηκοντήρη
646 2852 669 2877 a
699 2839 1029 2890 Polysperchonte
1057 2840 1155 2874 clam
1186 2838 1414 2875 submissam
1445 2836 1692 2896 Olympiadi?
1726 2844 1771 2873 ut
