1891 3310
359 209 432 242 DE
470 210 784 242 FONTIBUS
821 209 985 240 HIST.
1021 208 1310 242 DlonoRI.
1444 210 1561 240 CXIII

104 306 268 351 vestigia
302 307 341 341 in
373 306 532 342 Diodori
564 306 629 340 lib.
661 306 760 349 xm,
787 304 887 349 XIV,
909 303 990 348 XV,
1022 315 1224 349 superesse
1263 317 1336 339 non
1372 306 1503 342 dubito
1530 310 1560 344 ².

103 363 283 397 Eiusdem
307 363 540 409 Theopompi
565 364 727 398 alterum
754 364 826 399 fuit
849 373 962 407 opus,
986 359 1152 408 Philippi
1172 374 1230 397 res
1253 369 1379 409 gestae
1406 369 1421 389 2
1438 389 1448 406 ‚
1477 362 1558 399 Ma-

105 419 286 453 cedonum
321 422 443 465 regis,
474 419 582 454 libris
615 421 750 456 LVIII.
788 420 916 465 (Diod.
953 419 1054 464 XVI,
1088 421 1140 463 3.)
1180 421 1290 454 initio
1325 422 1373 455 ab
1407 423 1556 466 Olymp,

105 477 180 516 CV,
211 478 241 513 l.
268 477 388 519 facto,
418 479 545 523 paullo
580 483 665 523 post
695 479 802 523 regni
835 477 992 511 exordia
1025 479 1124 511 natis
1148 488 1231 512 cum
1267 477 1559 513 Atheniensibus

102 533 281 568 dissidiis.
329 533 442 568 Hunc
482 536 674 570 Diodorus
717 534 920 569 manifeste
962 534 1152 581 expressit
1191 536 1230 568 in
1266 536 1333 577 iifl,
1376 547 1472 580 quae
1511 538 1558 571 de

103 588 275 635 Philippo
298 592 507 636 bellisque,
538 604 634 638 quae
663 604 746 627 cum
768 593 927 626 Graccis
951 594 998 627 ab
1024 604 1069 628 eo
1095 596 1207 638 gesta
1231 596 1336 634 sunt,
1368 596 1558 637 exposuit,

102 657 172 690 per
198 654 315 682 totum
342 651 425 683 libr.
452 648 550 684 XVI.
597 649 843 685 Declaratum
867 650 904 683 id
930 659 1078 696 quoque
1103 659 1172 693 per
1189 649 1403 693 fragmenta
1419 652 1560 694 passim

102 715 125 737 a
139 705 392 751 Wcsselingio
404 704 557 741 laudata
572 711 612 740 et
629 709 668 754 [l
684 708 751 752 12]
767 712 997 750 comparata.
1020 708 1076 742 Ad
1085 717 1196 751 quem
1209 716 1345 740 annum
1357 705 1565 752 Philippioa

102 762 392 806 descenderint,
423 774 606 809 nusquam
641 769 890 799 memoratum
925 764 1096 810 reperi03
1129 762 1324 809 probabile
1350 768 1478 800 tamen
1507 769 1562 809 rit,

103 824 191 854 ante
228 820 389 866 Philippi
430 825 591 856 mortem
631 822 691 856 01.
721 822 816 865 CXI,
840 822 875 859 l.
909 831 985 856 non
1016 822 1206 857 defecisse
1226 821 1267 864 ³3
1306 819 1388 866 ipse
1429 825 1560 870 utique

101 879 197 910 vixit
220 879 288 911 sub
315 880 543 913 Alexandro.

193 934 274 968 Nec
294 934 419 969 {amen
446 946 520 970 uno
544 935 793 980 Theopompo
819 936 914 970 duce
939 938 1159 980 contentus,
1183 932 1363 972 Duridem
1387 934 1565 992 Samium,

102 991 294 1026 Ciceronis
317 993 475 1035 iudicio,
511 991 691 1028 hominem
714 993 753 1027 in
777 991 931 1027 historia
955 991 1182 1038 diligentem,
1217 1006 1366 1041 quoque
1391 998 1564 1034 adhibuit

101 1046 140 1082 in
178 1050 223 1082 iis
257 1060 353 1095 qnae
387 1051 548 1096 Philippi
582 1056 710 1087 aetate
746 1062 923 1086 evenere.
968 1051 1067 1085 Nam
1094 1062 1180 1086 eum
1206 1051 1451 1088 historiarum
1478 1066 1562 1089 sua-

103 1116 184 1139 rum
217 1107 258 1140 de
289 1108 395 1142 rebus
423 1109 646 1143 Graecorum
670 1109 782 1155 gestis
806 1113 822 1138 ³
862 1109 1063 1143 exordium
1097 1107 1187 1142 inde
1221 1119 1245 1142 a
1270 1116 1392 1146 morte
1415 1112 1562 1147 Iasonis'

101 1167 254 1206 tyranni
285 1167 467 1209 Pheraei,
501 1171 539 1201 et
569 1169 780 1212 Amyntae,
812 1167 1065 1201 Macedonum
1090 1167 1219 1210 regis,
1250 1168 1422 1214 adeoque
1453 1171 1501 1203 ab
1526 1181 1562 1214 a⁴

101 1222 164 1258 111.
201 1225 348 1269 Olymp.
387 1225 462 1258 Cli.
493 1225 657 1267 fecisse,
687 1223 831 1259 diserte
858 1224 940 1269 ipse
973 1225 1120 1257 notavit
1152 1224 1215 1260 lib.
1250 1224 1335 1268 XV,
1355 1227 1419 1260 (51,
1471 1228 1564 1261 Cum

103 1282 274 1315 eiusdem
297 1283 454 1317 Duridis
482 1282 656 1318 historiae
680 1280 936 1317 Macedonicas
960 1286 1325 1327 commemorentur,
1349 1284 1564 1318 dubitatum

193 1494 213 1532 1
242 1493 379 1528 Addidi
407 1494 541 1529 librum
565 1494 644 1531 XV.
671 1496 735 1531 etsi
765 1505 820 1529 res
849 1494 938 1529 nitra
967 1492 1113 1542 Olymp.
1140 1494 1197 1538 96,
1222 1494 1259 1533 3,
1295 1491 1567 1539 progredientes

100 1542 352 1585 *complexuum
386 1543 422 1576 iu
460 1544 526 1576 hoc
558 1544 655 1576 enim
690 1544 835 1586 vestigia
867 1543 1093 1587 Theopompi
1126 1542 1353 1586 deprehendo
1392 1543 1427 1574 in
1460 1542 1566 1573 rebus

100 1589 302 1630 Euagorae,
337 1590 428 1631 regis
456 1590 579 1634 Cypri,
615 1600 700 1632 quas
735 1589 908 1632 expositas
935 1601 1009 1621 esse
1038 1599 1056 1620 a
1091 1587 1325 1632 Theopompo
1362 1587 1456 1620 libro
1486 1588 1566 1619 ΧΠ.

98 1648 217 1668 rerum
246 1633 521 1678 Philippicarum
548 1644 722 1669 memorat
740 1635 884 1668 Photius
917 1635 1006 1669 Cod.
1030 1638 1106 1671 176,
1126 1644 1273 1666 monens
1293 1632 1410 1673 idem,
1432 1634 1566 1665 librun1

102 1683 205 1714 ilium
229 1694 246 1712 a
274 1682 495 1724 Menophane
525 1693 590 1725 pro
616 1684 755 1726 perdito
783 1682 944 1714 habitum
967 1682 1091 1722 fuisse,
1118 1684 1270 1724 (praeter
1301 1681 1364 1711 lib.
1395 1679 1457 1713 VI.
1486 1680 1565 1713 Vll}

101 1728 163 1762 IX.
189 1728 266 1763 XX.
293 1728 399 1764 XXX.
431 1730 503 1761 iam
532 1729 673 1772 pridem
698 1726 943 1768 desideratos).
988 1728 1035 1760 At
1059 1739 1119 1768 ea,
1143 1738 1229 1770 quae
1257 1724 1321 1758 illo
1346 1724 1438 1757 libro
1470 1735 1565 1757 come

102 1775 271 1818 prehensa
296 1775 415 1815 fuere,
440 1775 484 1806 ad
515 1784 647 1807 aunum
675 1775 734 1807 Ol,
750 1777 808 1815 98,
826 1775 859 1809 3,
887 1780 1058 1816 spectant,
1084 1784 1149 1805 nec
1178 1771 1253 1805 ullo
1288 1772 1396 1803 modo
1417 1773 1452 1802 in
1475 1772 1565 1803 Phi-

102 1823 245 1864 lippicis
284 1821 403 1852 locum
437 1820 599 1853 habuisse
633 1820 807 1853 videntur.
863 1818 1114 1852 Difficultatem
1148 1819 1236 1851 vidit
1270 1818 1481 1858 Wesseling,
1518 1817 1564 1849 ad.

101 1868 211 1903 Diod.
233 1880 268 1910 p.
292 1866 369 1901 573.
393 1878 425 1898 u.
442 1871 498 1904 37.
527 1867 615 1899 Mihi
634 1869 715 1899 satis
738 1868 868 1908 liquet,
897 1866 1064 1897 Photium
1089 1866 1223 1897 librum
1241 1862 1321 1899 XII,
1340 1872 1373 1895 et
1396 1865 1565 1895 ultimum

101 1914 327 1946 historiarum
348 1912 564 1945 Graecarum
585 1915 747 1946 manibus
766 1921 948 1952 tractasse,
971 1923 1056 1943 nam
1083 1910 1120 1944 in
1143 1909 1208 1943 hos
1226 1916 1387 1953 poteraut
1406 1922 1424 1940 a
1444 1907 1566 1941 Theo-<-

101 1971 236 2004 pompo
265 1968 327 2002 per
350 1958 606 2000 digressionem
630 1956 691 1993 illa
721 1970 864 1998 omnia,
889 1968 977 1999 quae
1005 1958 1049 1990 de
1077 1958 1183 1991 Acori
1211 1965 1243 1988 et
1269 1957 1428 1998 Euagora
1455 1967 1497 1986 ex
1522 1965 1564 1987 eo

101 2009 194 2040 libro
226 2006 431 2045 laudantur,
465 2004 642 2048 interponi
667 2007 723 2038 vel
757 2005 854 2048 operi
891 2003 998 2035 adiici
1028 2005 1066 2035 in
1108 2003 1305 2036 narratione
1347 2013 1485 2044 pugnae
1520 2001 1566 2033 ad

101 2055 270 2098 Cyprum.
314 2049 603 2092 Digressionibus
629 2060 746 2084 autem
777 2050 1051 2094 Theopompum
1084 2051 1232 2082 mirifice
1262 2044 1450 2080 indulsisse
1483 2048 1565 2079 satis

103 2107 246 2133 constat.
294 2097 485 2129 inseruerat
513 2109 652 2140 quoque
680 2098 798 2131 Sicula
824 2097 922 2139 operi
941 2108 1005 2128 suo
1028 2096 1299 2139 Theopompus,
1328 2093 1451 2136 (Diod.
1470 2093 1566 2134 XVI,

101 2149 162 2188 71)
191 2146 234 2178 de
261 2144 387 2186 quibus
415 2145 532 2185 paullo
550 2152 629 2188 post
652 2154 768 2187 agam.
814 2143 987 2185 Attigerat
1010 2142 1099 2174 adeo
1121 2142 1293 2185 Aegyptia
1313 2147 1346 2171 et
1367 2137 1500 2171 fabulas
1521 2136 1565 2171 de

103 2194 205 2231 Nilo,
228 2200 267 2224 ut
294 2191 366 2221 iam
391 2189 426 2221 in
455 2191 689 2224 Commentat.
717 2190 745 2225 I,
770 2189 926 2221 vidimus
951 2200 993 2220 ex
1010 2186 1119 2221 Diod.
1137 2188 1163 2229 I,
1184 2190 1240 2224 37.
1266 2187 1305 2218 In
1324 2186 1564 2218 Macedonicis

103 2241 254 2282 origines
280 2237 392 2278 gentis
420 2232 513 2268 haud
538 2239 681 2269 intactas
703 2235 911 2278 reliquerat,
936 2240 973 2266 ut
1003 2246 1021 2266 e
1051 2232 1132 2270 loco
1160 2231 1204 2266 de
1236 2231 1376 2266 Carano
1410 2238 1504 2276 patet
1528 2231 1566 2265 in

152 2306 154 2308 -
180 2298 228 2318 ιιι.
258 2282 362 2314 Diod.
388 2281 448 2316 ΙΧ,

197 2335 219 2367 2
255 2327 308 2361 Τὰ
342 2324 551 2368 Φιλιππικὰ,
584 2324 640 2359 vel
672 2325 744 2359 τῶν
768 2323 844 2372 περὶ
881 2324 1057 2359 Φίλιππον
1089 2320 1252 2368 ἱστοριῶν
1281 2321 1401 2366 βιβλία
1430 2318 1483 2364 νή.
1533 2330 1567 2354 et

105 2377 199 2417 XVI,
217 2378 272 2411 71.
295 2371 316 2416 ἡ
343 2374 409 2406 τῶν
440 2375 656 2407 Φιλιππικῶν
679 2372 827 2417 ἱστορία.
875 2371 981 2416 Quod
1008 2370 1101 2415 apud
1121 2370 1335 2414 Dionysium
1353 2369 1464 2402 Halic.
1488 2376 1568 2411 post

105 2425 173 2455 alia
209 2432 294 2464 quae
319 2420 354 2451 in
391 2431 431 2451 eo
461 2422 531 2452 lau„
567 2428 666 2460 ¹.tu1·‚
699 2420 885 2450 subiicitur
902 2430 938 2461 p.
959 2421 1037 2458 212,
1060 2419 1085 2453 l.
1106 2417 1164 2452 28.
1183 2412 1379 2449 τελευταῖόν
1404 2416 1477 2446 ἐστι
1498 2411 1566 2446 τῶν

110 2471 217 2514 ἔργων
243 2462 356 2500 αὐτοῦ
379 2464 436 2497 καὶ
457 2464 810 2511 χαρακτηρικώτατον
836 2471 900 2507 (se.
929 2464 1024 2507 quod
1049 2464 1195 2496 consilia
1217 2468 1250 2494 et
1265 2462 1407 2493 virtutes
1427 2472 1465 2490 ac
1485 2461 1566 2491 vitia

108 2527 250 2552 eorum,
276 2521 426 2555 quorum
445 2523 497 2543 res
522 2520 636 2554 gestas
657 2518 879 2553 exposuerat,
905 2509 1049 2551 adiecit)
1075 2510 1167 2542 maie
1196 2508 1232 2539 in
1257 2508 1434 2545 versione,
1460 2506 1567 2537 etiam

108 2574 125 2594 a
151 2561 325 2602 Gedoyuo
359 2558 474 2597 (Hist.
502 2558 545 2590 de
571 2557 718 2589 [Aeaci.
745 2557 810 2588 cles
828 2557 1002 2599 Inscript.
1024 2556 1090 2590 To,
1110 2552 1203 2587 XVI.
1219 2553 1330 2587 Mem.
1353 2564 1389 2595 ps
1407 2550 1501 2594 244.)
1521 2551 1565 2582 de

109 2616 261 2639 exn-ema
278 2604 392 2648 operis
411 2611 506 2646 parte
522 2603 708 2646 accipitur,
736 2604 846 2632 immo
859 2612 958 2633 vero:
977 2606 1027 2632 est
1044 2613 1098 2632 res
1121 2602 1156 2632 in
1175 2611 1215 2631 eo
1231 2599 1384 2630 maxime
1406 2597 1566 2639 insignis.

197 2656 219 2689 3
248 2648 447 2684 Laudamur
480 2660 519 2681 ea
548 2661 589 2681 ex
612 2651 683 2680 eius
712 2649 802 2679 libro
828 2647 952 2678 XLul.
973 2658 1060 2689 quae
1087 2646 1131 2678 ad
1153 2646 1298 2689 Olymp.
1320 2642 1409 2681 CIX,
1430 2646 1463 2678 2.
1483 2654 1567 2685 spe—

109 2705 218 2730 etant:
244 2706 276 2729 et
300 2701 513 2739 processerat
540 2706 624 2737 opus
656 2704 765 2735 usque
796 2693 840 2725 ad
867 2694 976 2725 libros
1003 2693 1126 2725 LVIII.
1173 2693 1216 2725 cf.
1245 2691 1338 2722 lons.
1368 2688 1411 2720 de
1447 2691 1568 2731 script.

109 2743 189 2778 hist.
221 2744 346 2787 philos,
368 2743 394 2781 1,
416 2743 447 2776 3,
494 2739 687 2781 Utrumque
720 2751 805 2781 opus
835 2739 1039 2771 historicum
1067 2737 1111 2770 ad
1136 2739 1263 2777 60,000
1281 2745 1399 2767 versus
1421 2746 1566 2778 procesa

107 2793 215 2831 sisse,
239 2802 256 2821 e
281 2791 394 2832 prisco
416 2787 592 2818 scribendi
615 2798 711 2818 more
732 2784 877 2816 photius
909 2792 1062 2819 testatur,

201 2837 224 2871 4
246 2836 306 2877 τῆς
329 2835 398 2866 τιδι’
415 2831 622 2873 Ἑλληνικῶν
649 2833 817 2876 ἱστορίας.

159 2893 309 2926 Υοι,.11.
329 2893 497 2925 Arma-o.
1231 2882 1253 2915 h
