1859 3326
292 196 384 236 528
680 228 682 230 ,
760 183 1287 227 ΑΝΝΟΤΑΤΙΟΝΕΒ

287 309 445 347 vinctus
465 304 514 344 ab
537 316 581 344 eo
600 309 643 342 et
660 304 839 342 traditus
859 300 995 341 Mario
1019 304 1100 338 est:
1142 300 1182 337 in
1205 311 1284 349 qua
1310 311 1356 338 re
1370 300 1600 353 praecipua
1622 311 1746 352 opera

292 365 339 405 L.
364 364 542 402 Cornelii
561 360 725 408 Sullae,
757 359 994 406 Quaestoris
1010 356 1158 402 Marii,
1179 355 1285 404 fuit.
1343 355 1488 393 Unsm.

407 421 514 461 631.
551 421 626 458 27.
670 419 757 456 Τοῦ
791 414 836 454 δὲ
867 412 1026 466 ἀγῶνος
1058 409 1177 458 ὄντος
1211 411 1415 463 δημοσίου
1449 411 1516 451 καὶ
1542 407 1748 465 μεγάλου]

293 477 444 514 Sumsit
464 476 553 519 hinc
576 474 729 521 suidas,
761 470 862 520 quod
883 470 925 509 L.
941 468 1133 506 Kusterus
1153 481 1231 505 non
1250 469 1538 516 animadvertit,
1567 470 1609 506 in
1624 465 1749 508 Ἄσυ-

291 529 517 584 7.ονἾε·ρόν.
573 530 650 567 Res
672 532 753 577 ipsa
774 534 883 579 gesta
905 526 1057 564 videtur
1082 525 1151 562 sub
1171 537 1314 562 annum
1337 523 1387 564 U.
1409 523 1450 562 C.
1475 535 1610 566 loom.
1668 525 1748 562 Au-

292 599 379 627 ctor
405 591 507 626 enim
538 585 735 624 Diodorus
765 590 849 629 est,
895 590 1068 632 ereptum
1098 581 1357 619 multitudinis
1384 595 1574 620 concursu
1611 580 1749 619 Satur-

291 650 427 684 ninum
446 647 487 682 in
506 657 650 682 annum
673 647 897 691 sequentem
908 640 1030 690 piebis
1049 640 1248 677 tribunum
1268 640 1406 677 iterum
1424 639 1546 677 fuisse
1567 645 1750 677 creatum.

290 703 430 742 wssss.

407 759 515 799 631.
542 757 618 797 29.
654 752 776 808 Πρὸς
796 750 872 806 τὴν
890 748 993 805 ὑπὲρ
1016 753 1100 792 τῶν
1121 750 1211 803 πμ]
1251 750 1395 790 Suidas
1425 753 1467 790 in
1487 748 1667 791 Ἄσυλον
1698 748 1752 790 ἱε-

291 812 366 866 ρὸν
389 813 611 852 exscribens
632 825 710 848 non
732 814 844 848 novit
866 823 981 847 voces
1003 806 1108 863 πρὸς
1129 806 1220 857 τὴν,
1249 820 1343 860 quas
1365 816 1403 846 et
1421 821 1493 861 ego
1515 809 1752 846 necessarias

291 872 394 910 haud
416 872 564 919 opinor.
625 869 762 907 Wssss.
786 870 825 905 in
846 866 947 906 Add.
1241 877 1243 879 ’

406 929 512 968 631.
543 927 620 967 40.
658 925 886 976 Βοηθῆσαι
914 927 1003 969 τοῖς
1031 917 1326 974 ἀκληρῆ,ιιασι]
1373 920 1430 959 Ita
1463 920 1669 973 legendum
1702 932 1750 958 ex

293 983 415 1022 suida
444 987 486 1021 in
513 996 609 1021 voce
636 978 908 1033 Ἀκλήρημα.
954 986 992 1017 et
1009 991 1142 1028 supra:
1180 977 1243 1017 ἐπὶ
1271 976 1344 1018 τὸν
1364 975 1501 1018 κοινὸν
1520 981 1604 1017 τῶν
1626 975 1752 1029 ἀκλη-

293 1038 479 1092 ροῦντων
502 1037 626 1087 ἔλεον,
658 1045 702 1075 ut
721 1051 791 1074 nos
815 1037 1115 1074 emendavimus.
1155 1034 1302 1072 UlisiN.
1365 1034 1617 1081 Suidasloco,
1639 1046 1751 1082 quem

292 1097 427 1134 Ursin.
459 1097 672 1142 indicavit,
716 1094 776 1131 his
809 1106 888 1130 non
916 1096 1057 1139 utitur,
1097 1093 1220 1129 solum
1249 1087 1472 1143 ἀκλήρημα
1503 1090 1750 1128 confirmans.

290 1154 407 1191 Forte
435 1149 663 1206 ἀκλήρωμα
693 1152 792 1200 fuit,
821 1151 866 1187 (le
888 1163 962 1200 quo
986 1162 1100 1197 supra
1121 1161 1191 1186 nos
1212 1149 1260 1185 ad
1280 1147 1377 1185 Exc.
1400 1148 1567 1184 Peiresc.
1590 1159 1626 1196 p.
1643 1149 1750 1188 610.

291 1210 396 1248 Bene
420 1218 548 1247 tamen
568 1208 735 1245 Ursinus
751 1235 762 1255 ,
796 1208 863 1255 qui
883 1206 1188 1243 emendationem
1210 1203 1353 1242 Suidae
1372 1205 1619 1252 testimonio,
1657 1204 1752 1242 haec

291 1270 375 1317 ipsa
396 1267 640 1315 producentis
660 1268 701 1302 in
717 1258 1036 1317 Ἐπιῳυόμενος,
1060 1261 1233 1298 stabilire
1255 1267 1444 1311 potuerat.
1505 1259 1752 1311 Corrigamus

293 1325 469 1361 eumdem
487 1336 582 1361 voce
607 1319 833 1369 Συνέπεσε,
870 1319 938 1356 ubi
961 1331 1064 1355 nunc
1086 1324 1143 1355 est
1172 1322 1259 1363 τοῖς
1285 1316 1361 1368 μὲν
1391 1314 1496 1368 πρὸς
1522 1314 1574 1357 τι),
1594 1314 1752 1369 γόνατα

292 1376 528 1420 πιπτόντων
559 1379 719 1417 editum.
781 1376 999 1428 Scripserat
1031 1374 1193 1414 πίπτων
1221 1386 1270 1412 ex
1297 1373 1493 1423 Diodoro,
1541 1376 1599 1412 uti
1628 1373 1751 1412 vides.

291 1437 428 1475 Wess.

408 1493 511 1532 Ibid·
529 1485 974 1541 ‚Kamaramdgeoffm
1003 1484 1083 1541 γὰρ
1113 1483 1261 1527 ἑαυτὸν
1290 1485 1554 1541 ἐπεφαίνετο]
1601 1486 1660 1524 Ita
1689 1499 1753 1523 re-

293 1552 515 1597 stituimus,
553 1562 636 1586 cum
669 1554 770 1584 esset
800 1550 841 1584 in
870 1546 1081 1595 exemplari
1110 1543 1174 1580 hic
1200 1545 1306 1582 locus
1335 1552 1550 1594 corruptuS.
1602 1542 1750 1581 UR81N.

292 1601 720 1653 Καταστασιάζεσθαι
751 1601 829 1656 γὰρ
859 1599 1007 1641 ἑαυτὸν
1034 1599 1313 1654 ἀπεφαίνετο]
1363 1601 1510 1638 Vellem
1542 1600 1753 1638 indicasset

292 1666 354 1702 vir
377 1663 512 1700 doctus
542 1663 773 1710 exemplaris
806 1662 867 1697 sui
899 1661 1151 1707 scripturam:
1191 1659 1450 1706 apparuisset,
1489 1657 1625 1704 credo,
1663 1655 1752 1695 ἕπε-

293 1718 462 1774 φαίιιηο
485 1732 563 1756 non
585 1731 668 1754 esse
689 1719 780 1754 boni
805 1719 1018 1754 commatis.
1077 1713 1187 1759 Quod
1217 1728 1288 1765 ego
1318 1716 1521 1761 revocavi,
1562 1715 1751 1750 sermonis

292 1778 442 1814 indoles
463 1777 600 1825 probat
626 1781 664 1811 et
685 1773 847 1821 Suidas,
887 1772 979 1810 haec
1000 1774 1040 1810 in
1056 1771 1192 1809 Lexici
1211 1774 1271 1810 sui
1291 1783 1426 1810 vocem
1451 1765 1753 1810 Καταστασιά-

292 1832 756 1883 ζεσθαιῐτειηεεοῑίἱηης.
818 1830 956 1867 XVEss.

407 1891 512 1930 (531.
548 1890 618 1928 52.
651 1886 744 1926 “On
770 1882 950 1939 Μάρκος
973 1880 1231 1934 ’Λντώνιος]
1270 1882 1314 1921 ln
1338 1883 1547 1932 exemplari
1567 1882 1749 1920 mendose

294 1953 376 1982 erat
394 1942 577 1990 ,Λεύκιος
604 1939 848 1989 Ἀντώνιοᾳ
871 1942 930 1979 Μ.
951 1949 1078 1979 autem
1100 1942 1326 1987 Antonium,
1353 1940 1568 1978 Triumviri
1589 1946 1750 1989 patrem,

293 2006 458 2051 primum
488 2010 625 2038 contra
650 1999 854 2037 Cretenses
884 2012 964 2036 rem
994 2001 1183 2049 gessisse,
1225 2004 1378 2034 constat
1399 2010 1485 2034 cum
1515 2008 1564 2033 ex
1586 1996 1752 2045 Appiani

292 2054 848 2109 fragmentis(Legat.xxx),
881 2063 962 2092 tum
984 2067 1031 2091 cx
1051 2056 1138 2092 aliis
1162 2054 1426 2103 scriptoribus,
1483 2053 1534 2090 Et
1553 2051 1689 2090 Livius
1709 2054 1750 2089 in

293 2116 474 2164 Epitoma
496 2115 563 2154 lib.
577 2124 706 2151 xcvu.
724 2117 778 2151 ita
797 2114 843 2149 de
863 2126 907 2149 eo
930 2112 1084 2148 scribit:
1122 2110 1178 2148 JDI.
1196 2110 1393 2147 Antonius
1412 2116 1590 2160 praetor
1611 2108 1751 2145 bellum

293 2174 487 2210 adversus
517 2171 725 2209 Cretenses
748 2183 900 2223 parum
925 2180 1124 2221 prospere
1152 2173 1316 2219 gestum⁵
1336 2173 1462 2204 morte
1498 2178 1572 2203 sua
1595 2166 1752 2214 finivit.

293 2228 440 2266 Unsm’.

408 2284 510 2323 Ibid.
552 2280 816 2333 Συνθέμενος
832 2276 936 2332 πρὸς
956 2279 1128 2331 Κρῆτας
1152 2273 1344 2331 εῗρήνην]
1382 2276 1441 2315 Dc
1462 2277 1564 2315 bello
1585 2284 1748 2316 constat.

294 2340 378 2378 Pax
407 2340 522 2378 dubia
552 2347 622 2377 est.
682 2338 792 2376 Certe
824 2352 867 2375 ea
899 2339 933 2374 si
961 2339 1078 2383 coiit,
1108 2337 1281 2383 precaria
1299 2337 1396 2382 fuit,
1431 2341 1469 2372 et
1496 2335 1542 2371 ab
1576 2334 1748 2372 Antonio

295 2400 521 2446 impetrata,
555 2403 598 2433 ut
621 2408 667 2433 ex
691 2393 1003 2439 difficultatibus,
1042 2393 1082 2429 in
1105 2404 1198 2440 quas
1220 2405 1259 2427 se
1291 2393 1538 2438 inmerserat,
1568 2391 1750 2440 expedire

296 2469 336 2491 se
358 2462 498 2504 posset.
559 2453 690 2490 Gessit
709 2454 810 2489 enim
829 2450 867 2487 id
893 2450 1033 2486 bellum
1059 2449 1339 2487 infelicissime.
1391 2448 1478 2485 vid.
1501 2446 1675 2484 ciceron.
1705 2448 1747 2485 L.

295 2511 361 2548 ln.
393 2510 501 2547 Verr.
531 2523 562 2547 c.
582 2510 655 2549 91.
684 2510 825 2545 Ascon.
856 2507 904 2544 ad
932 2505 1107 2543 Divinat.
1140 2518 1172 2541 c.
1199 2506 1266 2545 17.
1295 2511 1334 2541 et
1363 2503 1406 2542 L.
1425 2505 1471 2541 11.
1500 2505 1609 2544 Verr.
1636 2517 1668 2541 c.
1689 2505 1748 2551 3.,

293 2567 451 2604 Florum
474 2566 515 2603 L.
530 2565 596 2602 lu.
617 2568 679 2613 7.,
706 2565 917 2612 etAppian.
938 2562 1067 2613 Legat.
1079 2571 1183 2598 xxx,
1203 2562 1385 2610 aliosque.
1442 2560 1578 2599 XVESS.

410 2625 516 2664 632.
546 2625 619 2662 62.
656 2622 741 2662 Καὶ
761 2624 901 2659 πᾶσαν
922 2616 1110 2670 δεητικὴν
1130 2615 1361 2670 προϊέμενοι
1380 2614 1550 2669 φωνὴν]
1585 2614 1749 2653 Correxi

296 2677 484 2731 δεκτικὴν
507 2676 674 2731 φωνὴν,
703 2679 841 2730 quippe
861 2675 997 2722 nihili,
1032 2682 1075 2711 ut
1095 2688 1166 2725 ego
1187 2674 1337 2724 quidem
1354 2675 1532 2711 arbitror.
1580 2672 1677 2709 Vide
1699 2673 1749 2709 ad

295 2735 514 2775 Lib-XVII·
529 2736 605 2775 44.
634 2731 820 2787 Δεητικὰ
841 2728 1032 2771 πιττάκια
1054 2743 1122 2780 pro
1142 2732 1379 2779 supplicibus
1394 2729 1533 2766 libellis
1553 2727 1749 2772 dabit2Co-

295 2795 411 2830 «linus
431 2793 476 2829 ‹le
496 2791 650 2844 Origin.
671 2791 964 2840 Constantinop.
989 2801 1025 2838 p.
1042 2790 1112 2829 16.
1133 2787 1191 2825 ed.
1210 2788 1344 2826 Venet.
1364 2800 1450 2825 cum
1469 2793 1560 2824 nota
1583 2784 1747 2823 Lambe-

294 2853 357 2888 rii.
417 2849 556 2888 Wuss.

1858 1590 1859 1600 ⁴
1852 939 1859 1556 ᾉ-ᾷ--ω--Π
1851 859 1856 937 -ν-σ-
