1891 3310
383 199 445 240 [N
477 198 587 238 LlB.
610 198 792 238 xvnl.
820 197 963 240 CAP.
981 201 1057 240 72
1074 199 1213 240 ——75.
1427 201 1519 243 267

75 328 178 354 nunc
196 327 314 364 prave
343 315 394 370 τῇ
420 308 572 365 δεκάτῃ
592 307 700 364 ποός
717 314 808 357 ταῖς
836 306 984 350 ἑκατὸν
1002 305 1248 362 ’.νΟὶιμπιάδι
1266 323 1336 360 pro
1355 312 1406 364 τῇ
1427 326 1522 351 πεν-

74 367 349 424 τεκαιὸεκάτῃ.
406 369 497 407 Scio
534 370 660 406 virum
688 380 869 418 magnum
899 377 996 404 cxv!
1024 368 1294 417 Olympiadem
1319 369 1516 404 maluisse.

76 428 155 466 Sed
188 430 245 465 rei
276 430 394 465 series
422 428 491 464 vix
520 425 685 473 patitur,
714 431 758 461 ut
780 425 882 460 ultra
901 423 1017 461 finem
1037 423 1188 474 Olymp.
1210 434 1305 461 cxv.
1333 436 1517 460 recensus

74 487 146 522 iste
165 486 293 534 populi
312 483 539 531 proferatur.
567 480 740 517 Accessit
759 479 806 516 ad
829 481 1102 528 rempublicam
1123 480 1288 518 Atticam
1300 479 1523 516 Demetrius

74 554 178 578 anno
198 542 313 577 tertio
333 539 486 588 Olymp.
507 546 602 572 cxv.
631 535 737 584 Opus
759 538 891 573 statim
908 536 983 573 fuit
1002 537 1071 574 tali
1094 549 1225 583 censu,
1249 543 1293 574 ut
1312 534 1523 574 Cassandri

75 597 302 635 constitutio
323 595 481 632 valeret.
510 591 586 628 Sed
601 591 673 628 hoc
692 593 777 628 leve
800 599 870 628 est.
903 591 960 628 Ab
981 593 1056 630 isto
1075 605 1170 631 vero
1189 605 1291 630 anno
1302 591 1522 630 Demetrius

76 665 144 702 per
164 652 342 690 decennii
362 651 526 698 spatium
546 647 716 684 Athenas
737 647 885 684 Atticas
901 661 1047 686 summa
1067 662 1158 695 cura
1179 656 1216 686 et
1234 647 1439 698 prudentia
1452 646 1522 684 :ul-

73 709 338 756 ministravit,
364 716 578 758 magnaque
596 705 637 740 in
658 703 776 740 laude·
791 703 891 751 apud
907 706 1015 741 'cives
1039 705 1324 751 suit-versatus,
1352 710 1395 741 ut
1413 716 1523 752 prae-

74 772 133 802 ter
153 763 366 802 Diodorum
394 762 437 802 L.
461 760 556 799 XX.
578 760 652 800 46.
681 759 910 797 testificatur
935 759 1133 811 Diogenes
1162 762 1288 799 Laert.
1310 760 1352 799 L.
1374 759 1420 797 V.
1445 760 1523 799 75.

75 821 236 858 Videtur
253 819 406 869 quidem
424 817 527 856 Plut.
550 815 722 853 Demetr.
745 827 780 865 p.
805 816 911 856 893.
934 814 974 853 C.
995 816 1171 856 Phalerei
1184 817 1373 856 Demetrii
1386 822 1525 865 poten-

76 879 171 915 tiam
189 879 302 913 annis
325 885 395 911 xv
415 873 741 918 circumscribere,
772 875 872 921 qui.
861 885 883 909 a
905 873 1004 909 bello
1024 872 1200 912 Lamiaco
1222 880 1260 910 et
1279 873 1386 910 clade
1407 884 1524 922 prope

77 932 317 970 Crannonem
338 930 571 967 defluxerint
591 928 640 965 ad
659 929 876 981 restitutam
888 928 1189 978 Atheniensibus
1207 943 1230 967 a
1244 929 1438 966 Demetrio
1450 927 1526 964 Po-

76 990 233 1027 liorcete
254 984 519 1037 αὐτονομίαι.
562 976 640 1022 Sed
660 998 738 1022 non
759 991 849 1021 sunt
875 985 1049 1023 districte
1071 986 1316 1036 accipienda,
1348 998 1444 1035 quae
1471 983 1527 1021 ibi

75 1045 303 1096 produntur.
352 1041 456 1081 Toto
488 1055 533 1079 eo
563 1043 686 1091 spatio
717 1042 846 1092 viguit
873 1040 1038 1079 Athenis
1064 1053 1273 1091 paucorum
1294 1042 1526 1087 dominatus,

75 1103 201 1141 valuit
220 1102 335 1137 etiam
352 1100 477 1150 gratia
497 1104 536 1135 et
556 1099 788 1135 auctoritate
811 1096 1056 1145 Demetrius3
1083 1100 1217 1136 verum
1237 1100 1304 1144 ita,
1329 1104 1372 1134 ut
1399 1098 1526 1145 primo

76 1158 342 1207 quinquennio
364 1158 447 1193 eius
476 1156 672 1203 potentiae
693 1155 860 1204 collegas
887 1154 1044 1192 haberet
1063 1153 1297 1192 Phocionem
1322 1154 1527 1202 pluresque

77 1215 186 1251 alios.
216 1213 363 1256 Quibus
383 1212 528 1248 civium
551 1210 715 1258 quodam
735 1211 866 1248 furore
887 1212 1062 1256 sublatis,
1074 1212 1178 1248 solus
1199 1211 1379 1259 deinceps
1397 1210 1529 1257 reipu-

76 1271 200 1310 blicae
220 1282 352 1306 curam
371 1269 412 1306 in
433 1267 563 1305 decem
581 1279 704 1303 annos
724 1268 854 1317 gessit.
886 1266 1015 1304 Habet
1035 1267 1094 1305 ΙΙΙ.
1115 1266 1290 1319 Scaliger
1313 1266 1362 1303 ad
1382 1264 1525 1302 Euseb.

81 1339 171 1365 ann.
192 1335 361 1363 macene.
383 1335 479 1373 quae
500 1323 590 1360 hinc
608 1325 649 1360 in
669 1324 771 1360 viam
792 1322 924 1360 reduci
943 1329 1139 1374 poterunt.
1168 1323 1306 1363 wass.

191 1383 296 1424 313.
323 1382 394 1420 57.
425 1381 526 1425 Τοῖς
547 1376 627 1418 ἀπὸ
651 1380 726 1430 τῆς
745 1377 859 1430 νίκης
885 1376 1186 1431 ἀκροστολίοις]
1218 1379 1450 1419 Rostriscs:
1469 1377 1530 1414 υἰ-

79 1440 210 1479 ctoria
233 1439 376 1476 relatis
395 1435 602 1484 Interpres‚
620 1447 699 1473 non
719 1435 812 1473 satis
834 1449 883 1473 ex
900 1448 1006 1473 vero.
1029 1431 1300 1488 Ἀκροστόλια
1321 1435 1362 1472 ἰη
1382 1439 1532 1471 summa

79 1497 237 1536 navium
257 1506 371 1544 prora
390 1498 521 1539 erant,
564 1491 702 1542 quibus
723 1492 873 1539 titulus,
899 1494 983 1529 sive
1003 1491 1146 1539 index}
1171 1494 1238 1542 qui
1258 1503 1399 1528 nomen
1418 1490 1531 1526 navis

82 1552 329 1597 continebat,
360 1550 572 1599 inscriptus
591 1553 683 1586 erat.
713 1545 840 1597 Supr'a
859 1555 987 1586 rostra
1004 1554 1088 1587 erat
1108 1544 1269 1595 στόλος,
1299 1549 1408 1584 cuius
1426 1552 1534 1583 sum-?

80 1621 143 1647 ma
163 1620 250 1658 pars
274 1601 557 1658 ἀκροστόλιον.
577 1603 675 1642 Vide
695 1602 751 1642 Cl.
770 1603 1002 1646 Salmasium
1021 1607 1063 1655 in
1085 1604 1209 1642 Solin.
1229 1616 1265 1652 p.
1285 1604 1394 1645 403.
1418 1609 1465 1645 εἴ
1479 1601 1532 1639 lo.

83 1663 268 1702 Scheffer.
292 1663 337 1699 de
360 1661 475 1699 Milit.
496 1661 597 1701 Nav,
622 1660 663 1698 L.
692 1660 739 1698 ll.
761 1662 801 1701 6.
825 1674 861 1710 p.
887 1662 991 1700 157.
1020 1661 1073 1699 ,ld
1106 1674 1198 1698 vero
1228 1662 1269 1697 in
1289 1672 1394 1697 more
1414 1658 1536 1696 habe-

82 1721 190 1769 hant,
217 1727 261 1757 ut
279 1721 393 1758 victis
413 1718 577 1755 navibus
596 1713 650 1757 τὰ
670 1712 921 1769 ἀκοοστόλια
943 1716 1212 1764 detraherent,
1236 1718 1360 1765 iisque
1384 1727 1472 1752 suas
1494 1717 1537 1751 in

82 1777 270 1817 victoriae
289 1781 557 1828 argumentum
577 1779 776 1813 ornarent
802 1772 1003 1823 Exempla,
1019 1775 1052 1813 si
1071 1773 1362 1821 velis,reperies
1382 1770 1425 1809 L.
1438 1769 1536 1807 XX.

89 1834 162 1873 53.
185 1839 224 1870 et
245 1844 325 1881 cap
350 1834 422 1871 88.
459 1830 581 1868 Porro
602 1840 696 1879 quae
718 1828 928 1867 Nicanoris
955 1835 1120 1867 mortem
1149 1835 1345 1881 spectant,
1374 1833 1412 1864 ct
1430 1827 1537 1864 frau-

86 1890 186 1936 dem,
214 1901 289 1940 qua
308 1901 331 1925 a
351 1886 567 1926 Cassandro
588 1889 876 1927 circumventus
895 1886 1025 1939 periit,
1050 1899 1095 1926 ea
1117 1887 1311 1936 copiosius
1334 1883 1539 1945 descripsit

86 1943 421 1998 Polyaen.L.lV.
446 1943 576 1983 11.1.
616 1941 752 1980 W'Ess.

201 2001 308 2041 313.
344 2002 418 2041 66.
468 1999 557 2050 Τῆς
580 1994 867 2050 Λιτιπὰτοου
899 1993 1164 2049 συμμαχίας]
1199 1995 1296 2048 Legi
1324 1994 1439 2031 debet
1464 1995 1539 2046 τῆς

86 2053 393 2108 Κασσάιὸρου,
426 2061 471 2092 ut
491 2055 590 2094 bene
617 2055 718 2093 vidit
737 2053 1053 2094 Rhodomaunus.
1097 2053 1198 2092 Nam
1215 2052 1417 2103 Antipater
1439 2052 1541 2090 inter

89 2117 203 2154 vivos
223 2126 336 2164 agere
358 2111 500 2150 dudum
530 2111 710 2150 desierat.
735 2111 871 2151 wass

206 2143 312 2210 3Ι3.
337 2170 411 2209 73.
446 2165 535 2218 Τὴν
549 2167 698 2217 βίβλον
718 2164 847 2207 αὐτοῦ
869 2160 1201 2220 περιγράψομεν]
1227 2162 1379 2202 Sustuli
1404 2162 1544 2210 labem,

91 2240 167 2276 qua
184 2226 259 2264 hoc
282 2226 442 2264 verbum
465 2224 740 2275 adsperserunt
761 2225 914 2264 librarii
937 2224 1174 2275 saepissime.
1227 2220 1316 2258 Vid.
1336 2225 1418 2257 not.
1435 2221 1478 2257 in
1498 2219 1543 2257 L.

84 2284 123 2322 >1.
145 2284 221 2325 41.
241 2296 278 2334 p.
302 2283 376 2323 51.
402 2281 537 2321 Wess.
