1859 3326
309 202 441 237 CLXX
595 199 877 230 OECONOMIA
912 197 1183 228 HISTORIAE
1221 198 1444 240 DIODORL

399 298 585 338 Sitalces,
615 305 684 332 rex
705 294 912 333 Thraciae,
935 293 1007 327 hoc
1030 297 1201 338 tempore
1229 294 1505 337 memorabilis,
1528 297 1606 328 tum
1625 293 1766 328 virtute

312 362 353 393 et
373 355 596 402 prudentia,
621 363 693 398 qua
713 352 925 394 eminebat,
954 356 1034 384 tum
1052 351 1153 385 bello
1171 352 1210 384 in
1230 350 1469 398 Perdiccam,
1495 361 1626 397 regem
1644 350 1768 385 Mace-

309 416 470 454 doniae,
499 416 621 456 gesto.
655 421 687 454 c,
705 413 760 447 50.
788 412 855 449 512

402 468 698 503 Lacedaemonii
716 466 867 499 tertium
891 464 1072 498 invadunt
1090 465 1263 498 Atticam.
1294 475 1325 499 c.
1345 466 1400 501 52.

402 527 499 560 Ann.
518 529 552 561 2.
600 523 828 568 Syracusani
851 522 990 555 bellum
1022 523 1059 555 in
1086 522 1299 570 Leontinos
1322 525 1494 564 movent,
1531 521 1618 566 qui,
1653 520 1771 554 misso

311 587 480 630 Gorgia,
512 581 798 618 Atheniensium
821 580 1003 612 auxilium
1032 580 1246 622 implorant.
1288 589 1318 615 c.
1336 583 1391 616 53.
1413 578 1471 617 54.
1491 599 1535 605 —-
1567 578 1699 611 Lesbii
1725 577 1771 610 ob

309 643 511 690 perfidiam
540 639 585 673 ab
605 636 897 676 Atheniensibus
922 637 959 668 in
988 640 1215 680 potestatem
1246 638 1402 671 redacti.
1436 647 1467 673 c,
1490 637 1545 673 55.
1590 634 1772 669 Plataeae

309 711 335 736 a
351 697 668 733 Lacedaemoniis
689 699 821 738 captae
842 697 881 727 et
899 694 1061 738 excisae.
1095 704 1125 727 c
1141 698 1200 732 56·
1232 693 1380 729 Seditio
1397 695 1436 728 in
1455 694 1579 727 insula
1595 693 1774 737 Corcyra,

308 768 400 797 mox
419 767 486 800 per
505 753 757 789 Athenienses
776 751 994 794 composita.
1030 761 1059 785 c.
1077 753 1133 788 57.

404 813 502 847 Αιιη.
518 813 553 846 3.
594 797 843 848 Pestilentia,
880 808 954 842 iam
979 812 1068 841 ante
1096 808 1290 850 saeviens,
1322 781 1479 842 Athenis
1500 817 1597 841 nova
1614 806 1652 840 vi
1671 816 1775 850 gras-

312 874 433 906 satur.
479 867 604 902 Morbi
623 876 782 908 causae,
805 865 988 900 remedia
1019 875 1050 898 c.
1067 866 1124 900 58.
1170 865 1317 900 Terrae
1341 871 1478 902 motus
1525 864 1581 897 Ob
1611 873 1675 897 eos
1698 861 1729 894 Ι
1734 872 1777 895 a-

313 926 550 964 cedaemonii
575 935 598 958 a
624 934 721 957 nova
746 923 1002 957 incursatione
1028 922 1066 955 in
1089 922 1249 956 Atticam
1282 926 1517 957 avertuntur.
1563 919 1729 955 Trachin
1753 929 1777 953 a

310 982 629 1021 Lacedaemoniis
647 982 859 1014 instaurata
878 984 915 1013 et
931 979 1122 1012 Heraclea
1138 979 1339 1026 appellata.
1374 988 1403 1016 c,
1423 980 1479 1015 59.

403 1040 502 1074 Ann-
520 1037 553 1075 4
602 1037 742 1071 Classis
773 1037 942 1079 Atticae,
991 1037 1086 1069 duce
1115 1034 1399 1078 Demosthene,
1439 1034 1705 1081 expeditiones
1737 1033 1776 1066 in

310 1098 550 1136 Leucadem,
575 1096 812 1134 Acarnanes,
836 1092 981 1137 Pylum.
1017 1103 1046 1129 c.
1068 1097 1164 1130 60—
1172 1097 1230 1131 63.

404 1162 423 1182 t
450 1155 685 1189 Atliiciuntur
713 1152 872 1183 notitiae
900 1148 1209 1194 chronologicae·
1245 1159 1347 1182 mors
1373 1148 1614 1188 Artaxerxis,
1646 1134 1780 1179 Persa-

312 1225 396 1249 rum
416 1213 539 1256 regis;
563 1210 601 1244 in
620 1209 732 1243 Italia
749 1208 867 1251 Aequi
883 1207 1029 1241 subacti
1047 1216 1070 1241 a
1087 1206 1289 1249 Romani53
1311 1205 1495 1240 Postumii
1512 1202 1722 1251 tiiumphus
1741 1205 1780 1236 et

311 1273 354 1306 in
370 1270 490 1305 tilium
508 1267 706 1312 asperitas,
740 1274 771 1298 c.
785 1263 842 1303 64

842 1326 1019 1376 Olymp
1037 1327 1249 1375 Lxxxlx.

403 1390 500 1425 Ann.
521 1393 552 1428 1.
599 1388 740 1422 Classis
757 1385 1065 1428 Atheniensium,
1088 1387 1268 1432 auspiciis
1285 1385 1438 1429 Niciae,
1462 1386 1540 1420 late
1560 1387 1723 1429 vagatur
1742 1386 1782 1418 et

312 1450 474 1485 infestat
489 1447 792 1491 Peloponnesum
816 1445 1015 1488 sociosque
1034 1432 1427 1478 Lacedaemoniorum
1446 1445 1486 1477 in
1504 1443 1649 1479 insulis.
1679 1452 1710 1477 e.
1720 1443 1782 1483 65.

314 1507 588 1551 Megarenses,
620 1503 667 1536 ad
697 1502 950 1535 Athenienses
970 1500 1216 1543 deficientes,
1247 1501 1427 1533 ῑὶιιεὶἱοεηί
1446 1500 1658 1552 aBrasida.
1704 1500 1783 1534 He-

315 1565 416 1599 lotas
434 1562 567 1596 fraude
589 1559 783 1594 occidendi
804 1559 834 1590 l
839 1558 1196 1592 acedaemoniorum
1217 1559 1387 1591 consilia.
1421 1568 1453 1590 c.
1471 1560 1527 1594 66.
1550 1560 1607 1594 67.
1653 1558 1785 1590 Blasi-

317 1622 386 1655 das
405 1619 641 1664 Amphipolin
659 1623 730 1650 etc.
754 1620 923 1660 occupat.
958 1625 987 1650 c,
1006 1617 1062 1650 68.
1111 1614 1364 1648 Athenienses
1383 1624 1463 1649 cum
1481 1614 1638 1648 Boeotis
1655 1616 1783 1666 decer·

316 1681 419 1719 tant,
451 1687 495 1710 ac
514 1674 659 1720 pioelio
680 1674 779 1719 apud
796 1673 947 1707 Delium
968 1674 1180 1705 vincuntur.
1212 1682 1243 1706 c
1266 1675 1321 1709 69.
1344 1673 1400 1707 70
1448 1671 1655 1705 Adiectae'
1649 1681 1783 1706 armes

317 1735 476 1768 notitiae
497 1733 543 1766 de
566 1737 688 1765 morte
708 1731 877 1764 Xerxis*
869 1742 906 1763 in
927 1731 1080 1772 Persia,
1110 1731 1265 1773 eiusque
1285 1728 1466 1772 proximis
1483 1730 1785 1772 successoribus3

320 1797 361 1827 et
376 1791 424 1824 de
442 1788 624 1824 Antiocho
644 1788 904 1832 Syracusano,
931 1798 1057 1821 rerum
1074 1786 1283 1820 Sicularum
1305 1786 1501 1829 scriptore.
1534 1795 1563 1818 c.
1581 1788 1638 1822 71.

410 1847 506 1881 Αηη.
523 1851 558 1883 2.
603 1846 787 1879 Brasidae
817 1845 856 1877 in
881 1844 1045 1878 Thracia
1070 1845 1276 1878 ulteriores
1302 1852 1540 1887 progressus.
1598 1842 1719 1876 Urbes
1746 1847 1785 1876 et

316 1905 465 1948 insulae
485 1904 584 1937 ultro
603 1902 784 1936 deficiunt
802 1903 848 1934 ab
866 1901 1171 1937 Atheniensibus.
1217 1901 1385 1935 Consilia
1404 1899 1537 1933 horum
1560 1891 1607 1934 de
1622 1900 1785 1933 induciis

318 1962 523 2000 faciendis,
550 1970 638 1993 mox
657 1960 766 1993 irrita
786 1959 899 1993 facta.
935 1969 966 1992 c.
984 1962 1041 1996 72.
1301 1966 1306 1971 ·

412 2018 508 2052 Arm.
526 2020 561 2055 3.
601 2018 778 2051 Cleonem
795 2016 1046 2051 Athenienses
1065 2018 1196 2049 contra
1211 2012 1408 2047 Brasidam
1427 2010 1466 2045 in
1482 2010 1684 2046 Thraciam
1704 2014 1786 2047 mit-

320 2081 419 2112 tunt.
477 2075 667 2108 Proelium
705 2075 752 2108 ad
779 2073 1037 2118 Amphipolin:
1084 2072 1245 2105 victoria
1268 2061 1661 2103 Lacedaemoniorum
1690 2073 1786 2111 erat,

296 2168 305 2172 ,
321 2133 473 2167 amissis
491 2131 536 2164 ab
555 2136 715 2177 utraque
735 2137 842 2176 parte
861 2129 1168 2176 imperatoribus.
1200 2129 1297 2163 Tum
1321 2127 1496 2162 induciae
1514 2120 1547 2158 L
1566 2135 1752 2160 annorum
1767 2130 1782 2146 ¹

295 2224 301 2227 ,
320 2191 451 2224 initae.
485 2197 516 2221 c.
535 2190 590 2226 73.
614 2189 671 2226 74.

413 2244 508 2278 Αηη.
535 2247 569 2280 4.
628 2244 761 2280 Sociae
796 2244 991 2285 civitates,
1030 2243 1174 2287 Argos,
1219 2239 1398 2281 Thebae,
1438 2237 1662 2281 Corinthus,
1681 2231 1788 2281 Elis,

324 2302 425 2347 quod
441 2300 691 2336 Athenienses
709 2307 748 2336 et
767 2301 1061 2336 Lacedaemonii
1090 2298 1248 2343 privatis
1266 2297 1434 2331 consiliis
1457 2297 1671 2340 pactionem
1694 2298 1788 2332 inie-

325 2364 434 2402 rant,
467 2362 599 2392 eontra
615 2370 680 2393 eos
699 2360 824 2404 ipsi-in
843 2360 1065 2392 societatem
1082 2358 1227 2391 coeunt.
1266 2364 1298 2389 c,
1316 2355 1371 2390 75.
1398 2357 1459 2394 76.

416 2425 435 2447 ⁴=
461 2415 506 2450 ln
528 2416 642 2450 ltalia
659 2417 837 2463 Campani
857 2416 994 2449 Cumas
1012 2414 1113 2447 bello
1138 2412 1329 2456 subigunt.

929 2478 962 2513 Ο
974 2480 1013 2524 ly
1024 2489 1103 2522 mp.
1117 2478 1194 2513 XC.

417 2539 513 2574 Αηη.
531 2541 564 2576 1.
612 2538 878 2579 Athenienses,
903 2538 1055 2571 oraculo
1077 2536 1271 2584 admoniti,
1299 2534 1421 2569 Deliis
1436 2531 1789 2574 redduntinsulam.

331 2599 387 2633 Ob
404 2599 539 2644 Pylum
558 2607 634 2632 non
649 2597 838 2634 redditam
855 2605 954 2630 nova
974 2593 1132 2628 dissidia
1149 2595 1248 2627 inter
1266 2591 1592 2626 Lacedaemonios
1616 2593 1655 2624 et
1677 2589 1789 2624 Athe-

421 2758 443 2795 1
476 2758 609 2792 Octavo
625 2763 705 2803 post
720 2765 812 2789 anno
830 2765 850 2786 a
865 2750 994 2788 Laced.
1015 2748 1217 2784 dissolutae.
1240 2747 1323 2784 vid.
1341 2747 1400 2783 01.
1409 2745 1506 2789 XCI,
1522 2749 1556 2784 3.
1572 2746 1635 2781 lib.
1643 2745 1741 2789 XIII,
1752 2748 1786 2782 8,
