1859 3326
326 223 423 265 460
553 264 557 267 ,
623 266 627 267 ⁷
774 216 1326 259 >ANNOTATIONES

322 334 448 376 LIX.
471 335 548 375 29.
595 332 716 372 Addit
739 332 886 371 Laertii
905 330 1009 369 filins
1037 331 1238 369 Zenonem
1261 331 1459 382 linguam,
1499 331 1680 372 dentibus
1698 336 1780 373 suis

323 394 558 438 demorsam,
607 392 651 427 in
682 404 725 427 os
759 390 917 440 tyranni
946 389 1169 437 exspuisse,
1216 391 1465 426 consentiens
1503 388 1661 429 Philoni
1697 391 1779 430 Iud.

325 449 436 496 Quod
460 449 544 485 Om
558 447 674 486 Proh.
688 447 771 484 Lib.
798 459 833 494 p.
846 447 951 486 881.
968 443 1017 479 D
1042 451 1082 481 et
1103 443 1311 481 Plutarcho
1333 446 1405 482 loc.
1422 445 1604 485 indicato.
1643 447 1781 486 WEss.

438 506 542 546 558.
578 505 649 544 76.
692 497 878 541 Λεύκιον
920 501 1168 550 Ταρκυΐνων
1211 497 1385 550 ἀνεψιὸν
1428 504 1504 541 τοῦ
1545 502 1778 555 βασιλέως]

320 550 420 603 Erat
447 560 685 609 Tarquinius
717 557 953 604 Collatinus,
994 555 1202 605 Tarquinii
1227 556 1392 606 Superbi
1422 567 1631 609 cognatus,
1674 561 1776 609 quod

322 632 372 657 ex
389 620 541 669 generis
565 618 662 653 serie
682 615 932 651 manifestum
955 619 1024 650 est.
1062 613 1297 663 Tarquinius
1317 614 1421 652 enim
1440 613 1599 653 Priscus
1618 616 1779 655 fratrem

319 675 453 713 habuit
482 674 678 718 Aruntem.
725 670 888 707 Aruntis
914 669 1020 715 iilius
1044 670 1121 708 fuit
1150 670 1328 722 Egeri-us.
1385 670 1520 722 Egerii
1541 671 1777 721 Tarquinius

321 731 545 770 Collatinus.
613 727 664 765 At
692 725 928 775 Tarquinius
956 725 1112 771 Priscus
1145 733 1321 777 nepotem
1355 727 1490 766 habuit
1522 727 1780 779 Tarquinium

321 787 561 836 Superbum,
600 790 645 821 ut
675 782 862 830 L.vPiso,
904 789 943 820 et
973 782 1190 834 Dionysius
1223 783 1423 822 Halicarn.
1457 785 1599 822 lih.1V.
1620 787 1776 834 p.2ll.

318 844 500 894 produnt.
560 840 605 877 ln
636 853 711 891 qua
742 843 859 877 etiam
888 842 1081 885 sententia
1102 840 1256 877 videtur
1276 841 1398 878 fuisse
1417 839 1626 879 Diodorus.
1677 842 1779 880 Nam

318 903 354 939 si
386 899 638 948 Tarquinium
669 896 886 946 Superbum
917 897 1043 933 Prisci
1059 896 1180 933 filium
1200 898 1382 946 fecisset,
1411 904 1453 935 ut
1473 898 1608 935 Livius
1631 899 1775 948 aliique

317 963 500 1002 censent,
529 962 611 991 tum
629 952 845 990 Collatinus
876 965 955 990 non
980 951 1165 1001 Superbi,
1207 954 1274 990 sed
1295 953 1407 991 Sexti
1426 956 1554 1004 potius
1589 963 1776 1006 cognatus

317 1013 397 1054 dici
420 1012 625 1049 debuisset.
664 1010 814 1049 Vires.
875 1006 986 1046 Conf.
1008 1008 1106 1048 Exc.
1130 1009 1219 1047 Vat.
1238 1010 1362 1060 p.38.
1392 1013 1463 1050 12.

433 1069 537 1110 558.
572 1069 643 1108 80.
679 1063 883 1118 Ἐγερθεὶς
904 1064 947 1104 ἐκ
965 1067 1039 1105 τοῦ
1062 1064 1283 1115 κοιτῶνος]
1332 1066 1601 1115 Adscripserat
1624 1065 1776 1105 Salma-

314 1126 417 1173 sius,
455 1126 633 1170 κοιτιῦιά
653 1135 732 1159 non
750 1135 833 1159 esse
856 1122 982 1159 cubile
997 1149 1008 1169 ,
1036 1122 1136 1170 quod
1153 1135 1300 1159 verum.
1360 1122 1589 1160 Cubiculum
1614 1124 1775 1172 indicat,

314 1190 358 1221 ut
376 1184 439 1219 vel
459 1180 685 1218 Glossarum
706 1177 944 1230 κοιτωνίτης
967 1178 1260 1226 cubicularias,
1297 1178 1343 1215 de
1364 1192 1438 1228 quo
1464 1178 1637 1216 Galenus
1656 1179 1775 1217 Prae-

314 1241 460 1289 cognit.
480 1237 658 1286 p.455.‚
680 1236 894 1273 testabitur.
940 1234 1018 1272 Sed
1041 1238 1122 1271 sive
1144 1233 1310 1271 Sextum
1334 1248 1382 1272 ex
1402 1235 1579 1274 cubiculo
1601 1238 1684 1273 sive
1706 1250 1772 1275 cu-

310 1296 383 1334 bili
405 1301 624 1345 surgentem
644 1295 770 1329 scelus
791 1291 1014 1342 adgressum
1036 1291 1203 1339 dixeris,
1233 1291 1368 1329 eodem
1387 1292 1547 1332 recidet.
1606 1292 1742 1330 VVESS.

429 1353 536 1392 558.
568 1353 609 1390 2.
650 1346 762 1395 Τοίς
783 1346 1094 1400 Σιρακουσίοῑς
1113 1318 1362 1399 vad-myxum]
1410 1347 1470 1385 Ad
1498 1356 1650 1386 amnem
1676 1349 1772 1386 Elo-

313 1421 423 1455 rum,
459 1408 504 1444 de
534 1420 608 1456 qua
640 1418 767 1456 pugna
796 1403 983 1440 Herodot.
1014 1403 1056 1441 L.
1071 1403 1154 1441 Vll.
1180 1405 1283 1444 154.
1312 1412 1349 1441 et
1371 1403 1585 1443 Timaeus·
1574 1418 1616 1444 m
1637 1404 1769 1444 Schol.

311 1465 360 1504 ad
381 1465 543 1502 Pindari
562 1462 787 1500 Nemeonic.
807 1460 918 1497 Odcn
931 1460 999 1498 [X.
1018 1472 1136 1510 prope
1156 1459 1283 1498 finem.
1341 1460 1475 1498 WVESS.

428 1522 531 1560 558.
566 1521 605 1559 5.
645 1516 722 1557 Ἐκ
755 1518 910 1556 πολλοῦ
941 1514 1322 1568 κατεσκευασμένον
1346 1514 1551 1570 χρυσίου]
1606 1517 1770 1556 Videtur

307 1577 415 1616 Iovis
435 1577 548 1614 huius
570 1576 765 1626 Olympii,
794 1585 956 1622 namque
978 1575 1203 1623 Olympium
1221 1587 1306 1611 eum
1326 1587 1350 1610 a
1375 1577 1605 1625 cognomine
1623 1576 1767 1624 templo

308 1634 547 1684 Syracusani
577 1633 788 1670 vocabant:
832 1631 987 1668 videtur
1019 1632 1174 1679 inquam
1203 1631 1401 1666 sollemnis
1430 1631 1550 1667 fuisse
1581 1644 1625 1667 ea
1644 1632 1770 1668 vestis

307 1690 426 1728 Iovis.
474 1689 574 1734 Quid
608 1688 727 1736 Gelo,
766 1689 881 1726 victis
903 1687 1068 1734 Poenis,
1098 1688 1156 1724 illi
1176 1686 1388 1734 addiderit,
1425 1687 1592 1735 quidque
1609 1689 1767 1724 molitus

305 1746 521 1797 Dionysius
550 1753 739 1795 tyrannus
768 1746 841 1791 sit,
880 1751 1016 1782 notum
1046 1744 1141 1781 satis
1173 1749 1243 1780 est.
1303 1743 1406 1794 Lege
1426 1742 1470 1780 P.
1490 1743 1654 1781 Victorii
1673 1743 1765 1782 Var.

307 1803 415 1842 Lect.
435 1804 479 1840 L.
494 1802 609 1840 XXI.
646 1804 715 1843 10.
774 1801 911 1838 XVESS.

346 1891 349 1893 -
422 1861 525 1900 559.
559 1861 635 1900 21.
667 1856 756 1897 Ἵνα
775 1854 885 1910 λάβῃ
906 1853 953 1896 τὸ
979 1857 1102 1906 σῶμα
1122 1857 1197 1895 τοῦ
1215 1851 1375 1907 πατρὸς
1397 1853 1452 1900 εἷς
1473 1851 1644 1908 ταφὴν]
1697 1853 1766 1893 Sic

304 1918 488 1967 plerique.
531 1914 645 1952 Corn.
656 1914 787 1964 Nepos
808 1916 920 1951 aliter
942 1916 982 1950 in
1004 1912 1100 1949 Cim.
1126 1925 1207 1960 cap.
1224 1914 1276 1959 1.,
1298 1912 1364 1949 ubi
1385 1910 1543 1949 Bosium
1562 1912 1650 1950 vide
1668 1919 1707 1950 et
1722 1911 1764 1950 S.

303 1974 419 2014 Petit.
446 1972 518 2010 LI.
540 1973 623 2010 Att.
645 1973 710 2008 lih.
728 1971 789 2008 [V.
818 1970 901 2007 Tit
910 1971 951 2009 9..
973 1983 1008 2019 p.
1021 1970 1127 2013 464.
1149 1969 1207 2005 ed.
1228 1981 1319 2006 nov.
1376 1967 1511 2005 Wsss.

420 2031 526 2069 559.
560 2030 632 2075 33
664 2026 755 2067 Ὅτι
779 2023 1011 2078 A'vrt2oaog
1031 2042 1051 2064 o
1074 2027 1200 2075 βασι)
1205 2021 1298 2075 avg]
1345 2024 1444 2062 Vide
1469 2006 1656 2076 Eclogaxn
1683 2024 1764 2075 pri-

304 2099 406 2127 marn
430 2099 477 2122 ex
501 2085 600 2122 libro
622 2084 737 2121 XXI.
762 2083 939 2120 Diodori.
982 2082 1147 2118 -VALEs,

421 2143 525 2182 559-
558 2142 633 2182 39·
657 2137 1042 2193 ”ΟτιἈγαθοκλῆς]
1079 2137 1177 2176 Vide
1195 2136 1331 2188 Eclog
1345 2137 1388 2177 3.
1409 2135 1457 2176 ·L.
1470 2134 1586 2174 XXI.
1606 2148 1642 2186 p.
1653 2127 1762 2177 490.

302 2198 447 2294 WVEss5

454 2255 524 2294 59.
557 2255 632 2294 40
674 2249 761 2293 Τὸν
781 2248 872 2291 τῖὂι
888 2234 1181 2303 Ἀγάθαρχον]
1224 2248 1300 2286 Hic
1319 2250 1428 2286 locus
1447 2250 1593 2300 legitur
1613 2251 1653 2286 in
1678 2247 1762 2285 Ex-

301 2314 443 2360 cerptis
474 2312 562 2348 libri
584 2309 715 2347 XXI.
734 2308 897 2346 Diodori
927 2308 1076 2355 Siculi,
1120 2319 1216 2355 quae
1247 2308 1410 2353 primum
1428 2319 1449 2345 a
1471 2305 1622 2343 Davide
1651 2305 1761 2342 Hoe-

299 2367 447 2406 schelio
478 2374 567 2404 sunt
594 2366 716 2413 edita,
755 2365 821 2402 scd
850 2363 1184 2412 corruptissimus,
1224 2365 1290 2411 qui
1318 2361 1408 2399 hinc
1430 2362 1624 2399 emendari
1642 2363 1757 2399 facile

300 2432 438 2476 potest.
500 2422 643 2460 lbi-lem
666 2420 930 2472 Archagathus
961 2432 1109 2467 semper
1138 2419 1280 2456 dicitur
1300 2418 1526 2469 Agathoclis
1553 2418 1680 2465 filius,
1719 2423 1759 2454 et

302 2481 403 2546 apud
425 2480 616 2517 Iustinum
638 2480 702 2516 lib.
714 2477 850 2515 XXH.
877 2478 942 2516 9.·
933 2505 942 2525 ,
971 2476 1037 2513 sed
1058 2475 1324 2527 Agatharchus
1344 2477 1466 2527 magis
1485 2477 1618 2525 placet.
1661 2474 1758 2511 Pro-

302 2540 390 2587 pius
422 2539 526 2574 enim
554 2535 702 2573 accedit
731 2535 778 2571 ad
810 2536 930 2583 patris
960 2532 1182 2584 Agathoclis
1212 2541 1376 2579 nomen}
1406 2507 1540 2581 Datque
1584 2533 1640 2568 ita
1671 2544 1757 2568 eum

299 2595 486 2644 Polybius
507 2594 673 2642 appellat
698 2593 736 2627 in
732 2585 953 2638 Excerptis
976 2592 1048 2640 lew
1050 2592 1211 2626 itionum
1232 2601 1312 2636 cap.
1329 2591 1387 2635 1.,
1414 2589 1481 2625 ubi
1501 2588 1547 2624 ab
1567 2600 1641 2625 avo
1658 2586 1756 2637 Hip—

299 2651 467 2701 pocratis
491 2658 602 2697 atque
622 2648 809 2697 Epicydis
829 2649 995 2684 occisum
1017 2659 1099 2682 csse
1123 2645 1268 2682 scribit.
1324 2644 1475 2681 VALES.

418 2707 521 2746 559.
554 2706 629 2745 43
674 2701 760 2743 Τὸν
790 2704 864 2742 τοῦ
885 2699 1089 2753 βασιλίεως
1120 2699 1211 2740 υἱὸν
1226 2698 1482 2753 Λγαῧοκὶέα
1501 2697 1593 2749 etc.]
1646 2697 1755 2750 Aga-

299 2763 488 2809 thoclem,
537 2760 756 2812 Lysimachi
793 2758 835 2796 1<
827 2787 858 2806 ,
913 2761 955 2796 in
995 2757 1290 2795 Dromichaetac
1332 2763 1560 2806 potestatem
1599 2758 1753 2792 venisse

298 2818 511 2857 Pausanias
530 2830 608 2855 non
631 2823 747 2868 negat
770 2815 812 2852 L.
826 2815 854 2854 l
881 2817 921 2855 9.
952 2829 987 2865 p.
1000 2815 1095 2862 23.
1126 2813 1288 2851 haerens
1307 2820 1434 2851 tamen
1454 2812 1500 2850 ob
1525 2813 1755 2860 scriptorum

301 2876 554 2921 discordiam,
602 2875 669 2924 qui
697 2871 967 2924 Lysimachum
1003 2875 1130 2921 ipsum
1160 2877 1316 2921 captum
1343 2871 1464 2908 fuisse
1489 2867 1752 2918 prodiderant.
