1891 3310
343 191 420 223 DE
456 187 772 220 FONTIBUS
804 186 962 218 HIST.
994 185 1286 219 DIODOIM.
1389 189 1543 220 CXXlX

78 299 183 330 mus,
222 289 354 332 utpote
396 287 682 329 antiquissimos
724 284 825 318 inter
862 282 1031 317 Graecos
1068 283 1187 317 seculi
1214 282 1542 321 Ptolemaeorum!

79 347 326 389 Collegerant
353 344 453 376 enim
478 342 515 376 hi
547 347 585 375 et
609 342 913 386 perscripserunt
928 342 1084 384 accepta
1099 350 1122 373 a
1138 341 1399 376 sacerdotibus
1416 344 1463 377 de
1484 356 1542 379 re-

77 403 149 437 bus
174 402 441 446 Aegyptiacis,
484 400 559 433 etsi
587 408 740 439 eorum,
773 407 869 442 quae
895 397 1218 440 perscripseram,
1256 403 1323 431 aut
1349 410 1422 433 non
1448 403 1542 436 satis

78 462 298 495 accuratam
327 469 414 500 eos,
442 461 510 491 aut
525 457 573 490 ad
593 456 761 490 Graecas
780 453 959 488 historias
978 457 1016 487 et
1033 454 1242 499 religiones
1262 455 1449 490 deflexam
1465 459 1543 502 ple-

76 527 237 562 rumque
259 517 452 550 notionem
474 513 654 548 habuisse
680 512 792 546 facile
811 511 1077 548 concesserim,
1124 512 1184 546 De
1201 512 1278 546 fide
1296 513 1541 551 Manethonis

79 585 125 611 ex
154 574 271 609 nobili
296 574 380 608 loco
408 572 455 606 de
480 572 664 605 columnis
692 572 731 604 in
757 572 863 603 terra
886 567 1082 602 Seriadica
1102 570 1203 613 apud
1221 570 1360 608 Euseb.
1383 576 1422 606 et
1440 571 1541 617 Syn-

77 633 215 667 cellum
241 631 493 675 praecipitare
518 629 695 663 iudicium
715 628 851 666 nolim,
883 635 970 658 nam
996 629 1055 659 est
1076 626 1142 661 ille
1165 627 1211 661 ab
1239 629 1540 673 exscriptoribus

74 689 331 733 interpolatus
357 692 396 721 et
420 686 646 731 corruptelis
672 685 960 719 contaminatus,
1020 682 1209 723 Quantum
1226 689 1355 720 tamen
1380 697 1427 720 ex
1451 687 1543 721 Dio-

76 747 192 781 dom
197 747 297 780 erbis
315 746 378 779 lib.
390 744 457 779 III.
480 749 532 781 11.
559 744 741 788 colligere
756 742 867 782 licet,
894 751 940 774 ex
963 738 1238 785 Agatharchide
1256 747 1295 776 et
1312 741 1542 778 Artemidoro

75 805 242 839 maxime
268 803 409 848 pendet
425 801 585 834 Diodori
617 800 712 834 fides
733 799 771 833 in
788 798 891 833 rebus
911 796 1148 843 Aegyptiacis
1165 809 1240 832 non
1259 801 1404 842 minus,
1429 811 1543 845 quam

75 863 115 895 in
146 861 390 905 Aethiopicis.
440 858 536 892 Sunt
561 862 687 892 autem
715 858 770 891 illi
799 867 819 891 e
844 857 976 901 primis
1001 855 1310 891 Ptolemaeorum
1337 858 1542 901 aetatibus,

76 922 118 954 et
135 919 360 963 diligentes,
385 918 425 950 in
445 915 712 961 geographicis
730 914 866 948 saltem
879 939 889 956 ,
915 914 1133 956 scriptores.

169 973 408 1009 Plutarchum
433 984 562 1008 eorum
574 998 584 1016 ‚
614 983 711 1018 quae
728 973 766 1005 in
784 972 881 1006 libro
899 971 946 1005 de
963 971 1064 1004 Iside
1084 973 1124 1004 et
1142 970 1293 1006 Osiride
1312 972 1424 1007 modo
1443 983 1542 1007 com-

75 1037 290 1076 mentatur,
331 1033 444 1067 modo
477 1035 697 1076 argutatur,
736 1032 816 1062 tam
849 1039 982 1074 parum
1015 1028 1224 1072 diligenter
1258 1031 1543 1074 auctoritatem,

74 1101 188 1137 quam
207 1091 398 1135 sequitur,
429 1099 642 1134 apponere,
674 1097 792 1131 aegre
813 1086 986 1120 serimus.
1032 1085 1222 1120 Diversae
1238 1088 1476 1123 auctoritatis
1496 1099 1544 1122 ea

78 1159 187 1191 esse,
212 1153 252 1183 et
266 1146 520 1192 hieroglypha
536 1147 619 1190 ipsa
637 1146 887 1190 antiquosque
908 1142 1061 1190 mythos
1080 1143 1218 1189 (λόγους
1232 1142 1359 1190 ἱεροὺς)
1382 1155 1464 1178 cum
1480 1146 1544 1179 in—

73 1205 414 1250 terpretationibus
435 1205 546 1239 modo
565 1203 821 1247 antiquiorum
837 1201 950 1238 modo
968 1201 1240 1237 somniantium
1265 1201 1541 1239 Graeculorum

71 1264 292 1309 permixtim
313 1263 449 1307 apponi
467 1262 579 1296 facile
599 1260 785 1295 odoreris.

167 1320 276 1361 Quod
295 1331 328 1364 p.
340 1329 363 1352 1
367 1330 506 1353 xxxiv.
527 1323 674 1364 partem
695 1316 868 1358 fabulose
884 1296 1125 1351 narratorum
1143 1315 1194 1350 ad
1211 1299 1433 1350 sacerdotes
1449 1320 1544 1351 tem-

74 1375 223 1422 plorum
246 1376 420 1410 aedituos
444 1377 580 1419 letuli,
613 1377 675 1422 qui
704 1375 943 1419 antiquorum
973 1375 1012 1408 in
1037 1375 1190 1418 templis
1210 1378 1544 1408 monumentorum

74 1435 264 1468 rationem
284 1434 446 1468 reddere
464 1434 626 1476 vellent,
656 1433 813 1477 egregie
832 1432 1018 1465 illustrari
1035 1436 1164 1476 potest
1184 1431 1336 1473 libello,
1361 1432 1425 1476 qui
1443 1433 1545 1466 inter

75 1489 272 1525 Lucianea
291 1490 471 1533 habetur,
506 1490 553 1524 de
577 1490 661 1523 Dea
678 1489 811 1534 Syria3
842 1489 1010 1523 refertus
1030 1490 1096 1523 ille
1114 1494 1175 1524 est
1192 1488 1377 1522 eiusmodi
1398 1488 1545 1523 fabulo-

76 1549 130 1581 sis
150 1548 444 1582 narratiunculis
460 1547 722 1590 sacerdotum,
746 1548 809 1592 qui
826 1557 939 1581 veras
958 1557 1110 1581 suarum
1128 1546 1358 1590 religionum
1374 1547 1544 1591 origines

74 1605 148 1650 ipsi
164 1606 403 1650 ignorabant.

171 1663 276 1704 Quae
300 1674 334 1708 p.
354 1672 449 1698 xcu.
479 1661 527 1695 ad
549 1661 614 1698 lib.
631 1661 699 1696 III.
730 1660 891 1695 Diodori
922 1659 969 1696 de
988 1661 1102 1695 rebus
1119 1659 1270 1695 Africae
1296 1661 1336 1694 in
1359 1661 1460 1695 votis
1479 1659 1546 1694 ha-

74 1721 255 1764 bueram,
284 1722 387 1754 inter
417 1730 463 1753 ea
488 1723 596 1761 sunt,
630 1730 788 1763 quorum
809 1719 856 1752 ab
880 1730 925 1754 eo
943 1718 1032 1752 inde
1051 1723 1221 1762 tempore
1239 1717 1358 1764 (1784)
1382 1719 1459 1752 iam
1476 1719 1544 1752 ali-

76 1789 151 1825 qua
181 1789 229 1813 ex
257 1783 365 1822 parte
392 1781 586 1821 compotes
614 1777 705 1811 facti
733 1787 875 1811 sumus.
925 1776 1155 1820 Obtigerunt
1176 1776 1345 1820 praemio
1377 1785 1397 1809 e
1422 1775 1544 1819 Regia

74 1837 309 1871 liberalitate
338 1837 378 1869 in
403 1835 608 1869 Academia
640 1838 771 1869 nostra
799 1836 958 1867 ornatae
989 1834 1328 1867 commentationes
1356 1830 1412 1864 Io.
1436 1830 1542 1870 Frid,

76 1892 266 1928 Hermia-lec
288 1894 335 1927 de
355 1891 599 1937 Geographia
616 1892 766 1926 Africae
782 1892 1007 1926 Hei-odotea
1024 1894 1124 1928 1788.
1151 1894 1190 1924 et
1209 1888 1264 1924 Io.
1282 1887 1412 1926 Melclc,
1428 1888 1544 1923 Hart-

76 1962 187 1986 manu
207 1952 253 1985 de
275 1950 518 1995 Geographia
532 1949 684 1984 Africae
699 1950 903 1982 Edrisiana
923 1951 1023 1986 1791.
1069 1947 1235 1991 Vulgata
1256 1951 1460 1990 praeterea
1484 1953 1544 1982 est

77 2008 134 2044 Io.
157 2008 291 2043 Brucii
312 2010 481 2043 narratio
515 2008 560 2042 de
588 2007 808 2051 Abyssinia‚
842 2011 882 2040 et
909 2007 1000 2039 coiit
1026 2004 1187 2039 Societas
1212 2006 1313 2038 inter
1336 2004 1543 2039 Britannos

70 2065 357 2113 profectionibus
370 2078 440 2111 per
461 2065 615 2112 Africae
633 2062 809 2097 interiora
822 2063 999 2108 parandis
1018 2068 1050 2096 et
1068 2061 1205 2095 tuendis
1228 2063 1267 2103 ¹3
1301 2073 1460 2106 quorum
1480 2073 1543 2097 ve-

76 2125 202 2169 stigiis
225 2125 428 2166 insistens,
462 2123 747 2167 comparatione
775 2132 858 2155 cum
885 2122 952 2163 iis,
985 2131 1082 2166 quae
1108 2121 1154 2154 ab
1175 2119 1376 2154 Herodoto
1400 2120 1543 2154 tradita

76 2186 185 2223 sunt,
217 2180 340 2224 facta,
373 2186 545 2215 veterum
576 2182 833 2214 mercatorum
857 2179 960 2212 idem
986 2183 1024 2211 et
1050 2188 1120 2222 per
1139 2177 1293 2212 easdem
1317 2181 1442 2210 terras
1466 2178 1542 2215 iter

75 2237 216 2280 fuisse,
248 2239 348 2283 quod
374 2250 473 2272 nunc
495 2242 688 2279 tentatur,
725 2241 836 2270 acute
865 2240 905 2270 et
923 2236 1034 2270 docte
1051 2237 1181 2270 docuit
1203 2237 1245 2269 A.
1262 2235 1315 2269 H.
1332 2233 1377 2267 L.
1398 2233 1542 2268 Heeren

76 2299 210 2338 noster
227 2296 274 2330 V.
293 2297 332 2329 C.
353 2296 392 2329 in
409 2297 507 2331 libro
528 2306 648 2340 nuper
667 2294 769 2328 edito
789 2294 1006 2338 gravissimi
1027 2291 1283 2338 argumenti2.

172 2353 278 2387 Inter
302 2355 529 2398 scriptores,
553 2355 615 2398 qui
634 2352 804 2387 Diodoro
824 2350 923 2384 haud
945 2352 1065 2399 ignoti
1085 2360 1170 2384 esse
1188 2354 1364 2394 potuere⁷
1389 2356 1542 2391 p-cxm.

80 2420 166 2446 esse
185 2410 316 2444 debuit
334 2410 464 2453 Philo,
493 2409 512 2445 ὁ
539 2410 740 2457 συγγράψας
760 2407 822 2444 τὸν
845 2412 891 2447 εἰς
909 2410 1108 2442 Αἰθιοπίαν
1132 2407 1262 2449 πλοῦν,
1294 2407 1429 2452 quippe
1449 2406 1542 2439 Era-

172 2545 193 2581 1
221 2544 329 2578 Cuius
348 2545 454 2576 etiam
475 2543 609 2588 plodiit
624 2543 775 2576 narratio
796 2551 985 2575 conatuum
1006 2542 1098 2573 hac'
1091 2554 1125 2573 ιη
1145 2552 1204 2573 re:
1230 2538 1463 2581 Proceeding
1451 2550 1484 2569 rs
1502 2537 1551 2582 of

83 2591 146 2624 tlte
168 2592 410 2625 Association
437 2590 504 2634 for
530 2591 766 2635 cli'gscoverm
788 2590 852 2621 tlte
881 2590 1038 2621 i'nterzor
1054 2589 1170 2621 Parts
1198 2587 1246 2631 of
1258 2585 1404 2629 As'rzca.
1442 2585 1540 2626 (δεῖ.

82 2638 362 2683 Anzeig1.7{)0
382 2638 547 2680 1 1870.)
571 2645 604 2668 et
621 2648 731 2678 nuper
735 2615 975 2669 O'Addttional
994 2633 1260 2667 Observations
1278 2630 1542 2672 (Gentlemaus

83 2664 293 2729 lilaoazine
314 2683 510 2727 May1793
529 2695 563 2725 p.
574 2683 651 2717 405,
671 2680 763 2724 sqq.)

173 2731 197 2764 2
230 2729 344 2762 Ideen
363 2729 451 2761 uber
468 2729 526 2761 ἄιε
543 2727 702 2767 Politik,
728 2728 801 2760 den
824 2727 859 2759 V
859 2724 987 2760 erkelcr
1001 2723 1079 2759 und
1094 2724 1168 2759 den
1182 2721 1337 2759 Handel
1363 2722 1428 2756 der
1455 2734 1541 2755 νοι-

83 2772 276 2806 nehmsten
300 2776 336 2805 V
334 2774 434 2807 olker
453 2775 516 2808 der
534 2773 639 2808 alten
661 2772 780 2808 lVelt.
816 2773 919 2810 1793.

134 2830 232 2866 Yon.
249 2830 293 2867 11,
318 2832 488 2866 APPEND.
1219 2826 1236 2859 i
