1891 3310
409 172 475 212 IN
508 152 621 212 mn.
651 170 778 210 xvi.
806 168 935 209 cAP.
967 170 1043 211 74.
1070 172 1219 211 —-·77.
1460 178 1525 217 29

83 293 219 324 auctor
230 282 297 333 ὄξι
296 286 434 338 βελεΐς
450 281 710 330 καταπέλτας
726 289 766 321 et
782 284 1004 332 saepissime
1021 278 1040 321 ὀ
1047 282 1227 333 ’ξυβελεΐς
1237 296 1389 334 vocare,
1405 299 1535 337 quern-

82 342 286 380 admodum
317 348 356 379 et
375 341 556 391 Iosephus
585 341 687 378 Belli
715 339 797 378 Iud.
816 339 859 377 L.
882 339 929 376 II·
953 340 1023 380 19.
1043 340 1084 379 9.
1129 337 1244 377 Prius
1282 342 1388 378 dabit
1418 348 1533 383 ctiam

79 399 193 437 Philo
217 401 258 436 in
277 398 490 447 Belopoeic.
513 410 548 446 p.
573 398 662 445 89„
689 403 729 433 et
746 393 917 446 ὀξυβελέ
898 409 939 442 ς
958 392 1149 448 ὄργανον
1163 407 1200 443 p.
1225 397 1298 436 56.
1332 398 1473 440 WVEss

195 455 298 496 140
326 455 366 493 3
406 452 508 492 Ἐπί
532 467 641 500 τιιος
678 450 849 503 αὐχένος
887 447 1057 503 υψηλοῦ
1084 447 1368 505 χεῤῥονήσου]
1420 455 1530 494 Conf.

77 507 423 550 P11n.L.1V.11.
454 517 494 546 et
519 509 709 546 Ammian.
739 507 782 547 L.
803 507 934 546 XXII.
960 512 1000 550 8.
1030 514 1068 545 et
1098 518 1196 556 quae
1224 508 1418 559 adscripta
1440 520 1532 550 sunt

77 566 209 604 ltiner.
232 566 419 603 Antonin.
437 578 474 614 p.
501 567 606 606 323.
635 565 686 602 W
691 575 777 604 Ess.

193 623 295 663 141.
328 624 370 662 9.
401 622 778 673 Διοικοὸομοῦντες
794 617 874 673 γὰρ
892 615 990 667 τοὺς
1011 617 1276 673 στενωποὺς]
1302 620 1394 661 Not.
1417 624 1458 660 in
1484 623 1528 660 L.

75 677 186 716 XIII.
210 680 281 719 56.
313 679 388 716 adi.
437 678 650 728 Sequentia
678 683 851 716 verterat
882 677 1093 725 interpres,
1123 680 1352 729 superiores
1367 679 1530 718 subinde

73 736 207 772 domos
236 736 321 772 loco
350 737 456 772 muti
482 735 726 781 inszzdebant
762 733 893 770 nescio
922 732 1013 782 quid
1043 739 1217 771 secutus:
1265 746 1357 771 nam
1391 734 1525 784 steph.

73 804 207 842 margo
228 798 266 828 et
286 791 422 830 Venet.
450 793 507 828 illi
527 804 603 828 non
623 791 768 830 favent.
797 789 913 840 Ego’
902 801 944 825 ιιι
963 790 1121 839 vulgato
1142 792 1355 838 acquiesco.
1385 790 1529 830 WEss.

192 848 290 888 141.
310 849 384 887 20.
414 845 485 885 Af,
480 844 559 893 τὸς
577 844 827 896 ποοσέπεσεν
846 841 966 897 ἄφνω
982 847 1040 883 τῶ
1056 843 1292 901 Βυζαντίῳ]
1322 845 1528 896 Sumptum

72 904 115 940 in
136 901 344 952 Byzantios
373 902 568 939 Archonte
595 900 830 939 Nicomacho
862 901 1005 937 bellum
1036 914 1059 939 a
1085 887 1266 950 Philippo
1295 903 1416 940 fuisse
1447 904 1529 942 De-

72 958 210 996 mosth.
233 958 399 1007 Philipp.
421 959 481 996 IV.
510 973 545 1009 p.
570 961 641 1000 86.
654 985 666 1006 ‚
695 970 810 1006 quam
830 956 903 993 hoc
929 969 1031 993 anno
1060 961 1276 1007 peroravit,
1306 965 1344 995 et
1361 958 1527 1011 Dionys.

69 1013 192 1065 Epist.
211 1015 259 1051 ad
279 1014 406 1054 Αιιιιιι.
426 1027 464 1084 p.
484 1017 588 1056 123.
610 1014 831 1052 ostendunt.
859 1011 918 1049 De
937 1026 983 1049 eo
1002 1012 1231 1053 IustinusL.
1248 1014 1317 1052 IX.
1334 1017 1372 1055 1.
1389 1016 1439 1054 W
1443 1028 1525 1055 Ess.

99 1093 104 1097 -
187 1072 290 1112 141.
321 1073 396 1111 29.
430 1067 695 1123 Ἀοξάμενος
715 1067 796 1109 ἀπὸ
817 1083 893 1120 της
910 1083 994 1108 των
1014 1064 1295 1122 (Ηρακλειδῶν
1314 1069 1524 1121 καθ-ὁδου]

66 1125 164 1165 Vide
185 1127 228 1165 L
250 1127 314 1165 IV.
340 1130 378 1168 1.
411 1135 449 1165 et
470 1128 559 1165 Ger.
580 1128 633 1164 Io.
652 1128 833 1164 vossium
856 1126 899 1162 de
919 1124 1021 1162 Hist.
1044 1124 1180 1163 Graec.
1201 1126 1244 1163 L.
1266 1126 1295 1164 I.
1319 1130 1358 1167 7.
1386 1128 1521 1166 1Vssss.

185 1185 290 1224 141.
315 1185 387 1224 35.
419 1182 556 1238 [ΙΙέχρι
576 1197 650 1236 της
674 1181 882 1221 Φιλίππου
901 1179 1110 1234 τελευτῆς]
1137 1181 1430 1233 Disputavimus
1452 1185 1525 1224 hae

67 1237 115 1276 ‹le
133 1252 175 1278 re
193 1240 240 1278 ad
266 1240 378 1278 huius
400 1241 466 1278 lib.
489 1254 521 1280 c.
551 1241 621 1280 14.
652 1239 788 1277 WVEss.

184 1297 289 1337 141.
316 1298 393 1337 40.
429 1290 696 1348 Ἀ’ντικλῆςὸ
726 1291 974 1345 Ἀθηναῖος]
1012 1291 1140 1330 Reddi
1167 1294 1295 1332 victor
1325 1294 1389 1333 hic
1410 1297 1523 1336 debet

65 1348 227 1391 Eusebii
251 1351 460 1403 Catalogo,
488 1352 590 1390 unde
610 1350 769 1391 excidit.
807 1349 867 1388 De
891 1350 1113 1388 consulibus
1132 1348 1248 1388 huius
1270 1355 1364 1391 anni
1383 1352 1521 1393 Livius

66 1406 110 1445 L.
131 1408 216 1448 VII.
237 1412 314 1450 28.
344 1409 482 1447 Wess.

183 1466 288 1506 141.
313 1466 387 1505 42.
416 1463 651 1517 Ἀθηναῖοι
667 1461 743 1516 μὲν
765 1460 927 1516 ἔκριναν
945 1457 1019 1502 τὸν
1038 1461 1245 1503 Φίλιππον
1266 1462 1360 1517 etc.]
1390 1464 1520 1504 Theo-

65 1518 223 1569 phrasto
246 1521 463 1572 Archonte,
501 1533 656 1570 pacem,
692 1533 788 1570 quae
816 1519 1038 1568 Philippum
1067 1522 1170 1557 inter
1198 1526 1237 1557 et
1262 1520 1520 1561 Athenienses

66 1584 155 1626 post
182 1577 395 1628 Olynthum
418 1585 568 1628 captam
588 1579 802 1624 coaluerat,
828 1577 1073 1614 dissociatam
1093 1576 1237 1624 fuisse,
1265 1576 1520 1616 Philochorus

67 1633 199 1672 itidem
221 1634 331 1672 docet
356 1637 398 1673 in
419 1633 603 1685 Dionysii
628 1633 753 1684 Epist.
773 1633 823 1670 ad
842 1632 965 1670 Amm.
986 1645 1022 1682 p.
1049 1633 1153 1673 124.
1194 1630 1369 1683 Signifer
1388 1641 1427 1671 et
1449 1635 1519 1672 fax

66 1686 345 1728 Demosthenes
364 1698 458 1741 erat,
490 1703 565 1740 qua
580 1704 623 1728 re
643 1704 724 1727 sese
744 1692 864 1727 iactat
883 1688 951 1726 Or
972 1701 1043 1739 pro
1063 1686 1386 1739 Coron.p.152.
1408 1690 1518 1728 Adde

65 1743 167 1784 Plut.
187 1749 228 1784 in
242 1746 441 1785 Demosth.
460 1761 495 1796 p.
518 1748 622 1787 853.
632 1745 681 1783 D.
712 1746 851 1784 Wnss.

182 1804 286 1844 141
316 1805 392 1843 44.
423 1799 616 1853 Δύναμιν
646 1799 843 1852 ναυτικὴν
872 1795 1084 1853 ἀξιόλογον
1106 1796 1365 1853 ἐξέπεμψαν]
1395 1800 1520 1840 Classi

66 1859 283 1907 praefectus
312 1860 388 1896 fuit
415 1858 610 1905 Phocion,
648 1864 692 1895 ut
718 1871 767 1894 ex
795 1857 897 1894 Plut.
927 1855 1042 1894 Phoc.
1072 1869 1108 1906 p.
1134 1857 1238 1898 748.
1266 1857 1313 1894 A.
1353 1865 1519 1907 constat,

67 1916 134 1962 qui
153 1916 316 1952 navibus
337 1925 421 1951 cxx
451 1914 663 1965 Byzantios
694 1920 732 1950 et
748 1912 970 1951 Perinthios
990 1913 1188 1979 pericu103
1215 1913 1316 1962 quod
1342 1915 1518 1965 urgebat,

66 1971 274 2019 expedivit.
304 1971 382 2021 Ipsi
399 1977 554 2021 proptm
557 1984 600 2008 ea
617 1973 657 2008 in
677 1971 843 2016 decreto,
864 1981 938 2018 quo
956 1976 1107 2019 gratum
1126 1971 1295 2007 animum
1307 1969 1519 2008 Athenien-

65 2027 170 2064 sibus
188 2028 436 2077 profitentur,
466 2021 690 2079 βοηθησας
707 2021 749 2079 (ὃ
772 2026 905 2077 δᾶμος
923 2027 1008 2064 τῶν
1029 2021 1287 2091 Ἀθηναίων)
1315 2025 1517 2066 πλοίοισιν

63 2077 211 2122 ἑκατὸν
231 2098 300 2122 και
327 2081 476 2132 εἴκοσι,
504 2099 571 2122 και
601 2082 718 2136 σι’τω,
743 2096 812 2121 και
840 2079 997 2133 βέλεσι,
1027 2079 1096 2120 καὶ
1117 2077 1317 2131 οπλίταις,
1347 2081 1517 2130 ἕξειλετο

63 2134 142 2189 άμε
173 2137 216 2178 ἐκ
242 2141 327 2179 τῶν
363 2136 553 2193 μεγάλων
578 2124 778 2179 κινδύνων
815 2140 859 2177 in
888 2136 1140 2174 Demosthen.
1175 2137 1244 2175 Or.
1272 2151 1342 2188 pro
1379 2137 1519 2177 coron.

63 2205 102 2243 Ρ.
124 2196 226 2235 151
257 2196 306 2233 W
310 2206 394 2232 Ess.

181 2252 285 2292 141.
314 2253 389 2292 49.
420 2250 504 2291 Καὶ
523 2248 627 2308 πρὸς
642 2247 895 2303 Ἀθηναίους
915 2257 987 2287 etc
1017 2247 1215 2289 συνέθετο
1236 2247 1311 2302 τὴν
1331 2245 1515 2302 ειρηιηι]

64 2305 124 2343 De
154 2307 223 2345 hac
255 2320 347 2357 pace
374 2310 465 2346 licet
493 2309 687 2346 dubitare:
718 2321 806 2345 nam
838 2314 877 2343 et
898 2305 1150 2343 Demosthen.
1178 2305 1247 2343 Or.
1276 2309 1318 2343 in
1350 2306 1518 2356 Philippi

63 2361 206 2412 Epist„
235 2375 347 2413 quam
370 2378 455 2402 cum
476 2366 640 2402 maxime
663 2364 779 2410 dixit,
803 2365 865 2401 civ
868 2376 908 2400 es
937 2375 1027 2400 suos
1054 2362 1156 2398 bello
1185 2362 1373 2410 accendit,
1402 2369 1517 2411 utque

65 2426 212 2457 ceteros
232 2420 465 2458 Graecorum
482 2422 672 2467 incitent,
699 2419 817 2457 cohor
820 2425 945 2467 tatur,
973 2425 1011 2455 et
1031 2417 1315 2455 Philochorus’
1303 2431 1346 2455 ιιι
1365 2417 1517 2467 Diony--

66 2477 115 2513 sii
144 2476 193 2513 ad
226 2476 347 2514 Amm.
375 2476 499 2525 Epist.
525 2491 560 2527 p.
587 2478 690 2516 124.
723 2477 895 2523 locuples
925 2475 1036 2511 testis
1055 2480 1139 2522 est,
1168 2473 1242 2510 hoc
1272 2480 1311 2510 et
1339 2476 1517 2521 sequenti

65 2545 168 2569 anno
192 2535 454 2570 continuatum
474 2533 595 2570 fuisse
617 2532 771 2569 bellum.
802 2532 936 2578 Itaque
956 2533 990 2567 si
1011 2543 1056 2567 ea
1084 2531 1237 2577 coaluit,
1268 2530 1369 2578 quod
1384 2537 1517 2565 auctor

65 2587 242 2626 adfirmat
267 2596 306 2626 et
336 2588 615 2626 Demosthenes
638 2590 767 2625 innuit
798 2586 864 2623 Or.
889 2598 958 2634 pro
980 2584 1067 2624 Cor.
1098 2598 1133 2634 p.
1160 2587 1285 2632 l70.‚
1311 2598 1517 2633 pancorum

63 2644 140 2681 fuit
158 2647 358 2691 mensium,
387 2657 547 2694 quorum
567 2646 691 2692 spatio
718 2642 883 2693 Scythas
904 2641 1104 2691 Philippus
1123 2643 1270 2679 invasit
1293 2647 1331 2677 et
1351 2640 1517 2689 adflixit,

67 2700 226 2738 docente
249 2701 397 2738 lustino
418 2701 460 2738 L.
487 2700 558 2740 IX.
581 2702 624 2740 2.
655 2700 790 2737 VVnss.

181 2758 284 2797 141.
319 2758 389 2797 57.
434 2757 555 2802 Ναῦς
594 2754 639 2795 δὲ
671 2751 836 2807 μακρὰς
863 2752 939 2806 μὲν
980 2751 1219 2805 διακοσίας]
1262 2750 1329 2788 Sic
1365 2754 1517 2800 optime.

66 2811 162 2849 Vide
184 2813 429 2858 Plutarchum
454 2813 596 2852 Timol.
625 2825 661 2862 p.
685 2812 793 2852 248.
811 2809 854 2849 Β.
886 2809 1021 2849 WEss.

123 2868 217 2906 Vol..
251 2869 294 2907 II.
1203 2865 1229 2900 (l
