1859 3326
306 175 401 221 286
788 175 1308 216 ANNOTATIONES

422 287 527 330 344.
566 289 641 329 91.
722 289 877 339 ὀυσῶν
916 284 1177 340 ἀστεοισμῶν
1209 311 1258 318 -
1286 289 1426 343 ,ἳί-θοις
1453 289 1764 350 διειλημμένος]

307 338 414 384 Ordo
443 346 648 383 verborum
671 342 968 396 διειληιιιιέιων
996 347 1181 393 postulat.
1216 345 1359 384 Addita
1385 349 1486 386 enim
1513 344 1677 386 stellulis
1699 345 1791 387 illa

304 405 525 452 lapillorum
546 403 690 439 lumina
720 409 851 448 erant,
878 408 921 438 ut
938 414 1031 438 auro
1053 409 1225 457 mutuum
1253 411 1492 452 praestarent
1517 398 1766 453 lenwhiium,

308 461 412 504 Quin
433 459 607 507 equidem
629 457 731 495 haud
763 461 842 494 scio
872 471 922 494 an
954 454 1207 507 ἀστερίσκων
1229 463 1427 509 scripserit
1448 459 1609 498 auctorit
1629 458 1767 500 Ἀστε-

307 513 456 567 ρισμὸς
480 521 582 551 certe
612 522 652 550 et
673 510 1025 565 καταστερισμὸς,
1057 527 1131 564 quo
1160 517 1276 552 titulo
1295 515 1567 555 Eratosthenis
1600 518 1768 569 insignis

306 571 461 610 libellus
484 578 566 618 est,
597 571 701 607 aliud
722 570 884 608 indic-at.
914 569 1052 607 Wssss.

422 628 527 667 344.
560 629 598 667 l.
634 624 722 677 Τὴν
748 623 883 676 πνοὰν
904 625 992 676 τρὶς
1015 627 1264 678 περιῆλθεν]
1295 626 1504 668 sollemnis
1524 630 1595 668 tali
1623 629 1666 668 in
1697 629 1769 667 de-

306 686 484 722 cursione
505 696 687 719 numerus
707 685 911 719 ternarius.
939 681 1130 719 Homerus
1153 684 1261 721 Iliad.
1290 683 1342 732 Ψ,
1369 686 1440 725 13.

424 737 475 779 Οἱ
500 739 544 778 (δὲ
572 738 661 790 τοὶς
681 737 772 790 moi
803 735 948 793 ιεκοὸν
971 736 1160 793 ἐΰτριχας
1188 756 1212 792 7
1208 737 1352 780 '7ac5av
1367 740 1522 790 ι’ππους

419 796 498 836 Μι
494 810 629 847 οομει
632 810 680 834 οι
710 815 756 822 -

304 853 495 904 Virgilius
518 851 612 890 Aen.
640 850 714 888 XI.
744 852 847 892 188.

425 908 504 947 Ter
523 910 671 945 circam
692 919 881 945 accensos
904 907 1294 958 cinctificlgenlz‘bus
1316 911 1443 948 armis

419 965 652 1003 Decem-rere
675 977 821 1015 rogos:
853 972 915 1002 ter
933 972 1120 1003 moestam
1138 965 1310 1014 funeris
1330 969 1460 1018 ignem

420 1022 663 1059 Lustrat-ere
689 1024 729 1059 in
755 1023 877 1071 equis.
909 1043 957 1049 -

303 1077 422 1116 Plura
439 1081 471 1115 si
492 1078 775 1129 cordi—fuerint,
799 1077 1102 1115 Kircbmannum
1124 1078 1168 1115 de
1179 1078 1319 1115 Funer.
1338 1078 1379 1116 L.
1400 1078 1466 1118 III.
1482 1079 1524 1118 3.
1550 1084 1588 1114 et
1606 1089 1700 1126 quos
1719 1075 1768 1114 ad
1815 1091 1823 1098 ·

305 1134 474 1173 Statium
496 1135 701 1171 advocavit
720 1133 841 1170 Theb.
864 1134 928 1173 VI.
951 1136 1057 1174 214.
1087 1135 1202 1184 Gasp.
1217 1134 1412 1182 Barthius,
1433 1136 1602 1172 consule.
1626 1133 1766 1171 VVESS.

422 1191 528 1230 344.
562 1193 601 1230 7.
633 1188 709 1229 Ἕκ
733 1192 815 1229 τῶν
836 1186 1122 1240 Παραιτάκων
1144 1188 1294 1242 εἷςτὴν
1317 1188 1551 1243 Γαβιηνὴν]
1581 1189 1658 1227 Cur
1679 1190 1768 1229 Γα-

303 1245 452 1299 βιηνὴν
472 1249 703 1297 receperim,
729 1246 874 1283 dictum
904 1249 1077 1296 superius
1100 1248 1185 1284 fuit.
1227 1246 1283 1283 De
1305 1250 1449 1295 praelio
1473 1250 1512 1284 in
1546 1247 1767 1284 Paraetacis

306 1303 422 1341 Corn.
450 1303 579 1351 Nepos
609 1303 722 1340 Eum.
751 1317 784 1342 c.
810 1306 850 1343 8.
887 1302 968 1340 Hic
1001 1305 1039 1340 in
1063 1303 1307 1341 Paraetacis
1335 1318 1420 1341 cum
1451 1303 1649 1354 Antigono
1674 1316 1766 1340 con-

295 1362 429 1412 flixit,
453 1373 529 1397 non
549 1362 637 1397 acie
660 1362 874 1405 instructa,
901 1361 1026 1397 sedin
1045 1362 1215 1397 itinere:
1241 1374 1405 1411 eumque
1427 1362 1529 1398 male
1560 1366 1767 1411 acceptum

305 1420 345 1455 in
367 1417 539 1454 Mediam
563 1416 778 1454 hiematum
805 1418 939 1465 coegit
963 1418 1110 1454 redire.
1152 1416 1219 1454 Sic
1239 1419 1339 1453 enim
1361 1420 1501 1466 optime
1520 1419 1596 1455 viri
1619 1416 1769 1453 doctis'-

304 1475 394 1511 simi
416 1473 488 1510 Ob.
513 1472 693 1510 Gifanius
713 1480 750 1509 et
770 1471 817 1509 D.
837 1472 1045 1509 Lambinus
1069 1486 1228 1521 pravum
1252 1473 1315 1510 hic
1345 1475 1384 1511 in
1399 1487 1484 1525 pm·
1502 1475 1654 1511 aetatis
1673 1485 1768 1509 con-

303 1533 512 1567 stituerunt
532 1542 580 1565 ex
601 1528 673 1565 hoc
695 1528 857 1566 Diodori
880 1531 977 1566 loco.
1017 1529 1057 1565 Id
1079 1543 1172 1567 vero
1196 1543 1328 1579 parum
1357 1537 1567 1581 congruet,
1596 1529 1698 1579 quod
1719 1529 1766 1566 de

304 1588 393 1624 acie
412 1599 487 1622 uon
509 1587 706 1622 instructa
725 1586 835 1622 addit
855 1586 1004 1635 Nepos,
1035 1588 1067 1622 si
1089 1587 1256 1634 pressius
1273 1600 1423 1637 urgeas.
1453 1587 1644 1623 Instruxit
1663 1587 1766 1623 enim

303 1655 386 1679 eam
407 1642 596 1678 Eumenes
619 1643 922 1689 accuratissime,
951 1644 1069 1679 sicuti
1091 1645 1256 1692 cap.27.
1279 1651 1317 1679 et
1330 1645 1404 1683 28.
1426 1643 1574 1693 liquido
1594 1643 1767 1679 tradunt.

304 1698 424 1736 Salva
447 1711 508 1734 res
530 1699 628 1745 erit,
659 1703 691 1735 si
711 1698 923 1735 Eumenem
950 1700 1091 1735 castris
1121 1712 1199 1737 non
1222 1700 1338 1736 factis
1363 1706 1402 1736 et
1431 1701 1514 1737 acie
1536 1706 1625 1736 ante
1659 1713 1700 1735 ca
1725 1701 1765 1735 in

303 1768 459 1804 campo,
499 1755 565 1790 ubi
595 1755 824 1792 conmodum
855 1763 958 1802 erat,
998 1762 1165 1802 structa,
1206 1756 1271 1792 sed
1303 1758 1343 1793 in
1374 1757 1513 1793 itinere
1544 1755 1767 1792 conflixisse

301 1820 423 1860 putes.
453 1810 681 1848 Lambinum
700 1813 789 1849 vide
809 1812 854 1848 de
876 1811 1094 1848 Paraetacis
1113 1814 1224 1862 plura
1245 1813 1550 1863 adspergentem.
1576 1811 1711 1849 VVESS.

416 1868 521 1906 344.
544 1869 618 1907 21.
643 1865 708 1906 Τὰ
728 1868 818 1920 πεοὶ
840 1865 1048 1921 τάδελφοῦ
1070 1869 1136 1907 καὶ
1159 1865 1396 1908 τὸνἿόλλου
1419 1865 1554 1921 τάφον
1574 1875 1613 1906 et
1631 1863 1764 1918 reliq]

301 1922 361 1960 Ita
381 1925 489 1974 lege,
516 1932 559 1961 ut
579 1931 618 1960 ct
642 1923 755 1961 habet
774 1938 874 1962 unus
882 1925 1039 1971 codex,
1078 1938 1155 1962 non
1185 1921 1340 1964 Ἰόλλου
1365 1923 1598 1977 τάδελφοῦ,
1629 1937 1676 1961 ex
1699 1937 1767 1972 pa-

298 1983 392 2030 gina
425 1978 893 2032 676.(L.X1X.11.)
924 1982 1079 2018 STEPH.
1128 1982 1253 2019 Verba
1284 1989 1396 2028 sunt,
1426 1979 1556 2020 ἀνεῖλε
1581 1981 1657 2033 μὲν
1690 1977 1764 2020 τὸν

299 2037 355 2075 Ac
345 2031 524 2103 ικάιορα
545 2035 618 2075 τὸν
657 2034 841 2089 ἀδελφὸν
871 2040 946 2076 τοῦ
976 2033 1283 2089 Κασσάνδρου,
1323 2035 1578 2088 κατέστρεψε
1617 2036 1661 2077 δὲ
1691 2033 1766 2076 τὸν

297 2088 453 2132 Ἰόλλου
476 2088 623 2144 τάςιον.
649 2091 797 2129 Bonum
819 2106 910 2144 ergo
931 2094 1101 2141 factum,
1132 2094 1234 2142 quod
1266 2107 1314 2131 ex
1335 2095 1502 2143 optimae
1531 2095 1624 2131 fidei
1644 2107 1764 2130 mem-

301 2148 433 2186 branis
452 2148 501 2184 H.
523 2148 740 2198 Stephanus
761 2150 927 2186 admisit.
957 2149 1008 2186 W
1012 2160 1091 2186 Ess.

414 2205 519 2244 344.
549 2207 624 2244 33.
662 2201 860 2244 Ἀκουων
882 2204 926 2244 δὲ
951 2227 998 2232 -
1022 2207 1356 2258 προσκαθῆσθαι
1379 2203 1763 2256 Πολυσπέρχοντα]

299 2259 402 2298 Malo
426 2263 745 2314 προκαθῆσθαι.
796 2261 914 2298 Aliud
943 2264 1297 2314 προσκαθῆσθαι,
1327 2264 1367 2298 in
1398 2263 1664 2299 obsidionibus
1692 2265 1764 2300 tri-

298 2323 400 2363 tum,
426 2325 463 2353 et
485 2330 571 2353 cum
593 2319 722 2366 priore
741 2320 962 2366 permisceri
984 2332 1006 2355 a
1031 2319 1199 2355 librariis
1220 2320 1386 2356 solitum.
1415 2318 1490 2355 Adi
1511 2318 1764 2369 Sylburgium

298 2373 344 2409 ad
367 2374 532 2412 Pausan.
557 2373 598 2410 L.
619 2374 682 2411 IV.
704 2376 780 2413 21.
811 2374 906 2411 Mox
926 2371 1099 2413 Κάλλαν
1121 2388 1199 2411 nou
1223 2376 1410 2422 soliicito,
1439 2377 1592 2412 tametsi
1614 2371 1761 2414 Κάλαν

296 2431 338 2468 in
372 2429 646 2466 Macedonibus
674 2432 787 2467 multi
808 2431 984 2481 probent,
1020 2430 1167 2468 Auctor
1191 2444 1213 2468 a
1242 2444 1349 2468 more
1371 2445 1439 2469 suo
1467 2444 1546 2479 non
1575 2431 1758 2472 deflectit.

296 2484 433 2523 Wsss.

409 2541 514 2581 345.
541 2541 616 2581 42.
644 2537 927 2593 Ἀριστόνουν
947 2541 1024 2594 μὲν
1044 2540 1224 2590 ἀπέδειξε
1246 2540 1496 2595 στρατηγὸν]
1527 2541 1652 2580 Domo
1672 2542 1760 2579 Pel-

295 2598 402 2634 laeus
424 2605 462 2634 et
482 2598 609 2635 Pisaei
631 2596 674 2634 F.
696 2599 902 2636 Aristonus
932 2606 1037 2646 crat,
1069 2602 1171 2636 inter
1199 2607 1342 2649 septem
1361 2603 1452 2637 olim
1477 2603 1647 2648 corporis
1669 2600 1761 2636 Ale-

295 2654 435 2691 xandri
457 2654 635 2690 custodes
650 2681 661 2700 ,
690 2661 727 2691 et
749 2663 950 2705 propterea
983 2657 1024 2692 in
1045 2669 1192 2693 sumina
1224 2657 1448 2706 dignatione
1471 2662 1507 2692 et
1536 2657 1686 2706 gratia,
1715 2662 1759 2693 ut

295 2711 343 2747 ab
365 2709 529 2747 Arriano
549 2710 591 2747 L.
611 2710 673 2747 VI.
696 2713 771 2750 28.
808 2719 846 2748 et
865 2713 968 2749 infra
987 2724 1069 2760 cap.
1099 2715 1169 2752 50.
1203 2714 1407 2750 indicatur.
1438 2712 1573 2749 VVESS.

410 2767 515 2806 345.
548 2767 624 2806 46.
665 2764 787 2819 ΙῙρός
808 2766 852 2806 δὲ
873 2763 1034 2814 τούτοις
1063 2764 1323 2819 Δηϊδάμειαν
1346 2784 1388 2808 τε
1424 2765 1500 2820 τὴν
1519 2766 1755 2817 Αἰακίδου]

296 2821 466 2862 Iustinus
487 2823 533 2860 de
562 2822 791 2874 Olympiade
813 2823 857 2863 L.
885 2824 991 2861 xlv.
1015 2827 1056 2866 6.
1100 2825 1246 2876 Itaque
1265 2827 1402 2864 audito
1430 2825 1652 2863 Cassandri
1683 2826 1756 2862 ad-
