1891 3310
433 195 496 235 IN
527 192 770 234 MRXX.
801 192 1203 233 CAP.37.—41.
1460 195 1549 235 351

209 309 320 349 434.
344 309 420 349 75.
447 304 702 361 I'eyafe‘rmug
722 303 965 357 Εὐθυὸίκτν
982 300 1402 357 m‘erdeovffl
1390 302 1559 357 y'araepa]

99 365 278 405 Meminit
295 367 482 407 feminae
503 378 598 414 quae
619 371 704 414 post
725 363 908 414 Ophellae
937 369 1098 400 mortem
1122 363 1163 397 in
1191 360 1379 398 Demetrii
1402 365 1560 410 nuptias

97 425 279 469 transiit,
309 422 374 459 sed
398 424 475 460 alio
506 422 662 459 nomine
692 420 794 458 Plut.
828 419 978 457 Demet.
1008 432 1044 469 p.
1073 418 1189 488 894.
1202 417 1247 455 Ε.
1273 414 1446 470 ἦρὰςετο
1475 432 1560 469 χη-

97 475 300 532 ρεύουσαν
330 478 696 525 EYPYAIKHN,
732 473 759 529 ὅ]
789 472 1030 517 Mazuaffov
1060 473 1136 542 μὲν
1166 468 1218 526 ἦν
1249 471 1454 527 ἀπόγονος
1483 475 1559 513 τοῦ

96 537 301 584 πα7αιοῦ,
333 533 616 586 συνοικήσασα
637 533 682 573 δὲ
704 530 908 589 '09‘22‘92‘52
935 534 993 572 τῶ
1015 526 1211 583 Κυρήνης
1241 528 1424 597 α’ρξαιτι.
1460 530 1561 568 Uter

96 606 232 631 verum
256 594 492 638 servaverit,
521 592 612 628 nolo
635 590 862 638 decernere,
893 601 1121 639 quamquam
1142 582 1375 626 familiarius
1395 593 1455 625 est
1476 587 1561 626 Eu-

98 651 258 700 rydices
278 651 318 685 in
337 648 502 684 Graecia
521 659 675 686 nomen.
705 646 755 683 W
759 657 841 686 Ess

210 706 318 746 435.
353 705 427 744 93
464 699 683 754 Ηιιόχους
713 702 758 742 δὲ
791 718 859 741 και
887 695 1166 755 παραβάτας]
1213 697 1348 750 Recipi
1382 706 1561 751 potuerat

99 757 386 812 παραιβάτας,
423 762 499 798 nisi
528 763 719 810 poeticum
753 766 863 796 esset.
918 759 1014 797 Vide
1041 772 1158 808 supra
1189 757 1232 797 L.
1253 758 1298 796 V.
1330 759 1406 798 29.
1446 765 1484 795 et
1512 757 1556 797 L

97 818 191 857 Xll.
216 819 290 858 70.
333 816 474 855 Strabo
497 819 537 854 in
567 817 686 854 simili
712 829 754 853 re
785 815 827 853 L
852 815 940 853 XV.
970 829 1006 866 p.
1036 817 1170 855 1035.
1191 814 1235 855 Β,
1275 811 1350 854 δύο
1382 811 1423 854 d'
1459 812 1560 853 εἰσὶν

97 873 161 914 ἐπὶ
180 876 241 913 τῶ
269 870 421 925 ἅρματι
442 868 685 924 παραβάται
707 870 812 926 πρὸς
833 867 999 928 ἧνιόχω.
1036 870 1116 923 Sic
1143 874 1282 910 melius
1313 873 1417 909 enim
1442 883 1560 909 manu

97 915 231 981 scripti
253 932 335 967 eius
356 930 460 966 libri.
489 930 626 967 WEss.

209 986 319 1025 435.
356 988 393 1027 l.
433 985 539 1038 Περὶ
559 980 846 1057 Αὐτομόλας]
880 983 1104 1036 Legendum
1124 979 1378 1036 Αὖτομαλα.
1416 982 1560 1022 Strabo

96 1042 142 1083 L.
163 1041 240 1080 XV
246 1042 291 1080 11.
314 1055 352 1091 Ρ.
378 1044 514 1083 1193.
531 1041 574 1080 Β.
603 1038 690 1083 εἶθ’
714 1040 752 1082 οἶ
777 1040 987 1080 (Dastamm
1005 1041 1154 1091 βιιῖμοι
1179 1057 1245 1080 ναι
1265 1057 1371 1092 μετα
1388 1054 1562 1088 τουτους

94 1094 332 1151 ,Αὐτὸμα7α
354 1095 569 1153 ᾳροῦριον.
597 1107 636 1136 et
654 1100 911 1150 Apollodorus
931 1098 1028 1146 apud
1051 1093 1561 1147 8ιερ1ιειι.Λίτομα7ακα·

97 1168 187 1194 nam
219 1157 275 1193 ita
304 1157 431 1194 locum
461 1157 533 1194 alii
550 1157 804 1209 adpellitant3
831 1154 890 1196 Cl.
925 1155 1160 1194 salmasium
1188 1155 1278 1194 vide
1299 1157 1340 1193 in
1361 1154 1488 1192 Solin.
1519 1166 1558 1205 p.

94 1214 203 1254 271.
235 1212 370 1250 WEss.

209 1271 318 1309 435.
357 1270 401 1309 9.
456 1269 554 1308 Τῶν
583 1284 662 1323 φαρ
691 1265 916 1322 γ”ινομενωι
953 1263 1059 1321 αὐτῆ
1088 1264 1264 1307 παιδίων
1294 1274 1365 1305 etc.
1380 1265 1393 1314 Ῑ
1445 1266 1561 1306 Paria

98 1323 327 1363 scholiastae
363 1326 408 1362 de
439 1325 572 1364 Lamia
603 1327 652 1364 ad
682 1324 882 1374 Aristoph.
917 1325 1006 1362 Pac.
1031 1339 1070 1364 v.
1095 1325 1201 1365 757.
1230 1319 1256 1376 ἦ
1294 1322 1338 1363 δὲ
1370 1320 1561 1376 ἀποθνη-

95 1378 282 1422 andrum
307 1380 358 1421 αἰ
364 1384 436 1433 τῆς
458 1386 541 1422 τῶι
564 1382 740 1422 παιδίου
766 1383 1023 1449 βαρυῧῖμοῦ
1029 1395 1105 1429 σα,
1132 1378 1184 1420 τὰ
1208 1383 1292 1420 τῶν
1311 1378 1448 1450 α7;.ι7ω)
1467 1397 1562 1419 παι·

97 1438 167 1477 δία
192 1437 261 1478 διὰ
268 1435 450 1507 ᾳθῦιον
470 1434 625 1479 υποκ7’
605 1455 785 1479 επτουσα
808 1438 858 1478 ἀι
860 1434 959 1508 ᾔρει·
992 1434 1060 1477 διὰ
1078 1439 1201 1477 τοῦτο
1224 1437 1290 1477 καὶ
1314 1452 1389 1484 τας
1410 1437 1562 1484 τιτθας

97 1491 361 1549 ἓκᾳοβουσας
380 1492 431 1534 τὰ
451 1494 588 1550 βρέφη
611 1497 687 1535 κα7
693 1501 748 1535 εἴν
770 1494 827 1535 ἐπ)
853 1494 995 1542 αὐτοῖς
1014 1491 1293 1546 τὴνΛαμιάι.
1325 1493 1432 1531 Adde
1448 1493 1562 1532 Stra-

97 1551 234 1590 bouem
261 1551 304 1591 L.
327 1552 355 1589 1.
381 1564 416 1601 p.
440 1554 513 1593 36.
538 1566 625 1591 cum
646 1551 861 1591 Casauboni
882 1559 986 1612 nota.
1021 1551 1211 1590 Solebant
1233 1551 1468 1588 Graecorum
1490 1564 1562 1588 an-

97 1610 308 1659 tiquissimi
336 1607 512 1647 historici
542 1610 678 1660 cupide
703 1609 854 1648 Lamias
885 1605 964 1646 suis
1003 1609 1114 1646 libris
1142 1611 1342 1654 intexere,
1378 1607 1561 1659 Λαμίας

94 1663 210 1712 τινὰς
241 1663 502 1718 ἱστοροῦντες
529 1665 571 1706 ἐν
602 1664 721 1712 ὕλαις
748 1666 815 1706 καὶ
846 1661 997 1712 νάπαις
1025 1663 1170 1717 ἐκγῆς
1199 1662 1432 1715 ἀνιέμένας,
1460 1667 1562 1702 sicut

96 1720 313 1772 Dionysius
337 1724 392 1759 ait
419 1721 468 1760 T.
492 1722 539 1760 11.
569 1735 606 1772 p.
635 1724 738 1764 139.
784 1723 973 1772 Equidem
1002 1734 1081 1758 non
1112 1722 1267 1767 dubito,
1294 1724 1386 1769 quin
1416 1735 1463 1758 ex
1487 1721 1560 1758 hoo

95 1779 203 1817 fonte
225 1778 397 1815 hauserit
416 1775 489 1818 τὸν
505 1779 787 1819 ΛΙΒΥΚΟΝ
804 1777 1031 1819 ΖΠΥΘΟΝ
1049 1777 1125 1816 Dio
1145 1777 1409 1830 Chrysostom.
1428 1791 1465 1829 p.
1488 1779 1562 1819 83.

97 1842 136 1873 et
153 1835 338 1873 Fabulam
360 1834 632 1875 AAMIAN
650 1836 867 1886 F-uripides.
894 1835 945 1872 W
949 1845 1031 1871 Ess.

210 1893 319 1932 435.
348 1893 424 1931 21.
460 1890 523 1938 Ως
544 1891 599 1939 εἷς
618 1888 864 1944 μάρσιπον
849 1887 980 1944 ἕμβάλ
986 1890 1048 1941 οι]
1091 1888 1194 1928 Non
1202 1890 1407 1928 absurdum
1428 1897 1487 1928 est
1505 1889 1562 1938 εἷς

98 1943 284 2015 α’ρσιχον,
310 1948 412 1997 quod
432 1948 532 1986 idem
550 1956 665 1998 atque
687 1947 868 2002 ἄιῖὁιχον
897 1951 953 1986 sic
975 1955 1119 1985 vocant
1140 1947 1346 1996 cophinum
1375 1949 1458 1984 sive
1490 1958 1561 1984 vas

99 2018 148 2042 ex
171 2008 316 2043 vimine
338 2012 509 2052 textum,
537 2005 766 2043 docentibus
788 2006 1069 2043 Grammaticis,
1099 2004 1249 2053 inspice
1270 2003 1397 2041 Schol.
1423 2006 1463 2041 in
1486 2002 1560 2042 Co-

97 2063 188 2100 mici
207 2062 309 2099 Aves
335 2075 372 2099 v.
399 2063 533 2102 1306.
567 2070 605 2099 et
623 2062 845 2114 Etymolog
875 2065 915 2101 in
926 2060 1131 2130 Ἀζῖριχος.
1173 2061 1293 2098 Porro
1318 2073 1395 2097 non
1416 2062 1563 2098 iniusta

97 2120 267 2167 suspicio
287 2125 345 2155 est
361 2119 490 2166 paullo
512 2126 602 2157 ante
624 2121 810 2170 scriptum
827 2121 948 2158 fuisse
963 2133 1060 2166 τους
1078 2113 1185 2157 κατὰ
1205 2114 1280 2170 τὴν
1294 2131 1439 2170 Λωραν
1458 2133 1562 2157 υπο-

94 2170 264 2227 λάμροἷι
268 2190 335 2213 ε.ιν
365 2175 499 2212 ἊῙΕΞΒ.

207 2233 315 2272 435
344 2233 418 2272 23.
448 2230 522 2279 Εἷς
543 2228 590 2274 τὸ
611 2229 858 2289 προειρημὲι
861 2247 907 2273 ον
918 2229 1073 2288 μέτρον
1090 2227 1408 2286 μεταφέροντες]
1425 2226 1560 2270 Νἱέθυ

98 2299 175 2339 pro
187 2304 237 2340 με
233 2286 351 2340 ’.τρον
384 2287 520 2326 RHOD.
551 2311 554 2314 <

212 2346 322 2384 435.
352 2348 428 2385 27.
462 2344 537 2392 Τίς
556 2342 742 2399 τοῦνομα
763 2342 810 2387 τὸ
831 2343 1106 2386 ἐπονείδιστον
1123 2339 1318 2396 βροτοῖς]
1347 2341 1435 2380 Non
1458 2344 1562 2380 iniu-

99 2402 159 2438 ria
180 2400 282 2438 docti
308 2403 387 2438 viri
409 2404 677 2451 suspicantur,
704 2416 841 2442 versus
877 2403 946 2441 hos
971 2416 1019 2440 ex
1038 2401 1236 2450 Euripidis
1267 2400 1420 2447 Lamia,
1449 2402 1561 2437 cuius

100 2456 310 2509 Prologum
336 2457 558 2497 Lactantius
586 2462 682 2497 citat
716 2461 845 2499 instit.
876 2459 920 2497 L.
942 2459 970 2497 1.
997 2462 1038 2500 6.
1067 2465 1214 2495 sumtos
1244 2468 1348 2495 esse:
1378 2455 1560 2506 priorem,

99 2517 264 2565 turpiter
285 2514 367 2551 heic
386 2515 691 2566 claudicantem,
719 2517 793 2554 los.
812 2516 1021 2554 Barnesius
1051 2514 1221 2560 exhibet,

272 2570 347 2617 Τίς
375 2568 560 2623 τοῦνομα
588 2576 689 2612 πᾶσι
717 2571 1050 2613 τούπ()ν’”ἐιὸιστοι
1080 2573 1264 2622 βροτοῖς,

101 2626 149 2664 ad
169 2629 399 2665 sententiam
418 2629 527 2675 bene,
550 2630 616 2667 sed
639 2632 737 2668 citra
759 2633 1028 2668 auctoritatem
1052 2641 1216 2666 omnem.
1233 2627 1357 2666 illust.
1382 2622 1561 2676 Scaliger

100 2691 140 2721 et
158 2684 207 2721 Is.
228 2683 388 2722 Vossius
408 2687 573 2737 margini
594 2689 653 2724 sui
673 2687 763 2724 libri
781 2687 1067 2735 adscripserant

271 2741 347 2788 Τίς
370 2739 535 2793 τοῦνομ’
568 2740 743 2797 αἰσχρὸν
769 2741 1081 2782 κάπονείδιστον
1099 2743 1282 2795 βροτοῖς.

100 2798 306 2846 versuique
326 2806 363 2835 et
383 2801 599 2838 sententiae
622 2801 718 2839 bene
738 2786 1026 2840 consuluerant·
1059 2799 1162 2845 Quid
1183 2801 1297 2848 poeta
1320 2793 1488 2843 dederit,
1515 2793 1558 2832 in

100 2854 252 2892 incerto
272 2862 413 2894 manet.
438 2856 489 2894 W
493 2867 576 2898 css.
