1859 3326
353 188 468 221 LXII
977 190 1187 222 IIEYNE

355 286 477 320 briter
501 286 647 320 moneri
673 286 914 332 praecipique
936 288 1103 330 possint,
1137 286 1441 333 quandoquidem
1469 289 1670 324 multorum
1697 300 1807 325 even-

355 346 460 375 tuum
494 353 639 377 summa
670 349 814 377 tantum
853 344 900 376 ad
939 354 1005 377 nos
1038 347 1230 388 pervenit;
1269 356 1406 391 magna
1441 346 1683 381 historiarum
1718 358 1807 392 pars

356 401 500 433 notitiis
525 411 673 441 rerum,
702 412 796 446 quae
823 402 1081 444 contigerunt,
1114 404 1251 436 ieiunis
1277 415 1345 448 per
1370 403 1488 437 fastos
1516 409 1554 438 et
1576 405 1732 438 annales
1757 405 1806 438 ad

355 460 575 491 memoriam
602 460 817 503 propagatis
842 459 1071 502 absolvitur-3
1118 471 1187 495 nec
1221 472 1308 495 raro
1350 461 1388 494 id
1433 461 1531 506 quod
1568 462 1667 495 fama
1702 472 1806 495 acce-

355 519 457 560 ptum
483 520 548 549 aut
574 527 619 549 ex
643 517 854 549 litterarum
883 516 1080 561 naufragio
1106 522 1298 552 servatum
1323 523 1393 560 est,
1417 530 1483 552 seu
1505 520 1552 552 ad
1572 519 1689 552 nudas
1712 523 1805 552 tem-

354 583 498 617 porum,
530 575 711 614 locorum,
744 572 1007 618 hominumque
1033 578 1268 617 notationes,
1311 587 1379 609 seu
1407 577 1453 610 ad
1481 578 1637 612 subtiles
1661 579 1805 611 littera-

354 633 433 665 rias
459 636 497 665 et
523 633 671 664 criticas
698 631 940 675 quaestiones
967 632 1075 666 redit.
1123 634 1228 673 Quae
1254 635 1283 666 si
1313 635 1396 678 quis
1421 634 1561 668 dixerit
1576 637 1655 669 sive
1675 645 1697 667 a
1716 635 1804 666 scri-

353 693 462 733 ptore
489 690 567 721 sive
593 688 638 720 ab
666 687 906 721 historiarum
932 690 1099 724 studioso
1128 702 1213 725 esse
1238 692 1485 736 relinquenda
1511 696 1549 725 et
1574 691 1802 736 seponenda,

354 747 441 779 nolo
467 755 699 789 repugnare3
741 746 807 779 sed
839 747 870 778 si
902 750 1065 781 tractare
1101 751 1334 794 susceperis,
1371 761 1489 795 eaque
1522 750 1570 783 ad
1603 748 1804 793 pragmati-

356 813 435 836 cam
460 804 642 836 rationem
670 814 826 845 ornare,
864 806 1013 838 mentiri
1042 809 1078 838 te
1107 811 1144 838 et
1168 806 1264 840 falsa
1293 808 1444 841 tradere
1472 809 1532 841 vel
1557 809 1713 840 invitum
1741 816 1801 839 ne-

356 871 461 893 cesse
490 866 558 895 est.
609 860 693 893 Hoc
717 862 809 894 illud
836 866 910 902 est,
950 863 1046 907 quod
1073 865 1186 897 toties
1213 867 1359 908 peccari
1392 865 1523 899 videas
1556 876 1578 898 a
1613 865 1803 908 scriptori-

353 917 423 950 bus
446 919 740 960 recentioribus‚
782 921 915 963 partim
942 920 1090 953 bellulis
1116 922 1213 963 illis,
1256 924 1316 967 qui
1345 923 1445 956 nullo
1469 924 1605 957 iudicio
1632 922 1801 956 adhibito

355 976 480 1008 omnia
514 986 649 1009 ornare
686 977 916 1018 allaborant,
961 980 1030 1011 etsi
1069 985 1239 1012 ornatum
1276 980 1337 1013 vel
1369 982 1531 1014 maxime
1571 981 1804 1025 respuentia‚

353 1034 490 1077 partim
529 1035 710 1066 acuminis
746 1039 784 1068 et
816 1036 940 1068 iudicii
975 1036 1110 1068 famam
1152 1038 1443 1080 aucupantibus;
1487 1039 1615 1082 itaque
1648 1040 1707 1080 fit,
1747 1042 1801 1078 ut,

355 1091 442 1123 (lum
466 1090 643 1124 historias
669 1093 856 1134 scribunt,
892 1094 1037 1126 fabulas
1060 1094 1316 1128 Romanenses
1343 1099 1515 1136 narrent,
1560 1105 1696 1139 resque
1725 1099 1801 1127 tra·

354 1148 463 1188 dant,
507 1148 628 1190 quales
645 1150 746 1196 forte
768 1151 906 1184 evenire
929 1151 1143 1195 potuissent,
1180 1153 1362 1195 imprimis
1390 1151 1421 1184 si
1444 1158 1563 1186 nostro
1589 1152 1706 1186 seculo
1728 1162 1801 1184 eve-

351 1205 481 1246 nirent,
508 1217 593 1238 num
619 1218 709 1241 vero
733 1210 785 1241 ita
809 1209 894 1253 [94]
923 1211 1137 1250 evenerint,
1166 1211 1219 1242 uti
1242 1211 1430 1243 affirmare
1458 1221 1566 1244 nemo
1592 1211 1711 1250 ausit,
1747 1210 1801 1242 ita

353 1266 470 1297 tutius
498 1275 637 1308 negare
658 1268 789 1308 possis.
838 1266 1026 1300 Diodorus
1053 1269 1186 1311 igitur,
1225 1272 1409 1311 quatenus
1435 1269 1470 1300 in
1497 1270 1543 1301 iis
1569 1268 1800 1312 temporibus

351 1327 539 1362 versatur,
569 1324 607 1355 in
634 1323 765 1367 quibus
791 1334 913 1357 reruni
939 1332 1132 1369 gestarum
1159 1325 1306 1369 plenior
1332 1334 1370 1359 et
1391 1327 1609 1359 instructior
1635 1330 1692 1358 est
1717 1336 1800 1358 nar—

352 1380 450 1412 ratio
478 1381 775 1425 scriptorumque
805 1385 1118 1426 pragmaticorum
1146 1386 1272 1428 copia,
1322 1385 1515 1428 praeclare
1541 1384 1605 1416 illo
1630 1383 1799 1424 consilio,

351 1438 460 1469 utilia
489 1438 684 1480 tradendi,
724 1441 860 1473 utitur:
897 1442 933 1473 in
966 1442 1050 1474 aliis
1085 1453 1167 1474 eum
1203 1441 1272 1475 hoc
1305 1443 1460 1475 consilio
1492 1442 1688 1486 abreptum
1722 1452 1798 1474 non

350 1496 474 1527 minus
499 1506 520 1528 a
542 1507 631 1529 vero
657 1497 856 1530 aberrasse
878 1498 1087 1532 videbimus
1115 1511 1223 1544 quam
1251 1511 1328 1541 eos,
1363 1510 1454 1544 quos
1481 1499 1665 1543 obiurgat,
1698 1498 1797 1542 quod

352 1553 643 1587 delectationem
673 1556 780 1588 unice
816 1557 851 1587 in
883 1557 1079 1590 scribendo
1115 1560 1343 1601 propositam
1378 1557 1589 1590 habuerint.
1638 1558 1796 1590 Omnino

353 1613 525 1656 quaestio
553 1611 598 1644 de
625 1614 771 1646 ratione
803 1611 979 1646 historias
1015 1615 1200 1648 scribendi
1236 1617 1333 1648 inter
1367 1626 1431 1648 eas
1468 1618 1545 1655 est,
1591 1616 1627 1646 in
1663 1615 1796 1659 quibus

351 1679 458 1701 suum
494 1671 649 1714 quisque
673 1672 823 1714 genium
851 1675 889 1703 et
915 1673 970 1703 sui
1005 1675 1119 1705 animi
1152 1675 1330 1717 impetum
1369 1677 1434 1706 aut
1465 1672 1657 1705 libidinem
1689 1672 1796 1715 sequi

350 1727 512 1766 mavult,
540 1738 648 1771 quam
675 1728 811 1760 subtile
839 1724 954 1761 (ιιιίῐιὶῖ
977 1730 1151 1763 indicium
1180 1730 1382 1772 adhibere,
1409 1742 1480 1774 quo
1509 1740 1631 1763 rerum
1659 1730 1797 1763 discre-

349 1794 443 1828 pans
469 1790 621 1827 natura,
665 1797 846 1830 generum
879 1787 1097 1828 diversitas,
1136 1789 1173 1821 id
1207 1789 1304 1833 quod
1337 1790 1468 1832 cuique
1501 1790 1691 1832 proprium
1727 1791 1796 1829 est,

351 1854 445 1887 quae
480 1845 656 1888 cuiusque
691 1845 854 1882 utilitas,
893 1845 1129 1878 discernatur
1162 1851 1199 1879 et
1234 1847 1444 1881 deliniatur.
1501 1847 1686 1880 Primaria
1720 1858 1794 1889 res,

351 1911 459 1944 quam
487 1903 521 1933 in
549 1901 717 1934 historiis
744 1904 914 1945 requiro,
957 1914 1028 1936 non
1057 1909 1113 1937 est
1138 1909 1178 1937 ut
1203 1905 1433 1948 intelligam,
1480 1904 1567 1949 quid
1601 1905 1647 1938 de
1681 1904 1795 1937 rebus

349 1958 587 1990 iudicandum
615 1960 682 1999 sit,
714 1963 778 1992 aut
807 1952 906 2003 quid'
924 1962 1084 2003 scriptor
1110 1963 1155 1995 de
1182 1964 1308 2007 aliqua
1334 1975 1373 1996 re
1400 1964 1564 1995 senserit
1589 1973 1633 1994 ae
1657 1961 1793 1994 iudica-

347 2016 466 2056 verit,
509 2016 576 2048 sed
602 2018 765 2049 omnium
796 2016 955 2060 primam
989 2022 1068 2060 est,
1110 2025 1148 2052 ut
1183 2031 1398 2065 cognoscam
1432 2019 1549 2063 qualis
1582 2030 1637 2052 res
1666 2017 1796 2066 fuerit.

350 2073 455 2113 Quod
482 2076 511 2106 si
539 2086 599 2107 res
628 2076 679 2106 ita
707 2079 894 2115 narratur,
920 2080 960 2108 ut
983 2075 1070 2108 mihi
1087 2078 1156 2120 ipsi
1179 2078 1224 2110 (le
1244 2089 1289 2111 ea
1310 2079 1484 2110 iudicium
1509 2077 1633 2110 facere
1655 2078 1692 2108 in
1713 2087 1794 2119 pro-

349 2131 434 2162 clivi
453 2132 513 2171 sit,
535 2132 631 2164 malo
649 2131 728 2173 hoc,
756 2143 864 2176 quam
886 2137 926 2165 ut
943 2135 1102 2177 scriptor
1121 2135 1295 2168 iudicium
1316 2146 1422 2169 suum
1449 2135 1590 2178 legenti
1617 2133 1795 2165 obtrudat

348 2198 466 2232 eoque
498 2191 577 2231 ipso
604 2200 724 2221 meum
753 2189 930 2222 iudicium
959 2192 1144 2224 interdum
1174 2192 1271 2224 forte
1300 2197 1426 2236 regat,
1466 2192 1562 2225 forte
1594 2196 1719 2223 tamen
1753 2191 1794 2223 iu

348 2245 432 2278 aliis
455 2245 622 2278 inflectat
647 2251 685 2279 et
710 2252 932 2290 corrumpat.
983 2248 1051 2287 Qui
1079 2249 1204 2292 itaque
1233 2260 1292 2282 res
1312 2255 1440 2293 gestas
1462 2250 1682 2293 simpliciter
1707 2259 1793 2293 qua-

348 2302 405 2335 les
441 2305 637 2336 evenerint
670 2307 844 2337 accurate
880 2315 924 2337 ac
959 2305 1099 2338 diserte
1133 2312 1305 2348 enarrat,
1340 2309 1371 2340 is
1411 2308 1603 2350 scriptoris
1636 2316 1791 2340 munere

349 2361 488 2403 optime
518 2360 621 2404 fungi
650 2361 856 2403 putandus3
894 2363 1102 2404 praestabit
1126 2374 1216 2396 sane
1244 2364 1341 2397 haud
1368 2365 1479 2398 dubie
1507 2365 1643 2398 ceteris
1677 2363 1791 2397 histo-

348 2419 416 2450 riis
451 2420 616 2451 narratio
650 2429 712 2458 ea,
758 2420 862 2452 cuius
886 2425 1016 2452 auctor
1041 2431 1102 2453 res
1128 2426 1255 2465 gestas
1282 2433 1420 2466 eosque
1447 2423 1507 2466 qui
1533 2432 1597 2455 eas
1622 2431 1792 2465 gessere,

350 2479 388 2508 et
414 2475 496 2508 loca
521 2486 564 2508 ac
592 2480 782 2519 tempora,
819 2478 982 2520 penitius
1014 2478 1098 2510 aliis
1130 2481 1249 2519 norit,
1294 2485 1331 2512 et
1356 2480 1493 2512 iudicio
1517 2480 1722 2523 perspicaci
1749 2481 1790 2511 et

348 2532 563 2576 incorrupto
594 2534 630 2565 in
667 2535 712 2566 iis
748 2534 920 2567 notandis
958 2545 1000 2566 ac
1036 2536 1312 2578 perscribendis
1350 2539 1479 2571 utitur.
1536 2536 1697 2569 Diversa
1733 2546 1790 2568 ra-

348 2590 402 2622 tio
428 2595 466 2622 et
490 2595 594 2623 secta
620 2595 677 2623 est
701 2601 850 2632 eorum,
888 2593 946 2636 qui
973 2593 1099 2635 plures
1124 2595 1327 2637 scriptores
1353 2595 1452 2627 inter
1475 2604 1515 2627 se
1538 2593 1788 2637 comparando

348 2649 467 2679 maius
494 2646 733 2681 historiarum
757 2659 889 2692 corpus
913 2650 1166 2683 conformant:
1204 2651 1304 2683 aliud
1340 2651 1468 2683 iudicii
1495 2661 1673 2692 acumen,
1713 2651 1789 2683 alia

346 2704 546 2747 prudentia
571 2707 776 2750 requiritur
797 2708 834 2738 in
859 2706 925 2738 his.
947 2706 1186 2741 secernenda
1211 2714 1269 2741 est
1292 2719 1336 2741 ea
1358 2709 1440 2741 laus
1461 2709 1666 2752 scriptoriS‚
1692 2717 1788 2752 quae

348 2761 394 2793 ab
424 2763 504 2794 eius
533 2764 703 2797 oratione
738 2767 777 2796 et
809 2769 890 2797 arte
925 2767 1190 2809 proliciscitur;
1241 2766 1316 2799 alia
1351 2777 1446 2811 quae
1479 2776 1502 2799 a
1531 2764 1788 2810 philosophico

347 2820 542 2863 acumine,
568 2824 634 2854 aut
658 2831 680 2854 a
704 2821 906 2866 prudentia
928 2824 1092 2867 politica.
1139 2824 1298 2857 Omnino
1326 2823 1495 2857 eiusdem
1521 2824 1716 2868 scriptoris
1752 2826 1790 2856 et
