1891 3310
404 213 467 253 ΙΝ
497 212 611 253 LlB.
642 211 777 253 XIX.
811 211 942 254 CAP.
971 213 1046 256 95.
1071 235 1119 244 -·
1144 216 1219 256 99.
1455 223 1480 262 3

1487 225 1514 263 Ν)

1521 225 1547 263 3

193 327 300 367 393.
326 329 366 367 8.
401 324 547 378 Φε’ρειν
575 323 715 375 ἄπυρα
739 324 862 378 σῖτα]
896 325 1024 374 Supra
1043 322 1182 376 c'imfpct.
1208 328 1328 368 σιτία.
1378 330 1456 369 Sed
1476 347 1542 372 eo..

79 384 165 421 dem
185 384 300 425 redit.
349 381 460 420 Conf.
491 382 649 420 Suidam
674 386 714 419 in
735 379 937 435 ”Απυρα,
964 382 1212 421 Eustathium
1244 388 1285 422 in
1315 385 1474 426 Homer.
1503 405 1539 442 p.

80 441 218 483 1704.
248 451 418 488 quaeque
437 439 630 488 adseri-pta
651 445 743 476 sunt
763 437 877 476 huius
895 440 986 476 libri
1009 453 1040 476 c.
1065 440 1138 480 3¹7.
1168 440 1302 478 Wess.

192 498 298 537 393.
329 497 399 537 19.
445 493 587 547 Οὔσης
606 497 705 545 μιᾶς
726 492 847 545 ἀναβ.
863 491 1181 548 χειροποιήτου]
1213 496 1308 535 Vide
1329 497 1372 536 L.
1392 498 1440 539 Il.
1463 503 1539 543 48.

76 551 217 593 Λείαν
236 552 428 601 Interpres
448 552 493 588 de
501 546 667 605 praeda
688 554 828 590 iterum
846 554 1001 602 accipit.
1030 551 1092 591 Tu
1110 554 1298 603 pecudum
1319 568 1457 607 greges
1477 561 1539 596 in-

76 612 223 662 tellige.
256 609 397 648 Wssss.

190 666 296 706 393.
337 666 412 705 29.
450 663 634 703 Βασιλεῦ
664 659 912 718 Δημήτριε]
956 663 1034 702 Aut
1064 672 1196 704 errant
1224 664 1436 717 Nabataei,
1473 676 1541 708 aut

74 720 274 760 Demetrio
295 721 575 768 ‘blandiuntur3
606 721 777 758 nondum
806 723 908 759 enim
935 724 1046 772 regis
1076 725 1190 760 titulo
1218 723 1440 775 Antigonus
1461 725 1540 763 De-

75 781 310 827 metriusque
342 779 517 828 insignes
547 784 669 814 erant.
708 775 886 815 Ceterum
913 780 1146 828 persimilis,
1175 780 1277 828 quod
1306 783 1539 822 conmodum

74 834 165 873 huic
187 837 271 873 loeo
293 834 552 882 adscripscrat
572 831 813 881 Camusatus,
841 836 965 871 oratio
988 833 1186 873 Sandanis
1205 843 1264 874 est
1283 838 1331 875 ad
1354 837 1538 879 Croesum

74 904 205 943 regem
230 891 329 939 apud
352 889 593 927 Herodotum
614 890 655 928 L.
679 889 709 927 I.
733 892 806 930 71.
836 890 976 934 W'Ess.

188 948 294 986 393.
326 947 401 986 33.
430 946 506 991 Εἰς
525 943 602 998 τὴν
619 943 791 999 χρείαν]
821 945 866 983 In
889 945 1124 997 Stephanica
1147 943 1304 988 ἐκδόσει
1335 963 1539 999 operarum

75 1016 206 1041 errore
224 1001 280 1049 εἷς
302 1004 378 1054 τῆς
393 1001 540 1057 χρείαν
559 1009 663 1055 erat:
691 1003 794 1054 quod
820 1005 960 1042 vitium
989 1003 1084 1041 bene
1115 1003 1424 1044 Rhodomaunus
1452 1020 1539 1046 cor-

70 1062 187 1100 rexit.
213 1059 349 1097 Wssss.

188 1116 294 1157 393.
321 1114 396 1156 45.
423 1111 567 1156 ’,Αλλὰ
591 1137 640 1145 --
664 1110 841 1162 δούλους
861 1112 962 1162 ἕξεις
990 1110 1216 1168 ἀθύμους]
1255 1115 1391 1155 Videri
1410 1125 1540 1168 potest

73 1186 208 1223 parum
230 1172 293 1210 hic
323 1174 582 1210 necessarium
608 1173 841 1211 vocabulum
870 1168 1068 1222 δούλους,
1097 1175 1314 1224 neglectum
1344 1186 1493 1224 quoque
1517 1189 1540 1214 a

73 1228 229 1281 Reg.2.
250 1236 289 1266 et
300 1227 430 1276 Basil„
453 1229 592 1277 quihus
614 1236 655 1267 tu
675 1230 710 1266 si
727 1229 985 1280 adstipuleris,
1000 1229 1124 1266 feram
1142 1230 1332 1279 equidem,
1354 1244 1424 1268 nec
1448 1245 1538 1279 prc-

74 1287 243 1325 scribam
262 1295 401 1323 tamen.
439 1283 598 1324 Constat
627 1299 672 1323 eo
692 1293 891 1335 praesente
911 1285 1012 1323 haud
1035 1288 1134 1323 male
1167 1290 1371 1325 sententia.
1399 1287 1536 1325 W'Ess.

189 1344 296 1383 393.
323 1343 394 1383 58.
426 1339 550 1382 Κατὰ
565 1339 698 1397 με’σην
719 1339 794 1394 τὴν
816 1340 1072 1394 σατραπείαν
1090 1340 1430 1395 τῆςἾδουμαίαςᾹ
1464 1345 1538 1382 La-

75 1411 162 1436 cum
185 1399 432 1449 Asphaltiten
464 1398 506 1436 L.
533 1398 579 1435 11.
604 1399 679 1440 48.
720 1400 762 1436 in
781 1398 1064 1436 Nabataeorum
1084 1399 1245 1450 regione
1269 1401 1389 1438 locat:
1436 1402 1537 1438 unde

74 1467 154 1493 non
173 1457 353 1493 inmerito
377 1462 575 1503 suspectae
595 1462 700 1503 sunt,
728 1462 1098 1504 praetereunturque
1117 1456 1344 1505 quibusdam
1368 1459 1407 1496 in
1427 1459 1538 1494 libris

73 1509 399 1563 τῆςἾδουμαίας
420 1524 549 1550 voces.
581 1510 805 1550 Servandae
827 1513 862 1549 si
882 1515 974 1560 sint,
997 1511 1203 1551 dicendum
1224 1514 1312 1560 erit,
1336 1514 1537 1551 Idumaeae

73 1571 314 1620 provinciam
345 1581 415 1605 suo
447 1569 594 1605 ambitu
615 1569 741 1606 lacum
762 1570 880 1605 istum
915 1569 1038 1606 fuisse
1071 1572 1322 1619 conplexam:
1361 1583 1473 1620 quam
1495 1573 1535 1608 in

76 1638 157 1662 rem
181 1631 396 1675 opportuna
419 1632 534 1661 erunt
552 1623 645 1661 haec
663 1623 896 1675 Hieronymi
917 1639 965 1662 ex
992 1624 1203 1663 Commeat.
1224 1628 1264 1663 in
1288 1626 1416 1665 Obad.
1439 1641 1470 1664 c.
1497 1630 1540 1670 ].Ι

77 1681 215 1721 Omnis
245 1681 442 1719 australis
459 1683 572 1731 regio
604 1681 886 1719 Idumaeorum
917 1683 964 1720 de
985 1681 1430 1734 Eleuthe1·0poliusque
1460 1683 1537 1722 Pe-

75 1745 182 1776 tram
211 1745 252 1775 et
269 1739 402 1775 Az'lam
425 1733 548 1787 (liaeo
579 1745 641 1775 est
668 1740 768 1775 enim
791 1740 994 1790 possessio
1024 1737 1168 1792 Esau)
1203 1741 1243 1776 iu
1273 1741 1445 1790 speculis
1464 1740 1539 1777 Ιια-

75 1795 362 1832 bitatiunculas
380 1794 510 1833 habet.
550 1793 649 1832 Nam
670 1795 717 1831 ab
740 1794 1031 1842 Eleutheropoli
1051 1795 1295 1833 Palaestinae
1317 1796 1538 1834 zui-Petram

71 1851 354 1890 Nabataeorum
383 1856 563 1901 porrecta
584 1853 617 1887 si
643 1850 721 1888 fuit
746 1851 948 1896 Idumaea,
975 1852 1082 1888 lacus
1110 1853 1244 1901 utique
1271 1849 1382 1891 κατὰ
1403 1851 1537 1906 μέσην

72 1905 150 1961 τὴν
171 1906 427 1959 σατραπείαν
447 1909 523 1959 τῆς
539 1903 777 1957 Ἰδουμαίας
795 1908 882 1946 fuit.
908 1907 1048 1945 Wssss.

190 1965 295 2004 394.
324 1965 397 2004 63.
440 1965 538 2002 Τῶν
569 1961 666 2002 καθ’
697 1960 852 2011 ὕδατος
879 1960 1095 2004 εἰωθότων
1123 1958 1258 2015 ζώων]
1295 1962 1537 2002 Infinitivum

77 2020 232 2068 deesse,
259 2021 431 2070 quicum
458 2015 672 2059 εἰωθότων
699 2022 906 2072 iungatur,
934 2023 1178 2070 perspicuum
1198 2028 1274 2058 est:
1305 2034 1390 2058 eum
1409 2028 1538 2059 autem

77 2090 126 2114 ex
155 2090 190 2127 p.
221 2078 295 2117 92.
325 2073 400 2128 (L.
435 2076 481 2113 11.
514 2073 609 2127 48.)
639 2076 781 2114 addere
809 2089 1035 2126 possumus,
1074 2077 1142 2115 ubi
1170 2077 1303 2114 eadem
1335 2077 1538 2127 habentur,

74 2135 290 2186 legiturque
311 2129 524 2173 εἰωθότων
547 2129 662 2181 ζώων
683 2128 798 2172 εἶναι.
827 2132 984 2173 Smpn.

190 2190 297 2230 394-
329 2190 402 2230 75.
436 2186 570 2241 Ὀσμὴ
594 2211 642 2217 -
668 2211 717 2218 -
739 2186 973 2241 πνεύματος
1004 2186 1260 2242 μοχθηροῦ]
1301 2188 1405 2227 Defit
1424 2189 1465 2238 L.
1488 2189 1536 2227 II.

76 2247 153 2287 48.
186 2247 409 2297 μοχθηροῦ
429 2247 683 2294 vocabulum,
712 2258 825 2296 quam
853 2246 1056 2284 omittendi
1076 2247 1157 2283 eius
1188 2259 1341 2283 causam
1362 2246 1540 2283 habuisse

77 2302 261 2341 videntur
278 2303 442 2342 librarii.
473 2302 558 2354 Ego
576 2305 738 2340 retineri
756 2317 867 2353 posse
888 2311 1000 2353 p’uto:
1033 2302 1210 2340 addenda
1231 2309 1356 2340 tamen
1378 2316 1539 2353 praepo-

80 2361 171 2396 sitio
193 2365 273 2403 est,
294 2370 406 2407 quam
429 2361 644 2410 neglectam
663 2361 760 2397 bene
778 2362 820 2397 in
839 2360 1013 2397 Addend.
1032 2359 1202 2397 advertit
1222 2358 1539 2408 Rhodomannus,

81 2415 401 2464 scribendumque
421 2413 527 2466 μετὰ
550 2411 798 2467 πνεύματος,
821 2423 865 2453 ut
884 2416 925 2453 L·
950 2415 996 2452 Π.
1019 2417 1094 2458 48·
1127 2414 1276 2464 Cetera,
1298 2429 1394 2467 quae
1414 2418 1539 2454 lacum

84 2478 282 2523 spectant,
311 2471 415 2508 dicto
435 2473 519 2508 loco
547 2473 840 2511 illustravimus.
867 2472 1006 2510 Wssss.

197 2528 303 2567 394.
323 2530 397 2568 96.
419 2523 724 2579 Ἰἰπικάθηνται
744 2526 792 2567 οὐ
814 2528 939 2568 πλείω
961 2528 1101 2580 τριῶν]
1119 2526 1300 2574 Πλείους
1316 2540 1384 2576 pro
1405 2525 1543 2566 πλείω.

84 2597 174 2623 nam
194 2584 234 2622 id
247 2591 286 2621 et
305 2587 542 2622 constructio
564 2591 601 2620 et
614 2597 750 2622 sensus
766 2587 901 2636 exigit.
914 2584 1050 2621 RHOD.
1067 2584 1194 2621 Paene
1216 2586 1389 2633 praefero
1405 2579 1543 2621 ἐπικά-

84 2642 240 2692 θηνται
267 2645 376 2693 τρεῖς
397 2653 444 2677 ex
467 2639 561 2691 Reg.
588 2642 626 2680 1.
667 2641 777 2678 Solet
797 2648 926 2678 tamen
947 2640 1143 2678 Diodorus
1165 2641 1261 2678 illud
1288 2641 1412 2679 πλείω
1441 2651 1543 2676 novo

85 2697 250 2747 quodam
268 2697 381 2734 modo
410 2710 594 2746 usurpare
623 2697 800 2735 adverbii
818 2704 1007 2748 potestate
1035 2699 1283 2736 instructum.
1323 2696 1411 2735 Vid.
1434 2695 1482 2733 ad
1499 2695 1544 2733 L.

86 2753 116 2791 l.
140 2755 213 2794 92.
246 2761 285 2790 et
303 2753 412 2791 Xlll.
435 2755 510 2794 94.
537 2754 676 2791 WVESS.

202 2811 308 2850 394.
342 2811 382 2850 5.
437 2808 500 2850 Οὐ
533 2805 808 2858 καταδύεται,
843 2831 891 2839 --
922 2807 1029 2850 ἀλλὰ
1062 2803 1295 2861 ἐπινήχεται
1326 2811 1414 2853 τοῖς
1437 2807 1544 2857 etc.]

88 2865 347 2915 Vespasianus
380 2864 566 2906 ἐκέλευσέ
592 2881 728 2915 τινας,
765 2870 849 2907 νεῖν
879 2864 955 2907 οὐκ
992 2863 1308 2917 ἐπισταμένους,
1349 2862 1549 2910 δεθέντας

1165 2924 1217 2961 2!
1247 2924 1264 2941 ¹⁶
