1875 3310
346 209 632 244 onconomm
663 211 938 246 ms'ronmss
961 215 1199 251 ,mononn
1266 223 1511 259 ccxxxiv

144 305 242 341 Ann.
263 309 296 344 2.
342 307 619 342 Continuantur
633 317 695 341 res
715 307 998 346 Macedonicae.
1030 310 1222 358 Philippus
1235 319 1441 361 prudente,-
1461 323 1512 358 de

56 365 136 398 inre
164 365 198 396 in
217 363 450 408 Amphipolin
477 363 656 404 cedebat,
691 368 733 397 ut
758 375 803 398 ne
829 365 1078 402 Athenienses
1103 381 1213 414 porro
1243 373 1370 410 hostes
1400 378 1512 413 habe-

57 426 127 454 ret.
176 421 231 454 Eo
260 421 358 454 bello
385 421 592 461 liberatus,
628 418 800 453 Paeones
826 422 862 454 vi
890 423 957 455 sub
975 430 1202 467 potestatem
1222 439 1328 465 suam
1349 435 1513 481 redegit,

57 477 208 521 illyrios
226 477 327 510 bello
345 478 435 509 vicit
455 481 493 510 et
508 476 555 510 ad
574 475 788 510 reddendas
802 477 916 512 urbes
937 479 1203 518 Macedonicas
1217 489 1351 532 coegit.
1385 502 1415 524 c.
1430 492 1465 528 4.

148 533 444 577 Interponuntnr
464 535 476 553 ¹
509 544 571 567 res
595 532 756 569 Siculae.
820 534 1027 580 Dionysius
1055 539 1198 584 iunior,
1237 543 1512 587 Syracusarum

57 593 262 636 tyrannus,
285 591 437 634 ignavia
455 590 686 634 languescit3
717 591 799 623 eius
820 601 977 635 regnum
997 596 1155 633 vilescit.
1191 608 1223 632 c.
1239 603 1272 636 5.

145 645 240 682 Anu.
267 651 300 685 3.
350 648 447 682 Dion
471 647 753 692 Syracusanus,
796 646 974 692 Dionysii
1000 653 1153 688 maioris
1181 656 1340 691 alterius
1367 662 1511 703 uxoris,

57 713 152 748 quae
183 703 383 747 Hipparini
411 703 489 737 lilia
515 708 616 742 erat,
653 702 790 743 frater,
825 704 872 737 ob
903 706 1094 750 ingenium
1123 715 1163 745 et
1181 714 1347 747 animum
1372 716 1519 751 iuniori-

56 760 241 805 Dionysio
272 766 488 806 suspectus,
521 760 616 794 clam
645 761 682 794 in
709 759 1010 806 Peloponnesum
1035 766 1205 813 aufugit,
1242 775 1281 805 et
1304 771 1444 807 bellum
1474 775 1513 809 in

57 828 140 853 eum
161 823 280 862 parat.
309 829 338 854 c.
352 822 384 856 6.

147 875 222 909 Res
241 885 403 910 coaevae
421 873 592 908 Graecae
612 871 849 908 referuntur:
877 875 1194 923 Tauromenium,
1222 882 1313 917 urbs
1331 884 1368 918 in
1388 884 1514 922 insula

58 931 188 973 Naxo,
215 932 378 966 condita.
427 933 469 965 ln
487 933 609 964 insula
629 932 782 964 Euboea
801 931 939 966 bellum
959 934 1058 968 inter
1075 936 1168 970 duas
1186 938 1394 982 factiones,
1424 952 1514 977 mox

57 990 316 1033 compositum,
364 989 447 1029 Quo
473 989 579 1022 finito
603 988 742 1021 bellum
760 989 901 1023 sociale
925 992 1066 1033 oritur,
1096 994 1143 1026 ab
1163 994 1454 1032 Atheniensibus
1475 1001 1513 1035 in

59 1045 192 1087 Chios,
219 1045 406 1086 Rhodios,
435 1046 552 1088 Coos,
581 1045 817 1089 Byzantinos
842 1050 1015 1090 gestum,
1049 1053 1091 1081 ut
1106 1052 1250 1095 socios,
1281 1055 1344 1098 qui
1363 1054 1514 1091 defece·

59 1107 155 1137 rant.
207 1103 300 1136 Erat
320 1101 389 1136 hoc
406 1102 546 1136 bellum
567 1103 767 1138 triennale.
804 1102 866 1144 (cf.
886 1106 996 1148 c-21.)
1026 1114 1058 1137 c.
1068 1107 1101 1140 7.

149 1159 191 1192 In
207 1159 433 1193 Macedonia
454 1169 520 1193 rex
537 1158 729 1204 Philippus
745 1158 1070 1203 Amphipolitanos
1095 1161 1132 1194 in
1157 1167 1384 1206 potestatem
1412 1168 1517 1202 redi-

59 1216 135 1260 git,
169 1226 254 1249 mox
284 1215 453 1259 Pydnam
480 1217 593 1249 etiam
623 1221 663 1250 et
694 1215 926 1251 Potidaeam.
986 1218 1169 1252 Crenides
1194 1223 1447 1266 amplificatae
1475 1230 1516 1261 et

57 1272 218 1316 Philippi
237 1272 378 1306 dictae:
405 1283 452 1306 ex
474 1273 700 1307 aurifodinis
721 1273 829 1306 huius
849 1273 1016 1317 regionis
1032 1284 1192 1319 magnae
1212 1288 1314 1323 opes.
1340 1291 1371 1316 c.
1385 1284 1421 1317 8,

154 1328 249 1363 Αηη.
272 1330 308 1366 4.
354 1329 446 1363 Inde
478 1330 516 1362 in
535 1329 700 1364 Siciliam
719 1325 909 1363 Diodorus
926 1330 1088 1365 lectores
1113 1333 1234 1376 ducit,
1270 1345 1412 1382 eosque
1441 1339 1518 1371 sin-

59 1388 182 1431 gulari
201 1387 358 1421 exordio
379 1388 415 1419 in
436 1386 725 1420 admirationem
744 1387 863 1429 rapit,
895 1387 994 1431 quod
1012 1387 1132 1431 Dion,
1162 1390 1386 1436 Dionysium
1414 1394 1517 1429 bello

58 1446 303 1489 impugnans,
334 1445 455 1487 primo
474 1445 622 1487 exiguis
638 1445 756 1487 copiis
774 1445 1000 1485 instructus,
1033 1448 1235 1482 maximum
1253 1451 1429 1495 Europae
1451 1453 1519 1485 im·

60 1503 205 1546 perium
230 1502 268 1534 in
295 1506 504 1534 extremum
526 1501 685 1534 adduxit
701 1501 918 1534 discrimen.
961 1500 1111 1535 Bellum
1129 1505 1263 1547 ipsum.
1306 1506 1518 1553 Dionysius

60 1559 204 1602 proelio
224 1559 343 1590 victus
361 1568 488 1602 pacem
510 1558 621 1601 petit,
647 1558 715 1591 sed
732 1558 942 1602 principatu
960 1558 1065 1592 abire
1085 1567 1247 1598 recusat.
1272 1573 1303 1597 c.
1320 1566 1458 1603 9—13.

148 1615 224 1648 Res
242 1625 406 1649 coaevae
426 1614 614 1648 Graecae:
642 1615 858 1649 Alexander
875 1613 1068 1650 Pheraeus
1097 1628 1121 1652 a
1148 1621 1307 1664 coniuge
1332 1626 1371 1655 et
1391 1622 1517 1657 fratri·

62 1672 132 1706 bus
162 1674 328 1713 occisus,
359 1674 420 1718 qui
447 1674 516 1716 ipsi
540 1672 781 1716 tyrannidem
800 1676 998 1716 occupant.
1041 1675 1252 1720 Alevadae,
1287 1683 1326 1712 et
1346 1680 1518 1723 inprimis

64 1729 276 1773 Philippus,
303 1739 371 1762 rex
389 1729 659 1771 Macedoniae,
687 1730 733 1763 ab
750 1729 808 1762 his
827 1730 1053 1773 advocatus,
1084 1732 1291 1768 Thessalos
1308 1737 1346 1770 in
1364 1737 1519 1772 liberta-

62 1792 137 1821 tem
155 1787 358 1828 vindicant,
383 1787 444 1832 qui
461 1785 598 1820 deinde
619 1788 790 1832 perpetui
812 1785 971 1831 Philippi
991 1789 1082 1822 socii
1102 1795 1203 1823 sunt.
1237 1802 1268 1824 c.
1282 1791 1336 1828 14.

153 1845 170 1862 ¹⁶
194 1843 406 1886 Scriptores
425 1853 551 1877 rerum
571 1843 802 1877 Graecarum
821 1843 929 1878 huius
946 1845 1031 1879 aevi
1050 1853 1411 1885 commemorantur:
1444 1850 1519 1886 De·

64 1900 273 1945 mophilus,
296 1899 567 1950 CallistheneS,
592 1900 756 1947 Diyllus.
781 1912 812 1935 c.
826 1901 868 1939 14
884 1905 980 1938 extr.

652 1976 823 2025 Olymp.
839 1979 934 2016 cvl.

152 2047 248 2081 Ann.
268 2050 299 2084 1.
345 2045 386 2080 ln
412 2047 527 2081 Italia
553 2056 671 2081 novus
694 2048 854 2092 populus
877 2048 1112 2082 Bruttiorum
1135 2050 1276 2093 oritur,
1304 2060 1337 2088 c.
1352 2050 1407 2092 15,
1431 2051 1520 2087 dum

61 2104 204 2139 bellum
228 2104 361 2138 Dionis
378 2105 415 2137 in
435 2104 680 2148 Dionysium,
714 2106 751 2138 in
773 2105 922 2148 Sicilia,
951 2107 1137 2141 acerrime
1159 2112 1330 2152 urgetur.
1378 2110 1521 2154 Diony·

63 2165 142 2196 sius
160 2163 304 2207 proelio
323 2163 463 2203 victus,
487 2161 659 2203 tandem,
685 2161 868 2207 abrogato
886 2162 1115 2207 principatu,
1146 2163 1276 2199 Sicilia
1292 2167 1397 2202 abire
1421 2169 1521 2211 cogi·

63 2225 136 2253 tur.
183 2219 323 2254 Postea
346 2228 464 2252 novos
492 2218 676 2252 tumultus
692 2218 892 2264 Syracusis
915 2221 1085 2254 excitant
1103 2224 1351 2267 mercenarii,
1384 2224 1521 2270 quibus

157 2391 177 2426 1
209 2390 284 2422 Iam
305 2401 406 2433 snpra
430 2390 650 2422 observatum
672 2397 744 2430 est,
778 2401 856 2422 eam
881 2401 954 2423 esse
978 2389 1144 2424 historiae
1163 2391 1352 2425 catholicae
1368 2391 1520 2425 Diodori

64 2437 257 2476 rationem,
292 2444 328 2467 nt
348 2437 549 2479 principum
570 2437 781 2479 populoriun
805 2449 880 2477 res,
915 2445 1080 2479 tanquam
1104 2450 1218 2481 operis
1250 2439 1521 2471 fundamentum

64 2484 155 2521 sint,
187 2491 220 2514 et
249 2483 337 2514 colu.
357 2494 491 2514 auarum
518 2484 623 2514 instar
650 2491 849 2525 temporum
865 2484 1042 2515 intervalla
1058 2484 1255 2526 designent,
1305 2485 1334 2515 A
1355 2484 1520 2526 Philippo

68 2528 149 2559 inde
175 2540 228 2558 rues
249 2527 500 2568 Macedonum,
530 2529 624 2571 prius
643 2529 762 2559 leviter
780 2537 811 2560 et
829 2540 906 2560 raro
928 2539 1240 2568 commemoratae,
1277 2541 1352 2560 cam
1372 2530 1522 2571 ‹lignita-

68 2582 139 2606 tem
163 2581 243 2604 sunt
266 2583 485 2613 consecutae,
519 2583 556 2605 ut
579 2574 778 2617 principem
800 2575 916 2606 locum
938 2575 972 2606 in
992 2575 1060 2606 hoc
1078 2587 1181 2618 opere
1199 2576 1362 2606 historico
1379 2583 1523 2617 possent

69 2631 237 2662 occupare
250 2643 258 2659 ‚
291 2620 402 2660 iisqne
422 2632 475 2652 res
493 2620 740 2651 memorabiles
757 2621 935 2652 minorum
952 2632 1140 2663 regnorum
1156 2629 1428 2654 annecterentur.
1480 2620 1521 2652 ld

68 2674 161 2708 patet
175 2666 246 2707 ipsa
267 2666 465 2696 transeundi
485 2667 646 2704 formula,
669 2677 734 2707 qna
755 2666 930 2698 Diodorus
945 2677 1026 2699 usus
1041 2675 1108 2700 est:
1138 2669 1340 2710 Postquam
1359 2677 1418 2698 res
1433 2668 1520 2698 Ma-

70 2711 265 2742 cedomcas
283 2717 321 2742 et
340 2709 514 2755 Illyricas
527 2712 718 2755 persecuti
733 2721 880 2752 sumu-52,
912 2710 967 2746 ad
982 2713 1078 2747 αίίιω
1096 2714 1247 2758 generis
1265 2721 1324 2744 reo
1341 2708 1443 2756 (πρὸς
1459 2711 1522 2749 τὰς

69 2756 269 2800 ἑτερογενεῖς
285 2755 431 2803 πράξεις)
451 2763 697 2790 transeamus.
