1891 3310
293 209 356 248 ΙΝ
387 206 736 247 EXCERPTA
776 206 856 245 DE
887 205 1056 247 VIRT.
1085 208 1166 247 ΕΤ
1198 210 1320 250 vlT.
1442 211 1537 256 459

83 322 215 362 tarcho
236 325 276 361 in
301 322 458 361 Solonis
477 323 581 370 vita,
621 323 686 371 qni
705 320 948 359 Pisistratum
968 334 1132 373 regnare
1153 326 1325 374 coepisse
1347 326 1446 365 dicit
1465 327 1541 366 Co-

86 383 160 419 mia
189 381 352 417 Athenis
382 381 624 430 magistratu.
683 377 878 429 Regnavit
902 385 1028 416 autem
1060 380 1287 418 Pisistratus
1316 397 1439 422 annos
1463 387 1537 425 33.

83 445 125 474 ut
156 437 268 474 docet
296 438 524 474 Aristoteles
557 435 597 471 L.
617 435 663 472 V.
693 435 807 474 Polit.
841 448 872 474 c.
904 437 972 475 12.
1014 442 1051 472 et
1088 436 1314 475 Heraclides
1361 441 1401 477 in
1445 441 1538 489 Rep.

85 494 222 531 Athen.
241 501 279 530 et
300 493 468 530 lustinus
488 493 554 531 lib.
572 491 619 527 ll.
648 495 688 531 S.
743 490 922 529 Decessit
941 494 1061 543 igitur
1079 507 1181 530 anno
1202 495 1244 534 4.
1269 495 1421 546 Olymp.
1435 509 1538 540 Lxu,

83 548 305 602 Regnatum
326 549 463 586 deinde
483 555 540 585 est
557 549 603 585 ab
627 547 847 598 Hipparcho
866 555 980 597 atque
996 549 1137 600 Hippia
1155 564 1278 588 annos
1302 554 1395 602 18.,
1422 562 1465 592 ut
1483 562 1542 593 te-

82 614 207 644 statur
236 607 476 644 Aristoteles.
532 604 701 642 Proinde
734 604 1033 655 Olymp.1.xvl¹.
1062 620 1164 645 anno
1183 610 1226 648 2.
1252 611 1359 658 'pulsi
1379 619 1471 648 sunt
1492 613 1540 650 ab

82 663 383 700 Atheniensibus
404 669 441 699 et
460 661 775 700 Lacedaemoniis
795 662 1083 711 Pisistratidae,
1113 677 1198 702 cum
1220 678 1342 704 annos
1364 680 1482 705 unum
1504 675 1544 707 et

83 723 362 771 quinquaginta
384 717 627 769 tyrannidem
646 721 883 765 tenuissent,
910 726 954 756 ut
975 727 1079 757 recte
1102 721 1379 771 Aristophanes
1403 724 1542 774 Gram-
1560 722 1570 728 ’

81 779 244 815 maticus
281 776 428 812 scribit.
488 776 729 822 Quamquam
758 773 1035 813 Eratosthenes
1061 778 1132 817 50.
1170 785 1318 817 tantum
1338 793 1462 819 annos
1486 785 1542 822 eis

81 834 243 881 tribuit3
276 831 498 869 Herodotus
517 845 611 869 vero
637 832 710 871 36.
742 838 786 868 ut
807 838 917 869 notat
937 832 1182 871 Scholiastes
1204 836 1478 886 Aristophanis
1499 841 1542 878 in

81 889 240 938 Vespis,
277 902 378 926 vers,
404 888 508 928 500.
571 887 648 924 Sed
671 886 894 931 Herodotus
919 902 984 925 eos
1009 889 1201 928 duntaxat
1219 904 1342 930 annos
1373 898 1543 945 comple-

81 948 220 992 ctitur,
259 946 397 993 quibus
426 945 657 982 Pisistratus
687 945 944 993 principatum
969 948 1106 984 tenuit.
1153 951 1293 998 quippe
1315 951 1544 990 Pisistratus

81 1003 138 1040 bis
159 1003 205 1039 ab
228 1001 527 1038 Atheniensibus
546 1003 678 1049 pulsus
700 1008 779 1048 est,
825 1008 938 1050 atque
959 1015 1007 1038 ex
1025 1006 1139 1040 annis
1163 1005 1235 1044 33.
1269 1009 1334 1054 qui
1361 1008 1407 1044 ab
1429 1011 1544 1048 initio

79 1061 161 1096 eius
193 1058 413 1109 tyrannidis
444 1058 492 1094 ad
523 1059 669 1094 obitum
699 1070 819 1107 usque
841 1060 1055 1107 intersunt,
1101 1073 1223 1098 annos
1253 1062 1442 1101 duntaxat
1469 1068 1541 1107 17.

80 1118 302 1164 imperavit,
342 1121 386 1151 ut
414 1116 470 1151 ait
501 1114 748 1162 Aristoteles,
796 1116 951 1151 tametsi
972 1114 1193 1154 Herodotus
1220 1121 1289 1160 18.
1315 1123 1350 1157 ei
1373 1123 1543 1162 tribuere

82 1172 249 1210 videtur.
308 1169 429 1208 Porro
450 1178 583 1208 nostra
604 1170 697 1207 haec
718 1183 905 1208 annorum
938 1174 1159 1221 supputatio
1181 1179 1412 1214 auctoritate
1434 1178 1544 1218 Thu-

80 1229 232 1278 cydidis
264 1229 418 1264 nititur.
469 1227 506 1264 Is
527 1226 670 1264 lil›.V1.
690 1240 723 1266 c.
743 1229 816 1267 59.
850 1228 1029 1278 Hippiam
1059 1231 1195 1268 scribit
1228 1235 1436 1282 tyrannide
1463 1239 1544 1274 eie-

83 1293 208 1333 ctum,
243 1284 290 1321 ad
310 1283 468 1320 Darium
488 1284 654 1334 fugisse,
687 1290 724 1320 et
743 1285 927 1322 vicesimo
948 1285 1105 1324 tandem
1124 1300 1227 1326 anno
1249 1303 1334 1327 cum
1354 1291 1482 1330 Persis
1503 1297 1546 1333 in

81 1341 251 1378 Atticam
283 1342 491 1388 irrupisse,
530 1347 569 1376 et
600 1343 639 1377 in
663 1339 907 1378 Marathonia
929 1355 1058 1392 pugna
1080 1344 1280 1384 cecidisse.
1339 1347 1395 1385 Ea
1415 1363 1548 1401 pugna.

81 1401 247 1449 contigit
264 1397 418 1447 Olymp.
432 1406 565 1435 Lxxn.
596 1410 699 1433 anno
721 1399 773 1445 2,
801 1405 846 1448 ut
865 1405 924 1435 est
945 1401 983 1435 in
999 1399 1190 1438 Marmore
1211 1401 1453 1455 Smyrnaeo,
1478 1411 1548 1457 qui

84 1468 209 1492 annus
239 1460 298 1491 est
327 1455 531 1491 vicesimus
559 1454 605 1489 ab
638 1466 706 1500 eo,
744 1455 784 1490 in
814 1466 888 1502 quo
911 1455 1233 1509 Hippiaefugam
1258 1463 1547 1503 collocavimus.

83 1511 241 1549 Accedit
270 1511 369 1559 quod
406 1510 504 1548 idem
531 1508 782 1561 Thucydides
814 1512 878 1548 lib.
899 1512 1000 1549 Vlll.
1026 1526 1057 1550 c.
1080 1516 1153 1555 68.
1189 1516 1235 1553 ab
1257 1520 1389 1556 eiectis
1411 1527 1549 1572 tyran..

81 1569 142 1605 nis
177 1567 223 1604 ad
264 1567 633 1618 quadringentorum
656 1567 979 1605 «dominationem
1016 1582 1140 1608 annos
1176 1582 1353 1612 numerat
1382 1587 1547 1618 centum.

80 1623 197 1674 Atqui
217 1623 371 1675 Olymp.
389 1634 489 1660 xcn.
525 1637 627 1660 anno
653 1625 691 1664 1.
722 1627 927 1662 constituti
948 1633 1038 1662 sunt
1056 1628 1355 1681 quadringenti,
1387 1642 1430 1671 ut
1451 1640 1547 1674 satis

82 1687 259 1728 constat,
299 1694 321 1717 a
343 1692 417 1729 quo
439 1680 484 1716 ad
509 1693 654 1716 annum
680 1681 723 1720 2.
765 1681 920 1732 Olymp.
944 1692 1076 1721 van.
1115 1688 1208 1723 anni
1239 1696 1392 1726 centum
1423 1694 1550 1730 inter-

82 1739 174 1774 iecti
205 1743 317 1783 sunt,
358 1739 391 1774 si
421 1744 624 1785 utrumque
654 1740 859 1774 terminum
886 1740 1114 1787 incluseris,
1153 1744 1254 1792 quod
1274 1747 1437 1785 mirifice
1459 1763 1549 1788 sen-

83 1796 243 1832 tentiam
266 1800 434 1830 nostram
457 1794 671 1830 confirmat.
723 1793 871 1831 VALES.
906 1844 908 1847 v
941 1796 1038 1832 Vide
1070 1800 1177 1834 viros
1202 1800 1444 1842 doctissimos
1470 1807 1545 1844 lac.

81 1848 208 1887 Periz.
240 1850 285 1886 ad
309 1850 461 1886 Aeliani
491 1849 580 1886 Var.
610 1849 715 1886 Hist.
748 1849 902 1888 L.V11[.
925 1853 968 1892 2.
999 1859 1037 1890 et
1059 1851 1102 1893 C.
1127 1854 1173 1895 A.
1200 1855 1348 1897 Duker.
1371 1863 1413 1899 in
1438 1862 1548 1902 Thu-

82 1907 211 1957 cydid.
237 1906 359 1946 L.Vl.
385 1906 455 1945 54.
518 1906 659 1943 WEss.
1418 1920 1421 1923 v

199 1964 302 2002 557-
332 1964 407 2003 48.
445 1959 569 2002 Κατὰ
591 1963 666 2002 τοῦ
687 1957 892 2015 τυράννου
913 1957 1104 2019 (Ζήνων)
1125 1966 1430 2024 κατεστήσατο]
1470 1976 1550 2014 Ze-

84 2021 200 2058 nonis
219 2032 359 2056 nomen
391 2031 439 2056 ex
470 2021 668 2069 margine,
708 2027 750 2057 ut
770 2023 894 2058 oratio
915 2030 1017 2059 recte
1036 2026 1285 2075 procederet,
1320 2029 1394 2067 huc
1415 2039 1550 2071 trans-

82 2078 169 2114 tuli.
227 2075 455 2127 Tyrannum
494 2075 712 2113 Nearchum
735 2090 821 2114 cum
840 2076 1014 2116 Diodoro
1037 2082 1166 2130 plures
1185 2092 1344 2132 vocant,
1381 2090 1449 2125 alii
1473 2089 1551 2128 De-

85 2135 245 2183 mylum.
297 2133 398 2183 Lege
429 2130 480 2169 H.
506 2132 633 2169 Vales.
664 2140 744 2170 not.
773 2134 820 2171 ad
850 2134 1040 2173 Ammian.
1069 2138 1285 2178 Marcellin.
1315 2142 1357 2181 L.
1378 2144 1484 2184 le.
1507 2149 1550 2187 9.

86 2197 125 2227 et
152 2189 288 2241 Aegid.
324 2189 478 2240 Menag.
510 2192 550 2227 in
580 2188 751 2242 Diogen.
784 2191 912 2229 Laert.
935 2192 1064 2230 L.1X.
1088 2197 1166 2236 26.
1210 2197 1344 2240 iVEss„
1405 2200 1551 2242 Confer

85 2245 182 2284 Exc.
204 2247 289 2284 vat.
311 2259 347 2296 p.
365 2247 438 2286 36.
473 2248 550 2287 28.

152 2322 155 2325 ·
203 2304 307 2343 557.
342 2304 415 2342 55.
457 2298 657 2342 Σπεύδιι)ν
679 2299 955 2356 ἀπολυθῆναί
977 2320 1076 2346 ποτε
1097 2309 1174 2359 τῆς
1192 2305 1401 2367 ἆνάγκης]
1451 2315 1554 2355 Tor..

87 2365 218 2396 menta
250 2361 447 2410 intellige,
492 2367 536 2396 ut
562 2359 696 2406 modo,
740 2366 777 2396 et
799 2360 839 2397 L.
862 2361 927 2398 Ill.
965 2364 1036 2402 13.
1087 2363 1317 2406 Plutarchus
1348 2371 1394 2408 (le
1418 2375 1553 2413 eodem

88 2416 248 2453 Zenone
270 2415 503 2463 Philosopho
523 2417 589 2453 lib.
611 2416 656 2453 de
679 2415 865 2454 Garrulit.
887 2431 924 2467 p.
942 2420 1046 2459 505.
1067 2419 1117 2459 D.
1153 2421 1224 2462 ἵνα
1251 2426 1358 2478 μηδὲ
1378 2425 1553 2478 ἄκοντος

89 2470 219 2511 αὐτοῦ
252 2467 435 2523 πρόηταί
460 2487 496 2510 τι
527 2474 611 2511 τῶν
641 2469 890 2526 ἀπσρῥήτων
921 2473 1211 2529 ἐκβιαζόμενον
1236 2479 1282 2521 τὸ
1316 2487 1438 2537 σῶμα
1461 2493 1555 2535 ταῖς

91 2524 287 2582 ἀνάγκαις
310 2525 527 2580 ὸίαφαγιὺν
547 2536 621 2565 etc.
677 2529 812 2566 Wssss.

208 2586 312 2624 557.
345 2586 415 2624 57.
459 2582 579 2623 Κατὰ
598 2582 674 2636 τὴν
695 2582 998 2640 ἕπιτονωτάτήν
1020 2586 1234 2632 ἐπίστασιν
1254 2596 1328 2647 τῆς
1343 2595 1551 2652 βασάνου]

96 2641 274 2678 Valesius
306 2639 492 2680 ἐπίτασιν
518 2642 710 2688 correxit,
742 2656 801 2678 me
824 2656 901 2681 non
923 2647 1074 2684 invito:
1114 2650 1215 2698 quod
1246 2655 1277 2689 si
1310 2661 1435 2693 tamen
1466 2656 1554 2695 ἐπί,

95 2712 238 2742 στασις
259 2699 332 2746 τῆς
354 2697 499 2743 κακίας
521 2705 669 2734 auctam
689 2699 880 2746 quandam
902 2703 1072 2740 malitiae
1093 2704 1353 2747 incursionem
1374 2714 1415 2751 2.
1446 2713 1555 2752 Mac..

96 2755 176 2791 cal».
199 2753 260 2789 Vl.
286 2755 325 2792 3.
353 2754 521 2802 indicet,
549 2755 657 2804 isque
680 2756 786 2792 locus
813 2756 909 2794 bene
930 2757 1095 2809 habeat,
1125 2762 1171 2798 de
1193 2765 1332 2803 mendo
1357 2768 1471 2808 dubia
1493 2784 1554 2809 reg

98 2824 180 2847 esse
204 2811 376 2858 poterit„
416 2811 554 2848 W'Ess.

214 2867 317 2907 558.
354 2868 427 2906 70.
461 2865 551 2907 Ἵνα
583 2866 664 2922 δι’ίῃ
692 2864 790 2915 τοὺς
820 2864 1022 2919 ὀδόντας]
1072 2874 1209 2914 Paullo
1228 2879 1342 2917 aliter
1361 2879 1557 2935 Diogenes
