1891 3310
412 200 699 239 QECONOMIA
734 199 1012 232 HISTORIAE
1048 200 1274 232 DIODORI.
1498 204 1575 236 CLI

702 295 958 334 Daedalus.

192 355 434 391 Atheniensis
461 357 556 389 erat.
599 354 796 399 Ingenium
830 355 911 388 eius
950 356 990 388 et
1015 353 1209 397 sollertia,
1240 365 1312 401 quo
1331 366 1462 391 omnes
1477 358 1570 392 vicit

103 413 282 447 artifices.
327 414 484 453 Talum,
518 423 565 447 ex
593 422 724 446 sorore
742 416 942 456 nepotem,
966 412 1060 445 artis
1087 415 1128 446 et
1152 414 1362 446 ministrum
1386 418 1425 447 et
1439 425 1566 448 aemu-

102 480 179 514 lum
197 469 346 511 habuit,
371 471 477 503 novis
492 470 657 504 inventis
675 469 832 502 clarum.
875 469 988 502 Hunc
1005 468 1220 512 Daedalus,
1242 470 1384 503 invidia
1401 481 1563 507 commo-

101 531 183 568 tus,
214 527 301 561 dolo
326 527 532 560 interemit.
591 526 734 569 Capitis
763 526 963 560 damnatus
988 515 1026 559 in
1052 525 1180 571 fugam
1209 536 1250 560 se
1278 527 1354 560 dat.
1396 529 1484 572 Cap.
1505 531 1562 567 76.

101 583 251 618 Cretam
278 583 415 617 deinde
445 583 605 616 insulam
632 583 746 627 petit,
778 587 817 616 et
836 583 976 616 Minois
996 584 1100 627 regis
1123 583 1324 617 amicitiam
1346 584 1415 616 sibi
1435 586 1565 618 conci-

99 640 181 674 liat.
225 640 300 674 Hic
326 640 539 674 construxit
563 640 672 674 bovis
694 639 904 673 machinam
934 639 983 673 ad
1008 641 1231 684 explendam
1251 639 1460 684 Pasiphaae
1480 642 1561 675 libi-

99 698 247 739 dinem3
280 698 379 731 unde
396 701 502 744 ortus
519 697 780 730 Minotaurusz
814 696 952 730 deiude
974 695 1265 741 Labyrinthum.
1311 698 1406 731 Post
1423 698 1469 732 ob
1488 698 1560 731 Mi-

98 755 180 788 nois
199 756 292 788 iram
310 755 349 788 in
367 765 408 788 se
424 758 563 788 motam
582 764 664 787 cum
681 754 790 788 Icaro
809 754 846 786 in
859 752 1024 787 Siciliam
1041 754 1203 799 aufugit.
1234 755 1289 789 Ab
1307 755 1377 790 hoc
1394 759 1434 789 et
1451 765 1557 790 mare

97 812 257 845 Icarium
285 816 324 846 et
348 813 473 846 insula
498 811 622 845 Icaria
649 821 785 844 nomen
807 809 936 844 habet.
980 811 1072 845 Mox
1088 811 1249 846 conficta
1270 813 1399 846 fabula
1415 813 1462 846 de
1484 813 1558 846 alis

97 879 117 903 e
139 880 226 903 cera
243 869 365 903 factis.
398 872 485 913 Cap.
502 872 558 906 77.
606 867 769 901 Daedali
793 868 941 912 reliqua
967 878 1084 912 opera
1111 869 1150 902 in
1174 868 1302 903 Sicilia
1323 870 1436 903 facta.
1468 870 1560 914 Cap·

92 927 149 962 78.
197 926 341 968 Minos,
376 926 423 960 ob
447 928 641 968 receptum
668 924 880 959 Daedalum
910 926 1052 968 iratus,
1098 925 1234 960 Siculis
1258 927 1399 961 bellum
1427 927 1559 960 infert.

93 981 255 1016 Daedali
275 993 375 1016 mors
395 987 433 1017 et
451 985 733 1016 monumentum
756 982 982 1026 sepulcrale.
1026 984 1230 1018 Cretenses
1255 985 1293 1018 in
1312 983 1442 1017 Sicilia
1471 984 1559 1017 reli-

94 1039 165 1080 cti,
197 1044 282 1083 post
304 1039 443 1073 Minois
466 1042 626 1073 mortem
644 1039 773 1073 sedem
801 1040 852 1072 ibi
875 1041 1129 1083 constituunt,
1156 1041 1363 1086 urbemque
1384 1041 1556 1074 Minoam

95 1099 134 1129 et
170 1097 346 1141 Engyum
382 1096 566 1137 condunt3
615 1105 702 1129 mox
735 1097 916 1141 templum
948 1096 1105 1131 Deabus
1130 1098 1319 1132 Matribus
1343 1101 1559 1137 exstruunt,

92 1154 353 1198 magnitudine
370 1159 409 1188 et
428 1154 631 1188 sanctitate
647 1153 804 1188 clarum.
849 1153 1018 1200 Lapides
1037 1156 1214 1190 maximis
1234 1155 1419 1190 sumtibus
1442 1155 1555 1189 adve-

91 1212 154 1246 cti.
187 1211 277 1257 Cap.
293 1212 348 1250 79.
370 1214 427 1249 80,

683 1287 947 1323 Aristaeus.

181 1346 241 1381 Ex
267 1345 439 1392 Apolline
465 1349 504 1380 et
521 1347 671 1392 Cyrene
688 1349 727 1381 in
746 1346 871 1392 Libya
888 1349 999 1381 natus
1015 1346 1203 1393 Nymphis
1219 1349 1383 1383 traditur
1393 1351 1413 1390 ,⁸
1436 1358 1459 1382 a
1476 1348 1555 1393 qui-

91 1404 162 1438 bus
186 1405 331 1449 apium,
368 1404 571 1445 olivarum,
604 1404 714 1438 lactis
742 1410 812 1439 cet.
837 1405 1021 1438 culturam
1040 1405 1192 1449 didicit3
1232 1406 1366 1452 quibus
1388 1407 1553 1440 inventis

91 1473 213 1507 aeque
233 1473 277 1495 ac
294 1460 465 1495 Bacchus
486 1462 626 1505 optime
644 1462 691 1495 de
710 1472 852 1506 genere
866 1462 1030 1496 humano
1057 1464 1208 1501 meruit.
1258 1465 1350 1498 Eius
1372 1473 1418 1496 ex
1433 1464 1556 1496 Auto-

91 1522 183 1561 noe,
216 1519 345 1554 Cadmi
371 1519 473 1561 filia,
501 1518 602 1551 filius
624 1520 790 1553 Actaeon
810 1529 832 1552 a
851 1521 1006 1554 canibus
1024 1520 1226 1557 laceratus.
1265 1522 1352 1564 Cap.
1371 1524 1426 1558 81.
1483 1520 1554 1553 Mi-

88 1580 176 1622 grat
194 1576 332 1610 deinde
349 1577 546 1610 Aristaeus
564 1577 601 1608 in
617 1578 729 1609 Ceam
755 1577 938 1620 insulam3
971 1577 1170 1611 Graeciam
1198 1579 1413 1612 universam
1441 1578 1556 1621 pesti-

86 1635 209 1671 lentia
226 1634 376 1667 liberat.
420 1634 495 1667 llic
519 1633 652 1667 relicta
677 1634 830 1675 sobole,
865 1635 946 1678 ipse
965 1633 1177 1668 Sardiniam
1198 1641 1236 1669 et
1254 1635 1419 1669 Siciliam
1439 1636 1551 1678 petit3

89 1690 136 1725 ob
165 1701 258 1736 quas
283 1690 428 1725 insulas
455 1691 535 1724 suis
561 1691 726 1724 inventis
751 1691 923 1725 excultas
947 1691 1096 1727 divinos
1114 1692 1279 1728 honores
1297 1694 1552 1738 consequitur.

87 1749 178 1793 Cap.
195 1751 252 1785 82.
1523 1746 1529 1750 ’

587 1809 805 1856 Daphnis
838 1818 884 1847 et
910 1813 1051 1860 Eryx.

177 1871 304 1917 Eryx,
339 1870 506 1906 Veneris
527 1874 566 1904 ct
583 1870 706 1904 Butae
727 1870 847 1913 filius,
880 1871 1032 1906 Siciliae
1056 1871 1232 1916 regulus,
1263 1873 1394 1907 urbem
1415 1873 1471 1906 sui
1492 1884 1554 1907 no-

88 1928 223 1970 minis,
255 1934 293 1963 et
313 1930 349 1962 in
367 1931 448 1963 eius
470 1939 557 1963 arce
577 1929 756 1972 templum
776 1927 941 1962 Veneris
958 1930 1149 1974 Erycinae
1170 1932 1378 1971 exstruxit,
1412 1932 1556 1964 sancti-

87 1979 166 2019 tate
193 1987 465 2028 clarissimum,
497 1986 543 2019 ab
561 1987 712 2027 Aenea,
749 1984 906 2028 Siculis,
937 1985 1336 2032 Carthaginiensibus,
1358 1987 1555 2029 Romanis,

86 2045 264 2077 maximis
283 2044 454 2077 auctibus
474 2044 707 2088 ampliatum.
738 2043 826 2087 Cap.
844 2044 902 2079 83.

179 2100 361 2145 Daphnis,
384 2101 577 2135 Mercurio
596 2105 635 2135 et
651 2100 827 2145 Nympha
843 2101 1008 2145 genitus,
1031 2101 1088 2135 rei
1106 2103 1349 2146 pastoritiae,
1375 2102 1422 2136 ad
1439 2112 1553 2148 quam

86 2160 257 2204 regionis
284 2158 496 2191 amoenitas
524 2158 727 2200 invitabat,
757 2158 970 2199 studiosus,
1003 2159 1154 2193 fistulae
1172 2161 1394 2204 pastoritiae
1413 2167 1452 2194 et
1475 2170 1556 2193 car-

89 2217 202 2249 minis
219 2217 407 2260 pastoritii
425 2216 604 2249 inventor
623 2217 783 2249 exstitit.
826 2215 1013 2248 Montium
1031 2216 1272 2251 Heraeorum
1301 2223 1340 2251 et
1359 2219 1554 2251 circumia-

88 2275 254 2306 centium
273 2283 504 2319 camporum,
527 2275 567 2307 in
584 2274 721 2319 quibus
737 2277 848 2307 natus
869 2277 929 2307 est
945 2276 985 2308 et
995 2274 1110 2317 vixit,
1135 2274 1341 2321 descriptio
1360 2277 1555 2310 inseritur.

87 2331 175 2374 Cap.
190 2328 249 2366 84.

738 2393 899 2433 Orion.

184 2459 362 2505 Corporis
389 2461 649 2506 magnitudine
676 2467 715 2499 et
738 2466 877 2500 robore
906 2464 1085 2506 eminuit,
1121 2466 1413 2500 etvenationem
1433 2467 1554 2498 secta-

90 2521 152 2551 tus
181 2523 251 2551 est.
305 2519 394 2551 Cum
420 2519 495 2552 alia
512 2529 628 2562 opera
644 2523 823 2565 perfecit,
861 2533 957 2566 quae
977 2523 1102 2567 magni
1119 2523 1267 2557 roboris
1291 2528 1439 2564 essent,
1471 2527 1552 2556 tum

93 2577 320 2619 praesertim
351 2576 453 2619 regis
478 2574 714 2620 Siculorum,
757 2579 909 2621 Zancli,
952 2590 975 2613 a
1000 2590 1073 2624 quo
1101 2579 1239 2612 Zancle
1267 2584 1346 2613 sive
1371 2580 1554 2613 Messana

96 2643 234 2666 nomen
258 2631 391 2673 habet,
419 2634 525 2666 iussu
551 2640 701 2677 portum
718 2638 807 2670 Acte
839 2637 1082 2681 appellatum.
1127 2637 1331 2670 Messanae
1360 2638 1554 2670 mentione

99 2688 201 2722 facta
214 2688 416 2723 historicus
432 2690 645 2734 digreditur
660 2693 698 2725 in
715 2693 1034 2737 disputationem,
1067 2704 1115 2727 an
1138 2694 1268 2727 Sicilia
1287 2695 1377 2727 olim
1403 2693 1554 2727 cherso-

101 2756 214 2780 nesus
239 2745 377 2782 suerit}
421 2747 617 2783 Hesiodus
641 2754 776 2796 negat,
805 2751 868 2796 qui
893 2752 1191 2796 promontorium
1211 2749 1421 2793 Pelorium,
1451 2752 1492 2784 et
1515 2751 1555 2783 iu
