1859 3326
284 200 417 231 CCXII
577 201 863 238 OEcONQffla
899 203 1170 235 msTORIAE
1206 204 1436 240 DIODORI.

286 298 460 343 periores
485 297 658 332 Romani.
703 299 798 333 Tum
823 301 962 345 Appius
987 301 1186 345 Claudius,
1226 303 1388 346 Censor,
1424 307 1532 340 novis
1557 308 1742 343 institutis

284 355 384 389 bene
402 366 483 389 mer
487 361 540 390 et:
572 366 670 400 aqua
687 358 831 401 Appia
822 370 860 392 m
878 358 1009 391 urbem
1031 359 1306 404 deducta,1·ia
1321 363 1438 413 Appia
1455 368 1598 408 strata,
1626 367 1743 412 magi-

285 417 428 450 stratus
449 424 532 450 cum
548 415 660 463 plebe
676 416 831 464 vulgati.
869 427 900 452 c.
916 417 972 457 352
994 419 1049 457 36

839 520 1012 569 olymp.
1030 524 1197 561 cxvm.

377 596 473 632 Ann-
495 600 530 636 1.
571 598 697 634 Primo
717 602 762 635 de
781 603 892 636 Asiae
911 603 1169 650 Graeciaeque
1188 603 1301 638 rebus
1318 605 1456 650 agitur.
1489 604 1745 651 Ptolemaeus,

286 654 461 700 Aegypto
480 657 718 702 praefectus,
753 660 898 705 Myndo
912 662 1085 705 solvens,
1121 662 1211 707 (vid.
1229 673 1258 698 c.
1271 664 1327 699 19.
1345 666 1416 709 27.)
1446 665 1642 707 pristinum
1662 674 1748 709 pro·

286 715 451 756 positum
469 715 515 749 de
537 715 699 750 Graecia
717 718 915 752 liberanda
935 724 972 753 et
995 721 1064 753 sibi
1086 721 1325 765 adiungenda
1346 720 1410 761 (cf
1430 721 1481 755 lib
1508 721 1610 764 XlX,
1630 733 1660 756 c.
1671 726 1746 766 61.)

287 770 448 805 ulterius
465 780 699 817 persecutus,
724 777 760 808 in
782 778 888 821 Aegy
892 782 992 821 ptum
1012 778 1122 811 redit.
1150 798 1193 804 ·—·
1220 779 1437 822 Cleopatra,
1467 780 1669 814 Alexandri
1686 780 1743 818 Μ

288 837 419 872 soror,
450 832 678 874 Alexandri,
707 835 811 879 regis
837 835 1098 878 Epilmotarum
1133 837 1287 877 coniux,
1320 837 1409 880 (vid.
1426 837 1490 872 lib.
1502 837 1601 880 XVI,
1623 849 1653 871 c.
1670 841 1744 884 92.)

286 886 393 919 cuius
415 890 628 934 coniugium
644 893 798 935 generis
820 903 933 926 eausa
950 893 1065 928 duces
1085 895 1224 941 singuli
1242 896 1495 940 appetebant,
1526 906 1572 930 ex
1593 895 1750 938 invidia,

283 943 463 989 Antigoni
482 947 606 990 iussu,
634 954 781 985 necata.
809 962 839 985 c.
857 954 913 990 37.

379 1014 481 1048 Ilinc
501 1026 563 1050 res
579 1017 615 1049 in
635 1017 759 1063 Libya
778 1024 907 1064 gestas
926 1020 1116 1055 Diodorus
1142 1022 1222 1056 adit
1237 1022 1466 1056 lustrandas.
1510 1022 1750 1067 Agathocles,

286 1071 421 1105 relicto
441 1072 519 1106 snio
540 1074 586 1107 ad
606 1076 806 1119 Tunetem,
832 1078 1040 1113 Poenorum
1064 1082 1291 1121 exercitum,
1315 1081 1361 1113 ad
1379 1081 1581 1122 Numidas,
1607 1083 1669 1124 qui
1688 1082 1753 1115 de-

285 1128 478 1171 fecerant,
507 1132 733 1177 domandos,
759 1136 968 1179 profectum
989 1138 1219 1182 insequitur,
1253 1139 1473 1182 proelioque
1493 1138 1627 1172 fundit.
1673 1138 1750 1173 Sed

287 1185 477 1221 Numidae
500 1191 731 1232 praedantur
762 1204 914 1227 suorum
953 1199 1089 1228 castra.
1147 1195 1285 1238 Captos
1320 1195 1487 1229 Graecos
1522 1196 1751 1241 Agathocles

287 1247 422 1278 contra
452 1245 578 1280 datam
604 1249 716 1283 tidem
746 1254 965 1297 exstinguit.
1012 1263 1091 1296 cap.
1108 1255 1164 1289 38.
1189 1256 1244 1290 39·
1305 1253 1383 1286 lam
1409 1254 1593 1298 augendis
1618 1255 1752 1298 opibus

287 1300 458 1337 intentus
485 1303 704 1350 Ophellam,
742 1310 973 1353 Cyrenaicae
994 1310 1249 1354 praefectum,
1281 1311 1605 1354 (vid.lib.XVll1‚
1630 1315 1751 1358 c.21.)

288 1361 437 1403 magnis
458 1364 652 1404 promissis
676 1366 839 1409 inducit,
870 1373 911 1400 ut
931 1369 968 1400 in
987 1379 1175 1402 armorum
1200 1370 1422 1402 societatem
1445 1370 1586 1402 veniat.
1632 1369 1755 1403 Susci-

286 1416 345 1460 pit
371 1416 429 1450 hic
447 1420 607 1462 plurium
626 1425 808 1459 mensium
831 1426 906 1459 iter
931 1437 1013 1460 cum
1035 1437 1171 1471 magno
1197 1428 1390 1468 exercitu,
1425 1426 1474 1459 ad
1504 1431 1629 1459 castra
1653 1428 1754 1472 Aga—

287 1472 436 1509 thoclis.
480 1476 671 1523 Regiones
688 1484 950 1527 peragrandae
978 1484 1101 1519 obiter
1124 1484 1408 1525 describuntur,
1441 1485 1612 1518 immixto
1639 1487 1754 1519 etiam

288 1531 422 1575 mytho
446 1534 492 1568 de
520 1541 629 1571 antro
655 1538 824 1574 Lamiae.
871 1542 1039 1580 Socium,
1086 1543 1247 1575 amicum
1277 1547 1390 1586 atque
1420 1540 1628 1586 hospitem,
1670 1553 1754 1576 cum

291 1589 550 1635 adventasset,
574 1594 672 1630 falso
694 1597 732 1633 in
751 1600 1002 1643 suspicionem
1023 1600 1244 1635 insidiarum
1266 1599 1481 1640 adductum,
1505 1600 1620 1642 impia
1638 1601 1754 1635 caede

291 1649 469 1691 opprimit
487 1651 733 1697 Agathocles,
769 1658 976 1691 exercitum
995 1662 1120 1691 autem
1138 1657 1335 1691 beneficiis
1353 1661 1502 1702 captum
1531 1658 1601 1690 sibi
1635 1659 1757 1692 conci-

289 1704 371 1738 liat.
405 1717 434 1739 c.
453 1709 617 1746 40—42.
663 1712 873 1758 Bomilcar,
910 1716 995 1751 dum
1023 1715 1269 1759 Agathoclem
1298 1715 1383 1749 aliis
1401 1715 1514 1748 rebus
1535 1722 1757 1760 occupatum

292 1764 580 1810 animadvertit,
612 1769 650 1802 id
670 1774 818 1816 tempus
835 1774 1000 1807 maxime
1021 1779 1270 1817 opportunum
1288 1777 1412 1815 ratus,
1438 1783 1616 1817 regnum,
1650 1775 1756 1809 cuius

293 1821 431 1856 dudum
450 1826 607 1868 cupidus
626 1833 730 1871 erat,
756 1831 937 1866 invadere
959 1837 1136 1873 conatui-3
1163 1833 1231 1865 sed
1249 1842 1453 1876 oppressus
1471 1841 1493 1864 a
1513 1832 1655 1865 civibus
1673 1843 1759 1876 sup-

289 1879 404 1922 plicio
435 1883 620 1920 occubuit.
656 1906 702 1912 -
736 1888 820 1922 Hoc
847 1894 1018 1933 temporo
1044 1889 1272 1935 Agathocles
1299 1899 1416 1922 naves
1445 1888 1575 1932 spoliis
1603 1895 1760 1924 onustas

293 1936 504 1984 Syracusas
521 1943 636 1980 misit.
681 1944 806 1980 Multa
825 1951 1055 1992 tempestate
1080 1948 1235 1989 oborta,
1266 1947 1356 1980 illae
1379 1956 1542 1980 mersae.
1574 1957 1604 1984 c.
1623 1948 1681 1984 43.
1700 1947 1759 1986 44.

383 2011 402 2029 ⁴
423 2008 563 2043 Rerum
579 2011 833 2050 Romanarum
852 2018 980 2052 brevis
999 2019 1135 2052 notitia
1155 2017 1320 2052 adiecta.
1352 2026 1382 2049 c.
1397 2014 1442 2052 44
1461 2020 1558 2049 extr.

383 2085 478 2123 Αηη.
505 2093 540 2127 2.
589 2091 716 2126 Primo
746 2106 807 2129 res
833 2095 1018 2131 Graeciae
1044 2100 1255 2132 narrantur.
1312 2095 1550 2135 Demetrius,
1582 2094 1764 2138 Antigoni

294 2141 416 2185 filius,
443 2156 464 2178 a
483 2152 590 2190 patre
608 2151 643 2182 in
662 2151 860 2188 Graeciam
878 2156 1036 2196 missus,
1060 2158 1102 2187 ut
1120 2159 1197 2187 tum
1219 2153 1313 2186 alias
1332 2153 1526 2192 civitates,
1549 2154 1625 2184 tum
1647 2153 1762 2196 inpri-

293 2202 367 2234 mis
384 2202 561 2247 Athenas,
588 2218 610 2240 a
628 2210 839 2245 Cassandro
858 2217 1076 2255 occupatas,
1102 2213 1140 2244 in
1158 2212 1374 2244 libertatem
1397 2209 1576 2250 vindicet,
1603 2209 1761 2244 Athenis

299 2259 401 2292 eiicit
419 2260 655 2297 Demetrium
678 2266 925 2308 Phalereum,
952 2270 1155 2302 Cassandri
1173 2269 1362 2312 legatum3
1394 2266 1644 2311 Dionysium,
1678 2267 1762 2301 Mu-

294 2316 457 2360 nychiae
481 2322 733 2365 praefectum,
770 2336 852 2358 cum
877 2325 970 2359 urbe
996 2328 1107 2370 capit.
1155 2328 1230 2360 Ara
1248 2326 1492 2359 Sei-vatorum
1509 2325 1696 2368 Antigono
1721 2329 1761 2359 el:

295 2373 495 2410 Demetrio
523 2381 658 2422 posita,
717 2382 810 2414 ‘rum
848 2383 946 2416 uliae
976 2384 1089 2416 etiam
1129 2380 1302 2417 civitates
1330 2383 1528 2416 liberatae.
1572 2392 1602 2417 c.
1622 2383 1679 2419 45.
1704 2383 1763 2420 46.

296 2432 389 2467 Inde
408 2445 488 2467 eum
511 2436 631 2470 classe
655 2442 692 2471 et
710 2441 825 2483 copiis
845 2440 1036 2484 profectus
1054 2442 1293 2481 Demetrius,
1328 2440 1503 2483 Antigoni
1523 2437 1645 2480 filius,
1676 2449 1762 2474 mo-

295 2494 414 2525 vetiu
437 2493 713 2537 Ptolemaeum,
747 2502 785 2530 et
812 2499 960 2542 quidem
982 2501 1018 2532 in
1042 2500 1201 2532 insulam
1224 2499 1408 2542 Cyprum;
1445 2497 1530 2538 ubi,
1564 2499 1764 2532 commisso

295 2552 464 2597 proelio,
489 2552 728 2595 Menelaum,
755 2554 962 2589 Ptolemaei
981 2554 1171 2601 legatum,
1196 2556 1338 2596 fundit,
1375 2560 1412 2589 et
1434 2565 1550 2599 usque
1571 2556 1607 2587 in
1629 2555 1762 2589 urbem

299 2610 528 2644 Salaminem
560 2612 722 2654 repellit.
786 2611 965 2656 Sequitur
999 2615 1101 2647 urbis
1130 2614 1378 2658 oppugnatio,
1421 2612 1589 2646 adhibito
1617 2614 1765 2657 ingenti

299 2668 556 2702 machinarum
575 2674 777 2713 apparatu,
810 2673 847 2703 in
868 2671 925 2705 his
946 2683 1041 2705 nova
1059 2672 1251 2712 machina,
1286 2671 1344 2702 eui
1362 2670 1540 2712 Ilelepoli
1559 2681 1692 2703 nomen
1711 2671 1765 2704 iu-

301 2726 430 2762 ditum.
479 2728 553 2761 Sed
573 2728 752 2771 impetum
774 2730 892 2762 eludit
908 2730 1129 2772 Menelaus,
1160 2730 1300 2763 iniecto
1323 2728 1359 2760 in
1381 2731 1640 2771 oppugnantes
1664 2729 1765 2771 igne,

303 2791 343 2819 et
361 2786 544 2825 machinis
559 2787 734 2825 incendio
751 2788 922 2823 vastatis.
953 2797 984 2822 c.
1000 2785 1056 2826 47.
1079 2786 1138 2825 48.
1186 2787 1340 2822 Interea
1364 2783 1608 2822 Ptolemaeus
1632 2785 1766 2820 obses-
