1859 3326
308 205 403 238 cxc
618 196 906 232 OECONonuA
939 196 1214 231 fflsTomAE
1249 198 1474 232 DloDom.

877 292 963 340 Oly
972 304 1049 339 mp.
1066 294 1205 331 CVIII.

397 363 497 400 Anu.
521 367 554 401 1.
596 360 711 396 Redit
735 361 909 396 narratio
939 359 987 394 ad
1015 370 1078 394 res
1098 366 1227 405 gestas
1246 360 1421 406 Philippi.
1466 360 1506 396 Is
1526 359 1572 395 ad
1594 361 1780 396 ulteriora

309 425 591 469 expeditionem
619 419 803 460 intendit,
839 419 1016 462 ipsasque
1040 419 1154 452 urbes
1171 419 1218 452 ad
1237 421 1530 464 Hellespontum
1560 421 1676 462 sitas,
1709 420 1779 452 sub

306 485 536 528 potestatem
559 478 735 521 redigere
755 483 884 520 parat,
908 477 966 517 vi,
1000 477 1199 518 comitate,
1232 479 1416 522 pecuniae
1439 478 1594 522 profusa
1612 478 1780 521 largitio-

307 551 375 579 ne,
418 537 633 583 proditione
668 544 771 567 usus,
837 532 1048 578 Olynthus,
1090 544 1158 579 per
1185 535 1438 579 proditionem
1468 539 1599 579 capta,
1638 536 1781 567 excitat

305 595 591 632 Atheniensium
624 591 826 634 invidiam,
868 592 930 636 qui
955 591 1096 624 bellum
1127 593 1329 629 minantur,
1383 593 1459 627 Sed
1487 593 1681 636 Philippus
1708 590 1780 623 sol-

305 653 497 688 lemnibus
522 650 643 691 ludis,
677 648 805 692 festis,
838 650 1043 691 conviviis,
1066 649 1318 693 liberalitate,
1351 652 1516 685 omnium
1536 651 1683 683 animos
1707 647 1780 681 sibi

305 711 496 746 conciliat.
521 719 551 741 c.
567 709 735 746 53—55.

399 767 496 800 Αειη.
521 769 556 802 2.
602 765 702 798 Belli
728 764 825 798 sacri
857 773 978 796 annus
1003 764 1036 799 9.
1083 762 1221 798 Boeoti
1246 762 1507 798 phocensium·
1528 773 1643 808 agros
1667 762 1780 807 depo—

307 824 509 871 pulantur,
545 823 711 856 vicissim
739 821 776 855 hi
800 823 837 855 in
862 822 1022 855 Boeotia
1049 823 1176 855 omnia
1195 823 1347 865 rapiunt
1365 826 1404 856 et
1424 823 1638 856 devastant.
1687 820 1788 853 1’ha2

307 883 459 923 laecns,
491 881 682 924 sacrilegii
711 890 821 921 reus,
858 880 1057 923 imperium
1088 880 1241 912 amittit.
1295 879 1439 913 Severa
1462 880 1632 925 quaestio
1655 878 1701 912 de
1722 888 1781 911 sa-

308 940 475 983 ernegiS.
520 938 597 981 Ipsi
630 935 884 970 Athenienses
919 942 959 971 et
992 937 1288 970 Lacedaemonii
1321 938 1528 980 impietatis
1566 937 1782 981 participes.

305 997 464 1031 Boeotis
495 995 691 1038 Philippus
717 995 755 1027 in
782 993 997 1028 Phocenses
1021 995 1164 1028 auxilia
1190 996 1317 1027 mittit.
1372 993 1620 1028 phocensium
1645 996 1779 1038 ingens

308 1053 438 1086 clades
454 1052 553 1095 apud
575 1052 685 1088 Abas.
735 1052 808 1093 Qui
826 1053 864 1086 in
884 1053 1065 1097 templum
1085 1052 1358 1097 confugerant,
1384 1062 1467 1086 cum
1483 1052 1624 1096 templo
1644 1050 1780 1085 confla-

305 1115 431 1156 grant.
464 1121 494 1146 e.
514 1113 606 1147 56-
621 1112 677 1145 58.

400 1167 498 1201 Ann-
522 1170 555 1203 3.
602 1167 700 1200 Belli
722 1167 819 1213 sacri
837 1176 958 1199 annus
975 1166 1032 1202 10.
1078 1164 1315 1208 Phocenses,
1337 1166 1547 1199 attenuatis
1561 1165 1726 1207 viribus,
1756 1174 1780 1199 a

306 1225 628 1260 Lacedaemoniis
648 1235 745 1258 nova
764 1225 906 1257 auxilia
924 1225 1148 1267 impetrant3
1171 1223 1306 1257 Boeoti
1325 1234 1347 1257 a
1360 1223 1542 1268 Philippo,
1561 1224 1622 1268 qui
1643 1233 1781 1267 magna

306 1286 344 1317 vi
374 1283 577 1317 Locridem
604 1282 760 1319 invadit.
818 1281 1050 1322 Phalaecus,
1088 1282 1224 1314 iterum
1252 1285 1403 1313 creatus
1426 1282 1655 1324 imperator,
1694 1292 1778 1314 cum

294 1343 409 1375 xii-es
430 1342 597 1385 impares
613 1340 738 1382 videt,
763 1339 810 1373 de
829 1349 922 1384 pace
943 1337 1180 1382 impetranda
1198 1340 1414 1381 paciscitur.
1460 1337 1596 1372 Itidem
1615 1339 1782 1372 Phocen-

307 1409 371 1432 ses
400 1402 535 1441 sponte
568 1408 610 1431 se
633 1397 850 1430 subiiciunt.
904 1397 1014 1432 Pacis
1039 1398 1246 1428 communis
1280 1396 1440 1429 consilia
1464 1400 1503 1429 et
1527 1396 1779 1433 conditiones.

298 1456 366 1491 .1ta
387 1457 534 1489 finitum
553 1453 693 1488 bellum
713 1464 874 1486 sacrum.
906 1464 936 1488 c.
956 1455 1012 1491 59.
1039 1457 1094 1490 60.
1143 1453 1221 1486 lam
1247 1453 1459 1495 Diodorus,
1491 1454 1644 1497 pietatis
1664 1453 1781 1487 incul-

306 1514 451 1547 candae
470 1522 607 1553 causa,
637 1512 811 1555 adiungit
831 1521 1028 1544 recensum
1050 1521 1200 1552 eorum,
1234 1512 1295 1556 qui
1313 1511 1506 1556 sacrilegii
1525 1515 1702 1545 auctores
1717 1511 1781 1545 vel

307 1573 514 1617 participes
534 1569 709 1610 fuerunt,
732 1574 771 1602 et
788 1569 888 1602 tristi
908 1568 985 1601 fato
1005 1569 1212 1612 perierunt.
1243 1579 1273 1605 c,
1293 1568 1456 1606 61—64.

399 1629 490 1662 Inde
507 1627 556 1661 ad
572 1626 709 1674 πράξεις
727 1627 930 1672 ἑτερογενεῖς
946 1627 1094 1662 transit.
1142 1625 1185 1659 ln
1212 1625 1341 1659 Sicilia
1366 1624 1617 1670 Syracusani,
1649 1625 1780 1658 multis

296 1687 538 1722 -factionibus
556 1685 712 1729 agitati,
738 1694 761 1717 a
781 1683 1000 1725 Corinthiis,
1023 1694 1181 1728 quorum
1199 1678 1482 1724 coloniessent,
1506 1684 1777 1727 imperatorem

293 1749 508 1789 expetunt,
540 1744 603 1788 qui
630 1752 653 1775 a
679 1742 854 1786 tyrannis
886 1742 990 1786 ipsos
1015 1741 1208 1775 defendat.
1253 1742 1420 1775 Mittitur
1437 1741 1661 1783 Timoleon,
1691 1749 1780 1775 mox

303 1803 448 1836 vindex
469 1806 508 1836 et
524 1802 758 1834 instaurator
776 1810 903 1832 rerum
923 1798 1147 1833 Sicularum.
1180 1811 1210 1833 c.
1228 1800 1285 1835 65.

396 1869 494 1903 Ann-
519 1871 554 1907 4.
598 1869 852 1903 Timoleontis
870 1868 1056 1902 adventus
1076 1868 1113 1902 in
1134 1867 1322 1910 Siciliam3
1350 1877 1479 1909 naveS,
1509 1867 1652 1910 copiae,
1694 1866 1776 1907 Quo

296 1928 341 1962 'in
362 1933 463 1961 statu
481 1932 559 1961 tum
588 1938 651 1961 res
672 1926 821 1960 Siculae
852 1926 1018 1967 fuerint,
1053 1932 1243 1962 narratur.
1291 1926 1491 1960 instabant
1516 1926 1662 1958 scilicet
1690 1925 1779 1958 Car-

294 1985 582 2030 thaginienses:
617 1983 749 2017 horum
769 1984 912 2016 amicus
932 1984 1052 2017 factus
1073 1988 1156 2018 erat
1176 1971 1355 2025 Hicetas,
1385 1982 1659 2028 Syracusarum
1681 1983 1780 2027 prin-

303 2053 411 2086 ceps:
445 2042 654 2088 Dionysius
681 2040 871 2084 redierat,
903 2046 942 2075 et
956 2042 1158 2087 pristinum
1182 2042 1382 2086 imperium
1406 2045 1713 2086 recuperaverat.
1745 2049 1778 2077 c.

299 2104 346 2139 66
353 2119 399 2127 —
407 2103 464 2138 68.

898 2174 981 2222 Oly
992 2186 1067 2220 mp.
1088 2177 1180 2214 CIX.

393 2243 491 2281 Ann.
520 2247 550 2281 1.
611 2243 754 2276 Contra
781 2252 924 2276 morem
953 2245 1211 2288 praemittitur
1235 2253 1362 2276 rerum
1391 2251 1617 2276 coaevarum
1646 2241 1776 2276 ‘brevis

302 2304 466 2338 mentio:
490 2303 507 2320 *
524 2301 684 2334 Romani
703 2301 864 2344 primum
882 2300 1017 2334 foedus
1034 2312 1117 2335 cum
1135 2299 1512 2345 Carthaginiensibus
1531 2299 1717 2333 fecerunt.
1730 2319 1775 2326 —·

301 2361 451 2395 ldrieus
464 2384 474 2400 ,
499 2359 675 2402 princeps
695 2358 851 2401 Cariae,
875 2360 1055 2393 moritur:
1090 2360 1262 2404 sequitur
1278 2360 1317 2391 in
1334 2359 1546 2403 principatu
1566 2358 1667 2399 Ada,
1690 2369 1776 2391 con-

300 2420 367 2453 iux
386 2423 424 2451 et
439 2427 561 2451 soror.
590 2425 620 2448 c.
641 2417 685 2451 69
704 2424 759 2457 pr.

395 2475 439 2508 In
469 2473 600 2507 Sicilia
622 2470 855 2516 Syracusas,
889 2481 958 2516 per
972 2476 1102 2517 partes
1117 2476 1319 2517 occupatas
1343 2483 1366 2506 a
1383 2473 1591 2516 Dionysio,
1624 2473 1776 2514 Hiceta,

301 2532 546 2567 Timoleonte
564 2533 603 2564 et
621 2527 778 2573 Poenis,
808 2530 963 2564 tandem
983 2531 1206 2578 Timoleon,
1232 2534 1367 2564 auctus
1386 2531 1524 2573 copiis,
1544 2535 1644 2565 totas
1664 2533 1774 2574 cepit.

301 2596 332 2627 c·
354 2593 437 2680 691.ιι
463 2643 693 2683 ,Macedonia
713 2642 910 2689 Philippus
943 2646 983 2679 in
1014 2645 1188 2690 Illyrios,
1226 2645 1298 2679 sibi
1325 2644 1390 2678 diu
1412 2644 1594 2686 infestos,
1632 2649 1774 2686 movet,

301 2704 517 2755 multasque
545 2701 659 2735 urbes
679 2711 810 2735 eorum
829 2703 948 2746 capit3
983 2709 1119 2747 postea
1136 2701 1410 2737 Thessalorum
1427 2703 1540 2739 urbes
1558 2713 1582 2738 a
1597 2705 1770 2749 tyrannis

301 2760 460 2802 liberat,
481 2768 555 2805 quo
573 2759 740 2793 omnium
756 2758 927 2795 favorem
945 2761 1016 2794 sibi
1035 2759 1260 2795 conciliavit.
1292 2771 1324 2798 c.
1341 2761 1400 2799 69.
