1875 3310
405 208 692 243 OECONohuA
729 205 999 237 uls‘ronmss
1037 205 1262 237 DIODORI.
1398 209 1523 241 CCXV

71 320 101 343 c.
118 309 190 350 48.)
227 307 391 353 ingentis
416 305 704 353 magnitudiniS,
739 313 762 337 a
786 302 956 337 Diodoro
981 306 1156 336 accurate
1177 303 1377 348 descripta.
1413 316 1444 339 c.
1467 309 1524 342 91,

73 367 294 400 Exvcllebat
312 367 529 401 Demetrius
547 367 629 398 arte
648 360 887 406 oppugnandi
907 360 1042 400 urbes,
1066 359 1181 403 (conf.
1200 371 1233 394 c.
1250 363 1341 404 103.)
1366 375 1438 409 qna
1460 365 1525 398 Ρο-

70 424 252 458 liorcetae
272 434 480 468 cognomen
499 423 645 457 meruit.
673 430 701 455 c.
718 421 774 456 92.
823 420 1130 463 oppugnatorum
1153 422 1191 450 et
1205 427 1525 465 propugnatorum

73 492 189 525 opera
214 486 325 526 atque
354 480 492 516 fervor.
536 490 567 513 c.
593 478 755 517 93—95.
827 477 982 511 Obsessi
1009 480 1219 508 commeatu
1243 487 1265 509 a
1295 477 1526 523 Ptolemaeo,

73 539 286 573 Cassandro
305 543 343 573 et
359 536 588 583 Lysimacho
606 539 782 580 accepto,
813 536 851 568 in
880 545 998 570 novos
1017 535 1178 577 impetus
1194 535 1434 569 sustinendos
1455 539 1526 571 eri-

71 599 224 639 guntur.
251 607 281 629 c.
297 598 460 634 96—98.
497 594 791 630 Adhortantibus
807 593 1037 626 Graecarum
1056 592 1247 625 civitatum
1267 593 1416 637 legatis,
1443 596 1529 629 Pto.

73 652 244 695 lemaeo,
271 654 436 697 Aetolis,
465 652 695 688 concedente
715 652 827 685 etiam
847 651 1032 695 Antigono
1056 650 1092 683 in
1114 660 1255 695 aequas
1280 651 1528 695 conditiones,

73 719 204 754 pacem
223 712 393 756 iungunt.
437 710 547 744 Pacis
564 710 796 745 conditiones
813 708 980 742 additae.
1010 718 1038 741 c.
1055 710 1112 744 99.
1166 707 1271 742 Bene
1290 709 1336 743 de
1356 719 1397 744 se
1420 712 1531 745 meri-

74 772 135 802 tos
153 768 288 802 Rhodii
304 768 521 803 muneribus
539 773 577 803 et
594 767 796 802 honoribus
814 766 994 802 afficiunt.
1029 775 1058 801 c.
1081 767 1146 802 100
1162 777 1217 811 pr.

164 835 242 869 His*
257 836 477 881 perfunctus
498 835 736 876 Demetrius,
760 834 864 867 iussu
882 833 999 878 patris
1017 836 1144 866 movet
1163 833 1200 866 in
1223 832 1420 868 Graeciam
1434 858 1445 876 ,
1477 835 1532 868 in.

77 897 186 926 terea
203 893 289 927 dum
310 895 462 936 aberat,
493 904 516 927 a
532 892 743 926 Cassandro
763 896 800 925 et
819 890 1141 936 Polysperchonte
1163 896 1404 936 occupatam,
1436 895 1475 926 et
1493 893 1532 926 in

77 947 146 983 hos
165 956 274 993 parat
295 951 453 992 belluni,
477 951 523 984 ad
542 949 757 984 liberandos
778 949 958 982 Graecos.
989 960 1019 984 c.
1040 950 1104 985 100
1123 953 1218 981 extr.

172 1011 189 1028 *
215 1009 310 1041 Tum
335 1013 505 1055 mortuus
527 1008 728 1049 Eumelus,
761 1007 920 1050 Bospori
946 1017 1034 1047 rex;
1065 1005 1180 1050 (conf.
1200 1017 1231 1043 c.
1251 1008 1433 1053 21—25.)
1451 1018 1534 1043 suc·

79 1064 179 1099 cedit
195 1064 398 1110 Spartacus
415 1067 514 1100 tilius
528 1092 538 1108 ‚
559 1067 621 1110 qui
642 1075 694 1099 xx
711 1075 829 1098 annos
850 1068 995 1109 regnat.
1020 1064 1069 1098 ib.

171 1133 250 1166 Iam
281 1133 328 1166 ad
353 1132 518 1167 Siciliam
547 1133 717 1177 procedit
740 1132 919 1167 nai-ratio.
972 1130 1132 1173 „Rebus
1153 1130 1338 1165 Graeciae
1364 1134 1403 1165 et
1421 1132 1534 1167 Asiae

78 1195 255 1224 accurate
282 1192 485 1235 expositis,
521 1193 730 1226 orationem
757 1188 1032 1223 transferamus
1048 1189 1095 1222 ad
1115 1189 1210 1222 alias
1229 1189 1330 1224 orbis
1348 1193 1537 1224 terrarum

79 1252 251 1290 parteS.“
294 1248 522 1293 Agathocles
540 1249 770 1293 Liparaeos,
796 1248 898 1281 nulla
916 1248 1054 1280 iniuria
1071 1246 1252 1288 affectus,
1275 1248 1415 1281 iniusto
1433 1248 1535 1281 bello

80 1305 244 1349 subigit,
273 1310 312 1340 et
338 1309 440 1351 ipsas
463 1308 502 1339 in
530 1306 721 1351 Prytaneo
743 1296 930 1350 repositas
956 1307 1134 1350 pecunias
1150 1330 1160 1347 ,
1190 1305 1350 1339 Vulcani
1371 1311 1409 1340 et
1427 1306 1535 1339 Aeoli

80 1363 233 1397 nomina
252 1365 312 1398 vel
331 1364 533 1398 simulacra
549 1364 735 1408 insculpta
754 1363 937 1397 habentes
951 1389 959 1404 ,
992 1364 1026 1396 vi
1056 1363 1194 1398 aufert.
1242 1361 1316 1396 Sed
1341 1362 1539 1407 Neptunus

82 1422 272 1465 extemplo
291 1424 467 1456 iniuriam
488 1423 588 1456 ultus
612 1423 780 1456 immisso
798 1421 1016 1466 nausragi03
1047 1421 1239 1455 Vulcanus
1258 1431 1328 1453 non
1346 1421 1400 1454 ita
1420 1421 1539 1456 multo

80 1483 186 1522 post,
224 1490 306 1513 cum
330 1491 396 1514 rex
415 1491 506 1525 rogo
526 1481 724 1524 impositus
740 1481 846 1513 vivus
873 1483 1128 1519 cremaretur,
1163 1479 1209 1512 de
1237 1489 1308 1524 quo
1337 1477 1541 1512 historicus

82 1536 183 1570 infra
209 1538 318 1582 plura
338 1549 380 1573 se
410 1538 597 1572 dicturum
629 1538 825 1583 promittit.
870 1537 976 1578 (Vid.
1002 1538 1083 1571 Ecl.
1110 1537 1174 1571 lib.
1191 1537 1300 1578 XXI,
1334 1547 1436 1569 num.
1465 1538 1539 1581 12.)

83 1603 115 1628 c.
133 1596 210 1632 101.

175 1653 192 1671 ²*
215 1655 320 1687 Inter
345 1652 600 1699 Romanoset
625 1652 816 1688 Samnites
839 1652 980 1687 bellum
1005 1654 1092 1698 post
1114 1661 1200 1686 xxu
1223 1663 1343 1687 annos
1361 1651 1544 1698 composi-

84 1711 176 1744 tum.
207 1721 236 1744 c.
255 1713 317 1748 101
338 1716 435 1745 extr.

176 1778 274 1813 Αιιη.
297 1783 332 1817 2.
380 1781 540 1815 Omissis
565 1781 669 1823 aliis,
696 1780 815 1815 solam
834 1779 1033 1814 Graeciam
1052 1782 1199 1825 spectat
1216 1779 1438 1822 historicus,
1468 1790 1542 1826 quo

88 1848 186 1871 nunc
205 1839 292 1871 belli
311 1840 366 1872 vis
385 1850 496 1873 versa
526 1843 595 1875 est.
652 1839 872 1873 Demetrius
891 1838 1031 1872 bellum
1049 1839 1086 1871 in
1106 1838 1378 1879 Cassandrum,
1412 1843 1451 1872 et
1476 1849 1544 1882 pro

87 1894 285 1929 liberanda
301 1897 483 1939 Graecia,
515 1902 637 1941 urget.
694 1897 801 1940 Capit
826 1898 946 1941 primo
972 1895 1195 1940 Sicyonem,
1229 1900 1267 1929 et
1286 1896 1444 1940 expellit
1461 1895 1545 1930 Pto-

89 1951 228 1987 lemaei
249 1957 497 1998 praesidium3
541 1955 677 1989 deinde
696 1953 937 1997 Corinthum,
962 1957 1040 1988 tum
1058 1955 1171 1987 urbes
1188 1953 1369 1996 Achaiae,
1402 1954 1544 1999 fugatis

89 2012 152 2044 vel
170 2014 287 2057 captis
308 2014 510 2047 Cassandri
537 2013 733 2049 militibus.
789 2014 940 2058 „Atque
956 2013 994 2046 in
1012 2011 1084 2046 hoc
1100 2012 1250 2057 quidem
1270 2017 1371 2047 statu
1392 2024 1454 2048 res
1471 2013 1547 2049 De·

91 2072 216 2103 metrii
235 2076 385 2105 erant.“
419 2075 535 2110 0402.
565 2075 643 2110 103.

183 2138 201 2156 ¹⁶
224 2138 452 2183 Adiungitur
478 2139 603 2182 paullo
629 2138 789 2182 amplior
808 2137 854 2171 de
884 2136 997 2171 rebus
1028 2136 1065 2169 in
1092 2136 1204 2170 ltalia
1225 2137 1346 2181 gestis
1367 2137 1551 2171 narratio.

92 2194 291 2228 Tarentini
319 2198 356 2229 in
383 2196 558 2230 Lucanos
587 2202 625 2231 et
652 2196 841 2230 Romanos
860 2195 999 2229 bellum
1016 2199 1170 2238 gerunt,
1202 2199 1240 2229 et
1260 2195 1464 2239 Spartanos
1485 2206 1552 2230 so·-

93 2253 172 2285 cios
203 2253 404 2295 advocant,
431 2256 492 2300 qui
512 2256 756 2299 Cleonymum
783 2265 862 2288 cum
892 2254 1009 2297 copiis
1035 2253 1199 2286 mittunt.
1241 2252 1296 2287 Re
1315 2252 1412 2286 male
1428 2257 1553 2297 gesta,

96 2310 326 2355 Cleonymus
342 2312 379 2345 in
398 2313 600 2357 Corcyram
619 2312 776 2357 aufugit.
813 2323 841 2348 c.
861 2311 938 2349 104.
964 2314 1040 2348 105-

189 2379 285 2413 Ami.
316 2385 350 2418 3.
406 2380 531 2415 Primo
560 2392 622 2415 res
646 2382 1024 2425 Asiaeirepetuntur.
1080 2380 1312 2419 Cassander,
1357 2379 1403 2413 ob
1430 2379 1552 2414 factos

97 2437 285 2472 Demetrii
316 2439 352 2471 in
385 2439 548 2472 Graecia
569 2449 811 2483 progressus,
849 2438 920 2472 sibi
943 2444 982 2472 et
1006 2449 1124 2483 regno
1145 2449 1212 2472 suo
1235 2441 1428 2477 metuens,
1467 2447 1552 2471 cum

96 2506 225 2540 pacem
255 2496 302 2528 ab
320 2497 505 2540 Antigono
528 2498 732 2540 impetrare
765 2506 836 2528 non
862 2500 1007 2539 posset,
1036 2496 1304 2540 Lysimachum
1325 2495 1361 2526 in
1380 2493 1558 2537 Thracia,

98 2553 356 2588 Ptolemaeum
377 2554 412 2585 in
433 2554 625 2598 Aegypto,
661 2553 858 2587 Seleucum
877 2553 913 2586 in
939 2554 1168 2598 Babylonia,
1199 2554 1244 2587 ad
1264 2553 1401 2585 bellum
1423 2557 1556 2586 contra

99 2612 323 2655 Antigonum
345 2612 380 2644 in
399 2612 486 2645 Asia
505 2613 658 2645 excitat.
708 2611 792 2654 lpse
818 2612 945 2655 itaque
975 2617 1105 2646 contra
1120 2612 1354 2645 Demetrium
1383 2611 1418 2642 in
1436 2609 1554 2642 'rhes-

102 2670 255 2710 saliam,
291 2668 541 2713 Lysimachus
565 2680 655 2703 vero
683 2674 814 2703 contra
836 2670 1062 2714 Antigonum
1089 2671 1126 2702 in
1150 2671 1273 2702 Asiam
1310 2672 1456 2707 niovet3
1490 2666 1553 2711 qui

101 2730 226 2759 tamen
242 2750 252 2767 ,
277 2736 359 2759 cum
377 2727 585 2770 Antigonus
605 2728 641 2760 in
662 2737 822 2772 pugnam
841 2728 1083 2772 procederet,
1110 2727 1146 2759 in
1166 2726 1322 2759 hiberna
1340 2735 1380 2758 se
1401 2727 1555 2770 recepit.

105 2794 137 2820 c.
159 2785 366 2823 106-109,
411 2784 516 2826 „Res
535 2786 686 2830 quidem
701 2786 812 2821 Asiae
833 2788 914 2818 tum
930 2785 968 2819 in
987 2783 1058 2819 hoc
1078 2789 1178 2819 statu
1202 2786 1354 2820 erant.“
