1891 3310
465 136 529 178 IN
560 135 671 178 Lm.
699 136 823 180 xvi.
863 101 992 177 CAP.
1019 140 1096 180 26.
1116 139 1192 181 27.
1507 143 1571 186 93

115 250 228 290 nium
246 251 370 304 prima
391 249 515 290 fuisse
541 248 765 304 perhibetur
794 249 1041 298 Phemonoe,
1066 248 1114 289 de
1134 262 1210 301 qua
1230 250 1409 292 Clemens
1427 252 1572 297 Sti-om.

118 308 162 346 Ι.
179 308 211 349 Ι.
234 322 271 360 Ρ.
293 309 399 350 383
390 335 422 355 .,
452 320 567 358 quam
596 307 750 357 quidem
778 310 974 345 insecutae
995 308 1219 358 plerumque
1253 309 1502 359 capiebantur
1531 311 1575 361 ἔξ

118 363 251 412 οἰκίας
280 365 470 417 γεωργῶν
499 359 706 415 πενήτων,
747 365 886 413 quippe
908 365 1150 412 inpostorum
1171 363 1319 403 artibus
1351 363 1575 417 habiliores,

65 430 67 432 '
118 422 220 471 apud
238 422 341 459 Plut.
363 421 409 457 dc
429 419 544 470 Pyth.
565 420 679 458 Orac.
699 434 735 470 p.
755 421 863 461 405.
882 418 923 457 C.
956 420 1092 460 WESS.

235 478 340 518 102.
366 478 442 517 28.
468 473 574 529 ’'Atp
604 467 662 516 ὧν
682 473 812 544 αέα-τὴν
831 474 1009 525 τρίποδα
1029 474 1264 529 κληθηναι]
1296 475 1436 516 Athen.
1458 475 1500 515 L
1521 476 1571 519 ΙΙ.

117 545 155 584 p
178 533 251 574 38.
269 531 314 570 Β.
336 531 513 584 τρίποδα
533 530 579 571 δὲ
600 546 676 584 την
697 527 940 582 υπόβασιν
927 531 1111 600 ἔχοντες,
1142 532 1451 573 ΤΡΙΠΟΛΕΣ
1467 531 1575 574 (ὀιο-

117 585 313 656 μάζοντο.
350 587 515 639 Pythias
538 602 625 626 eum
648 589 861 636 insidebat,
889 596 927 625 et
950 582 1136 641 ἐγκυμων
1156 591 1232 641 τῆς
1255 588 1470 641 δαιμονίου
1502 589 1576 629 dv·-

116 640 292 698 νάμεως,
318 646 379 682 uti
393 644 594 696 Longinus
614 647 680 693 ait,
707 646 862 683 oracula
880 644 1077 683 fundebat.
1106 645 1314 697 Euripides
1336 645 1420 687 lon.
1443 658 1482 686 v.
1497 647 1573 688 91.

344 697 503 741 Θάσσει
529 699 574 740 δὲ
601 697 703 754 γυνὴ
727 699 910 770 τρίποδα
939 696 1094 750 ζάθεον

331 756 536 826 Δελφὶς,
554 752 739 797 ἀεί”ὁουσ
760 755 932 823 ’Έλλησι
957 754 1065 808 βοας

331 809 423 860 “Ac
449 810 499 853 ἂν
523 807 667 853 Ἀπόὶ
670 814 753 852 λων
781 814 848 853 κε)
854 808 1002 866 αὸήσῃ.

117 866 236 908 Plura
263 882 343 908 non
363 870 476 907 addo.
514 868 611 908 Vide
640 869 860 921 Langbaen.
888 871 929 906 in
956 868 1122 920 Longin.
1154 875 1248 907 sect.
1273 865 1388 909 X111.
1419 881 1456 919 p.
1485 866 1575 921 9ῒῆ

117 924 322 965 Davisium
338 926 388 963 ad
408 925 512 966 Max.
535 924 701 976 Tyrium
721 924 825 963 Diss.
847 924 954 963 XlV.
977 938 1015 973 p
1041 926 1146 965 547.
1173 933 1211 963 et
1233 925 1279 963 de
1299 927 1448 976 tripode
1471 930 1575 966 eius-

118 995 191 1034 que
210 983 334 1034 figura
352 982 421 1019 Ez.
444 981 649 1031 Spanhem.
672 981 718 1019 ad
735 981 883 1019 Callim.
903 981 952 1018 H.
973 981 1060 1021 Del.
1086 996 1123 1020 v.
1136 983 1211 1022 90.
1230 996 1266 1032 Ρ.
1283 983 1402 1031 384„
1429 983 1575 1022 Schot-

118 1045 201 1077 tum
231 1038 424 1089 Explicat.
452 1038 659 1088 Apotheos.
689 1037 846 1077 Homer.
878 1050 916 1086 p.
939 1040 1037 1084 80..
1079 1037 1242 1087 denique
1262 1038 1308 1074 de
1329 1040 1506 1088 cortiniS,
1524 1038 1575 1079 ad

117 1097 335 1145 exemplum
356 1092 535 1143 Delphici
553 1095 717 1144 tripodis
739 1095 909 1133 dedicari
928 1096 1079 1143 solitis,
1103 1093 1153 1132 Is.
1172 1093 1390 1136 casaubon.
1408 1098 1450 1134 in
1469 1097 1575 1135 Sue-

119 1158 202 1191 ton.
221 1152 319 1203 Aug.
339 1164 372 1191 c.
398 1152 471 1191 52.
496 1151 632 1189 WEss.

234 1209 336 1248 102
360 1208 434 1248 43.
465 1205 631 1259 Μηκέτι
653 1204 868 1260 παρθένον
881 1201 1217 1275 χρηστηριάζειν]
1247 1204 1575 1277 Consuetudinem

119 1265 282 1313 respicit
302 1264 485 1302 Aelianus
505 1264 551 1301 de
572 1264 738 1302 Animal.
760 1263 803 1301 L.
824 1263 897 1302 XI.
926 1266 997 1305 lO
1034 1259 1185 1315 μάντις
1213 1277 1256 1303 τε
1281 1257 1334 1316 ἦν
1368 1260 1451 1318 ἄρα
1473 1263 1574 1319 ἄγα

116 1315 239 1367 θός“
221 1336 242 1360 ο
256 1317 396 1370 Ἆπις,
428 1316 477 1360 οὐ
500 1319 709 1369 καθίζων,
735 1317 798 1372 μὰ
820 1318 928 1360 Διὰ
961 1316 1112 1374 κόρας,
1138 1317 1164 1372 ἢ
1194 1319 1477 1374 πρεσβυτέρας
1504 1337 1577 1390 γυ·

115 1380 263 1423 ναΐκας
293 1374 363 1415 ἐπί
385 1391 509 1416 τινων
537 1373 761 1429 τριπόδων.
797 1375 850 1414 Et
879 1376 1110 1415 rlutarchus
1139 1375 1252 1415 Num.
1286 1388 1322 1426 p
1349 1380 1422 1418 66.
1446 1377 1492 1418 Β.
1523 1373 1574 1419 οὗ

116 1431 334 1485 παρθένοι,
354 1437 542 1485 γυναῖκες
562 1431 607 1472 δὲ
624 1431 878 1483 πεπαυμέναι
896 1429 1055 1486 γάμων,
1077 1431 1214 1484 ἔχουσι
1233 1447 1310 1484 την
1332 1431 1575 1485 ἐπιμέλειαν,

116 1491 222 1539 ignis
241 1488 435 1536 videlicet,
451 1491 519 1538 qui
537 1496 741 1540 perpetuus
759 1488 921 1538 Delphis
945 1496 983 1527 et
1003 1488 1164 1527 Athenis
1183 1490 1420 1527 servabatur.
1454 1489 1574 1529 Tam-

120 1548 195 1584 etsi
212 1552 338 1583 autem
356 1547 490 1584 vetula
511 1552 633 1593 esset,
659 1545 821 1583 dabatur
843 1546 1123 1584 studiosissime
1147 1558 1276 1595 opera,
1304 1553 1349 1583 ut
1372 1542 1473 1599 ἁγνὴ
1504 1542 1574 1586 ὁια

114 1601 210 1654 βίου
233 1599 302 1640 καὶ
327 1596 627 1653 καθαρεύουσα
649 1609 935 1652 perseveraret,
965 1603 1067 1640 Plut.
1089 1602 1204 1639 Orac.
1226 1601 1376 1639 Defect.
1399 1616 1436 1652 p.
1462 1603 1572 1644 435.

115 1658 166 1697 D.
196 1657 318 1696 Porro
345 1659 464 1696 simili
494 1670 544 1695 ex
574 1671 710 1696 caussa
736 1658 906 1697 Arcades
935 1658 1173 1696 sacerdotem
1192 1657 1385 1708 Hymniae
1409 1657 1574 1708 Dianae,

117 1727 213 1766 quae
232 1715 345 1765 virgo
367 1727 449 1751 esse
471 1713 646 1761 debebat,
670 1721 829 1765 nuptam
849 1716 1047 1752 mulierem
1065 1727 1149 1751 esse
1173 1715 1382 1762 iusserunt,
1408 1710 1574 1767 ομιλιάς

116 1771 282 1824 ἀνδρῶν
302 1764 580 1823 ἀποχρώντως
599 1767 789 1820 ἔχουσαν,
819 1770 983 1808 Pausan.
1004 1770 1047 1808 L.
1070 1769 1174 1807 VllI.
1200 1772 1240 1810 5.
1265 1783 1303 1820 p.
1326 1773 1435 1812 609.
1457 1771 1574 1810 Haud

117 1829 180 1865 illi
212 1825 367 1875 quidem
395 1825 658 1874 inprudenter.
713 1825 818 1864 Oves
848 1828 950 1877 lupis
980 1828 1232 1875 conmittere,
1269 1839 1382 1865 nemo
1403 1828 1574 1879 prudens

117 1883 312 1923 instituat.
346 1881 398 1918 Et
415 1883 501 1918 fieri
525 1888 654 1919 tamen
674 1894 858 1949 persaepe
878 1885 989 1923 solet.
1018 1883 1069 1920 W
1072 1893 1154 1920 uss.

234 1939 337 1979 102.
357 1938 432 1978 46.
459 1932 751 1990 εΥποιιιιήίιιατι
779 1941 855 1990 τῆς
881 1940 1060 1986 παλαιᾶς
1077 1933 1376 2008 προφήτιδος]
1416 1937 1573 1990 Optime

117 1993 213 2047 Reg.
239 1996 278 2035 1.
308 1993 471 2059 Pythiae
502 1995 701 2031 sollemnis
727 1994 790 2032 hic
811 1997 960 2032 titulus.
989 1990 1089 2034 ‘H‘
1071 2010 1113 2034 εν
1139 1995 1225 2034 Ae?-
1217 1999 1325 2049 «μοῖς
1353 1999 1575 2050 προφῆτις,

117 2066 161 2092 αι
182 2045 308 2090 πάλαι
329 2043 594 2104 προφήτιὸες,
624 2049 766 2088 Noster
785 2051 828 2088 L.
839 2050 946 2089 XlV.
973 2052 1041 2091 13.
1062 2058 1100 2088 et
1120 2050 1192 2088 hoc
1214 2064 1294 2100 cap.
1288 2078 1311 2099 .,
1334 2052 1439 2090 Plut.
1459 2052 1572 2091 T.11.

117 2121 154 2158 p.
167 2108 271 2147 397.
263 2133 286 2154 .‚
313 2106 545 2144 lamblichus
568 2107 614 2143 de
625 2106 787 2157 Myster.
809 2107 911 2145 Sect.
930 2107 996 2145 ΙΙΙ.
1016 2109 1084 2148 ll.
1098 2121 1132 2158 p.
1148 2108 1235 2154 73..
1258 2110 1339 2146 alii.
1365 2107 1574 2161 Vulgatum

115 2161 372 2219 προφητείας
390 2164 466 2200 1οοί
487 2166 702 2201 sententiae
723 2163 898 2201 tenebras
919 2164 1143 2201 obducebat.
1171 2164 1308 2201 WEss.

235 2221 338 2260 102.
361 2220 436 2259 48.
471 2213 614 2272 Ἡμεῖς
640 2217 681 2258 d'
708 2215 990 2273 ἐπανάξομεν]
1033 2219 1337 2258 Rhodomannus
1359 2220 1573 2272 genuinum

117 2287 201 2314 esse
221 2277 372 2312 censuit
391 2271 659 2327 ἓπανήξομεν,
684 2277 750 2313 cui
771 2278 844 2313 etsi
864 2277 1050 2315 obviam'
1039 2290 1097 2313 1re
1117 2278 1252 2324 nolim,
1277 2277 1489 2315 videndum
1508 2285 1573 2316 ta·-

117 2344 220 2378 men,
251 2333 422 2380 possitne
443 2333 593 2369 salvum
612 2345 709 2379 esse,
736 2332 836 2382 quod
859 2335 993 2383 scripti
1013 2331 1132 2370 Codd.
1152 2346 1243 2383 prae
1264 2346 1304 2370 se
1323 2334 1465 2370 ferunt.
1493 2332 1574 2371 Fac

117 2388 486 2438 subintelligendum
504 2389 708 2437 reliquisse
731 2395 930 2426 auctorem
950 2386 1025 2428 τὸν
1043 2385 1162 2441 λόγον
1176 2415 1190 2436 ,
1232 2388 1325 2439 quid
1345 2389 1503 2428 tandem
1522 2387 1574 2429 ad

114 2446 268 2496 plenam
288 2444 504 2481 orationem
523 2457 754 2510 magnopere
774 2443 1080 2482 desiderabitur?
1108 2445 1244 2483 WEss.

232 2501 336 2541 102.
359 2500 431 2540 52.
445 2496 537 2539 ’Ότι
558 2495 692 2539 ταυτὰ
706 2499 791 2540 ἐστι
811 2498 863 2540 τὰ
881 2497 1052 2553 πάτρια]
1073 2500 1144 2539 Vir
1154 2501 1472 2552 d111gent1ss1mus
1482 2499 1574 2539 Ant

115 2569 194 2595 van
206 2554 316 2604 Dale,
336 2569 422 2593 cum
434 2554 537 2593 hunc
558 2555 860 2597 locumDissert.
882 2557 911 2595 Ι.
930 2558 976 2594 de
988 2557 1144 2597 Oracul.
1164 2571 1200 2607 Ρ
1215 2559 1318 2598 137.
1337 2561 1574 2624 exscriptum

117 2612 300 2660 dedisset,
317 2612 444 2649 videri
460 2612 535 2650 sibi
554 2612 746 2650 defectum
765 2620 802 2650 et
819 2614 985 2651 lacerum
1000 2614 1257 2664 significavit3
1277 2626 1398 2663 neque
1415 2615 1573 2662 iniuria,

115 2675 161 2706 ut
175 2682 245 2720 ego
259 2669 415 2717 quidem
433 2668 612 2705 arbitror.
646 2668 789 2716 Minae,
808 2681 901 2718 quas
913 2669 1077 2720 Pythiae
1095 2669 1142 2706 ob
1153 2682 1379 2720 responsum
1398 2670 1496 2707 illud
1509 2671 1572 2708 in-

116 2726 287 2763 tentavit
299 2724 546 2772 Philomelus,
565 2725 604 2762 id
624 2726 683 2762 illi
701 2732 857 2776 gratum
874 2738 953 2763 non
972 2726 1174 2773 accidisse,
1193 2726 1442 2774 patefaciunt.
1470 2726 1572 2765 Puto

117 2780 286 2834 negandi
303 2781 530 2834 particulam
558 2781 764 2831 excidisse,
792 2782 1021 2835 rogantique
1041 2788 1170 2822 vatem
1190 2781 1348 2830 dixisse,
1379 2794 1459 2822 non
1479 2781 1574 2822 haec
