1859 3326
280 218 376 262 484
742 213 1267 256 ANNOTATIONES

284 334 494 380 infectam,
529 329 720 367 referente
746 328 911 381 Polybio
939 330 1072 382 Legat.
1094 340 1210 368 exul.
1269 328 1402 381 ltaque
1432 332 1473 369 in
1493 330 1649 369 Valerio
1665 339 1743 369 -aut

287 406 313 429 a
335 393 485 427 vallemre
495 388 644 434 fratre
663 388 762 434 fuit,
800 395 866 424 aut
895 400 1002 424 error
1031 394 1101 424 est.
1158 387 1401 425 Alterutrum
1421 401 1444 425 a
1462 401 1555 426 vero
1577 401 1655 425 non
1675 389 1743 425 de-

286 450 440 485 flectere
469 447 509 482 l
502 447 603 482 wius
633 444 857 493 Epit.xlv.1
879 450 917 480 et
934 443 1231 494 Porphyrius,
1250 455 1345 493 quos
1366 444 1543 487 Valetius
1562 451 1743 482 auctores

287 505 325 541 h.
328 505 436 549 ibuit,
465 501 709 546 confirmant,
736 507 773 537 et
788 501 1022 538 Palmerium
1038 501 1290 551 redarguunt.
1348 500 1489 537 ῊῙΕεδ.
1639 531 1643 535 .
1766 531 1769 539 s

406 559 509 599 581-
545 558 618 597 36
656 551 705 596 Ο
724 552 996 609 Δημήτριος]
1042 556 1078 593 ls
1106 556 1327 594 Demetrius
1355 556 1510 595 Seleuci
1540 557 1644 594 filius
1676 532 1745 595 ob-

289 630 351 655 ses
370 623 462 653 tunc
484 614 628 650 Romae
646 620 750 650 erat:
785 614 853 661 qui
881 626 967 650 cum
989 613 1252 651 Ptolemaeum
1271 614 1437 664 inmobili
1458 617 1643 652 comitatu
1663 613 1745 652 Ro-

290 688 390 711 mam
411 671 716 721 appropinquare
737 670 948 716 didicisset,
977 670 1017 707 id
1037 671 1190 708 facinus
1216 671 1350 708 edidit.
1390 672 1539 721 Quippe
1562 673 1747 719 expulsus

290 737 350 767 est
371 729 608 766 Philometor
628 739 732 763 anno
751 728 865 777 regni
890 727 960 766 17.
988 740 1039 763 ex
1050 727 1283 777 Porphyrio,
1314 726 1353 764 id
1374 734 1444 774 est,
1475 727 1746 777 olympam.

291 800 394 825 anno
415 796 440 821 ι.
483 783 711 831 Sempronio
733 783 910 821 Graccho
932 790 972 820 et
992 783 1168 822 Iuventio
1190 783 1345 821 Thalna
1365 782 1472 820 Coss.
1491 790 1535 820 ut
1555 786 1669 821 etiam
1685 786 1747 821 in·-

292 844 396 881 dicat
416 841 591 889 Epitome
611 840 677 876 lib.
688 840 764 880 46.
787 839 870 877 Titi
888 840 1003 878 Livii.
1057 839 1279 878 Demetrius
1308 853 1402 878 vero
1423 838 1546 877 Roma
1574 842 1750 892 profugit

292 913 396 937 anno
421 899 462 937 3.
489 895 732 944 supradictae
753 896 909 947 Olymp.
929 910 997 933 seu
1013 898 1116 937 151.
1139 896 1390 944 Graecorum,
1418 904 1462 934 ut
1484 903 1542 933 est
1559 899 1600 934 in
1617 897 1686 936 lib.
1709 900 1748 939 1.

294 986 304 993 .
319 953 491 993 iaechab.
510 966 541 990 c.
556 951 639 990 Vll.
658 955 697 993 1.
732 953 885 990 VALES.
945 951 1057 991 Conf.
1077 953 1174 990 Exc.
1196 953 1320 991 Vatic.
1343 967 1378 1003 p·
1392 954 1466 993 96.
1493 955 1531 993 l.

408 1010 514 1050 584.
549 1009 623 1048 54.
666 1004 907 1061 Τιμόθεος]
957 1010 1079 1048 Estne
1106 1011 1209 1048 idem
1239 1009 1468 1048 Timotheus
1498 1009 1565 1059 qui
1588 1008 1747 1059 p.588.

295 1071 371 1110 62.
402 1063 646 1104 nominatur?
709 1065 855 1103 Rsslsx.

412 1123 515 1164 584.
548 1124 621 1162 62.
655 1117 705 1162 ‘O
728 1117 1008 1176 Φιλοπάτωρ]
1045 1122 1122 1161 Hic
1143 1122 1367 1160 Ariarathes
1387 1123 1490 1160 filius
1513 1127 1596 1159 erat
1612 1120 1753 1158 Antio-

294 1180 439 1227 chidis,
469 1178 652 1216 Antiochi
669 1179 804 1230 Magni
820 1180 922 1216 filiae
935 1207 947 1227 ,
980 1192 1077 1228 (luae
1096 1194 1181 1217 cum
1199 1180 1333 1217 liberis
1356 1185 1523 1225 careret,
1559 1178 1654 1215 duos
1678 1178 1753 1215 sibi

295 1240 396 1275 clam
429 1236 652 1285 supposuit,
693 1236 936 1273 Ariarathem
960 1244 1002 1273 ct
1028 1236 1318 1285 Orophernem,
1362 1236 1429 1272 sed
1444 1237 1646 1284 aliquanto
1667 1242 1754 1284 post

296 1308 384 1331 cum
405 1299 556 1341 praeter
577 1305 682 1340 spem
697 1293 798 1330 filias
819 1293 912 1329 duas
933 1306 976 1330 ac
993 1292 1116 1330 filium
1134 1294 1290 1329 nomine
1301 1291 1565 1329 Mithridatem
1579 1292 1753 1340 peperis-

296 1359 381 1397 set,
420 1349 466 1386 de
495 1352 757 1396 suppositiciis
785 1351 967 1386 maritum
987 1349 1211 1397 admonuit,
1239 1356 1278 1386 et
1299 1352 1464 1399 priorem
1487 1348 1640 1397 quidem
1665 1361 1754 1384 cum

297 1407 484 1445 mediocri
506 1412 659 1455 sumptu
678 1404 840 1442 Romam
860 1407 990 1453 misit,
1025 1408 1188 1443 alterum
1217 1407 1259 1443 in
1291 1405 1462 1452 Ioniam,
1503 1418 1551 1442 ne
1578 1406 1754 1456 legitimo

296 1477 415 1515 puero
437 1464 738 1499 controversiam
759 1462 805 1498 de
833 1475 955 1512 regno
985 1469 1200 1500 moverent.
1257 1461 1334 1499 Hic
1356 1462 1602 1499 Mithridates
1621 1468 1754 1511 postea.

299 1518 525 1558 Ariarathes
546 1518 673 1556 dictus
691 1525 770 1565 est,
798 1526 1056 1569 cognomento
1076 1518 1321 1568 Philopator,
1349 1519 1396 1556 ob
1413 1519 1649 1569 singularem
1671 1518 1755 1567 pie-

298 1585 436 1623 tatem,
467 1587 541 1623 qua
568 1583 715 1624 patrem
736 1576 899 1622 dilexit,
929 1583 973 1612 ut
993 1583 1156 1613 testatur
1173 1574 1370 1613 Diodorus
1399 1576 1466 1613 lib.
1490 1575 1565 1615 31.
1597 1586 1659 1611 ει
1678 1586 1754 1623 quo

300 1640 409 1683 patet
442 1633 513 1668 hoc
541 1632 800 1683 fragmentum
828 1632 877 1669 ad
907 1633 1049 1669 librum
1076 1633 1149 1672 31.
1182 1635 1386 1681 pertinere·
1454 1630 1632 1682 Regnum
1666 1632 1758 1668 iniit

301 1692 457 1740 Olymp.
483 1698 587 1725 cmv.
628 1702 730 1725 anno
759 1691 801 1728 2.
846 1688 1029 1738 Scipione
1059 1689 1201 1726 Nasica
1226 1695 1269 1725 et
1293 1688 1437 1739 Figulo
1465 1687 1573 1727 Coss.
1603 1700 1685 1724 non
1711 1694 1756 1724 ut

299 1746 551 1783 casaubonus
574 1747 614 1782 in
637 1746 853 1796 Polybiana
882 1745 1136 1796 chronologia
1159 1747 1296 1794 ponit,
1330 1746 1487 1795 olymp.
1509 1744 1755 1793 supradictae

298 1816 404 1840 anno
439 1803 480 1841 3.
534 1801 708 1851 Namque
734 1810 822 1839 ante
851 1801 1043 1840 Demetrii
1072 1814 1120 1839 cx
1146 1803 1241 1840 urbe
1272 1803 1403 1852 fugam
1419 1811 1586 1852 ¹regnare
1613 1801 1755 1849 coepit,

298 1867 343 1896 ut
374 1864 526 1895 constat
546 1870 593 1894 ex
614 1859 776 1908 Polybio
799 1866 836 1895 et
858 1858 972 1896 Livio
1004 1860 1071 1895 lib.
1088 1860 1164 1900 46.
1218 1858 1337 1908 Atqui
1353 1857 1570 1895 Demetrius
1586 1869 1690 1894 anno
1712 1856 1754 1896 3.

299 1916 425 1953 dictae
439 1915 592 1965 Olymp.
607 1913 730 1953 Roma
752 1917 850 1955 clam
869 1917 1058 1967 profugit,
1073 1923 1117 1953 ut
1135 1928 1251 1966 supra
1272 1915 1366 1952 dixi.
1404 1914 1528 1951 Peri-it
1544 1920 1674 1951 autem
1693 1912 1758 1950 hic

299 1971 524 2009 Ariarathes
553 1973 595 2008 in
623 1972 747 2019 bello,
789 1972 891 2020 quod
919 1972 1085 2009 Romani
1106 1986 1193 2009 cum
1211 1971 1434 2009 Aristonico
1458 1976 1685 2023 gesserunt,
1710 1975 1758 2007 ut

299 2029 414 2067 docet
432 2028 608 2065 Iustinus
623 2029 722 2065 libro
737 2029 809 2069 38
841 2031 886 2068 2.
944 2029 976 2066 V
981 2040 1097 2065 A-LES.

417 2085 524 2125 584·
557 2085 1022 2136 (34.1117α3οποεπως
1050 2082 1240 2136 ἔθαψεν]
1288 2082 1378 2122 Non
1407 2090 1555 2132 patrem
1589 2081 1758 2132 tantum,

302 2141 370 2177 sed
403 2147 441 2177 et
469 2147 631 2178 matrem
659 2148 698 2177 et
720 2154 914 2187 sorerem,
954 2141 1183 2178 Antiochiae
1206 2143 1248 2178 in
1269 2140 1393 2190 Syria.
1407 2153 1488 2177 non
1506 2143 1591 2178 sine
1610 2142 1757 2178 scelere

303 2204 344 2234 et
365 2200 406 2235 vi
426 2197 639 2234 defunctas.
699 2196 800 2248 Lege
821 2197 957 2247 Polyb.
980 2197 1182 2248 Leg.cxu.
1241 2197 1292 2234 W
1296 2207 1378 2233 uss.

419 2255 523 2293 584.
555 2255 627 2294 70.
658 2248 921 2304 Ἀρταξιάς]
963 2252 1088 2291 Huius
1114 2253 1299 2291 Artaxiae
1332 2254 1507 2292 meminit
1525 2252 1757 2291 Plutarchus

303 2309 348 2346 in
374 2309 538 2347 Antonii
562 2312 655 2348 vita.
716 2310 850 2346 Victus
875 2317 1084 2359 captusque
1113 2311 1240 2347 fuerat
1265 2311 1311 2348 ab
1331 2310 1524 2348 Antiocho
1542 2310 1759 2359 Epiphane,

304 2373 348 2402 ut
371 2366 481 2403 (locet
507 2366 703 2415 Appianus
734 2369 775 2403 in
802 2366 980 2415 Syriacis
1007 2366 1064 2418 (p.
1083 2365 1207 2417 188.)
1227 2366 1490 2417 Hieronymus
1510 2369 1550 2404 in
1574 2374 1757 2416 caputxn

303 2420 479 2459 Danielis
498 2436 545 2459 ex
564 2421 804 2472 Porphyrio,
833 2422 1043 2472 Pugnans,
1070 2425 1143 2469 ait,
1164 2430 1309 2461 ‘contra
1324 2424 1562 2474 Aegyptios,
1598 2423 1758 2474 Libyas,

304 2479 599 2530 Aethiopasque
617 2481 903 2529 per-transiens
932 2481 1049 2517 audit
1073 2480 1150 2516 sibi
1170 2480 1219 2517 ab
1238 2480 1432 2531 Aquilone
1456 2488 1499 2518 et
1515 2480 1564 2518 ab
1590 2481 1760 2519 Oriente

295 2537 461 2586 praelia
484 2538 708 2581 concitari,
741 2538 841 2573 wale
865 2543 905 2572 et
934 2538 1168 2586 regrediens
1184 2540 1301 2588 capit
1322 2537 1493 2575 Ara-dios
1511 2539 1758 2583 resistentes,

304 2599 345 2629 et
371 2606 518 2629 omnem
539 2595 580 2630 in
600 2593 737 2629 littore
758 2592 978 2631 Phoenices
1006 2596 1434 2645 vastatprovinciam,
1468 2593 1758 2645 confestimque

293 2652 439 2700 pergit
465 2650 522 2687 ad
548 2649 765 2686 Artaxiam
794 2662 928 2698 regem
957 2650 1185 2687 Armeniae.
1242 2649 1386 2688 Fuerat
1407 2650 1471 2687 hic
1491 2653 1598 2700 prius
1618 2650 1757 2687 Antio-

302 2705 368 2741 chi
393 2708 526 2755 magni
553 2705 719 2754 Satrapa
749 2708 789 2742 in
820 2707 1022 2751 Armenia:
1065 2719 1139 2756 quo
1166 2720 1189 2743 a
1218 2705 1403 2744 Romanis
1435 2709 1559 2753 victo,
1599 2719 1686 2744 cum
1707 2707 1756 2744 ad

299 2760 410 2799 Rom.
449 2769 576 2810 partes
614 2764 856 2808 transiisset,
899 2761 985 2799 Rex
1013 2776 1036 2799 a
1063 2765 1204 2811 populo
1233 2763 1406 2801 Romano
1437 2764 1649 2813 appellatus
1680 2771 1754 2811 est,

298 2824 393 2854 teste
408 2817 600 2855 Strabone
618 2818 766 2855 lib.Xi.
789 2817 842 2871 (p.
860 2816 986 2870 800.)
1007 2826 1046 2856 et
1071 2820 1362 2857 celeberrimum
1374 2819 1643 2857 Armeniorum
1663 2821 1754 2857 fun-

294 2874 402 2912 davit
432 2877 645 2925 imperium.
690 2873 722 2911 V
727 2885 840 2914 ALES.
897 2873 1155 2927 Ἀρταξίας]
1198 2876 1377 2916 Meminit
1401 2879 1484 2914 eius
1502 2875 1604 2914 Plut.
1624 2879 1666 2915 in
1677 2877 1755 2913 Lu-
