1859 3326
326 177 416 218 176
780 171 1307 213 ANNOTATIONES

324 302 419 328 vero
447 288 490 326 in
519 287 733 338 angulosos
749 299 975 341 procursus
1008 286 1257 334 desinebant,
1291 286 1375 324 sive
1401 285 1588 333 isthmos,
1621 291 1768 336 septem

324 353 462 383 octove
482 345 705 391 stadiorum,
728 346 787 381 uti
805 344 904 392 apud
925 342 1106 380 Strabon.
1130 350 1188 379 est
1207 343 1249 380 L.
1267 342 1390 380 XVII.
1411 355 1447 391 p.
1472 345 1491 383 1
1505 343 1606 382 143.
1624 341 1669 381 Β.
1711 342 1769 379 Ut

322 402 418 440 adeo
432 401 687 437 Alexandriae
698 401 822 438 forma
840 412 919 437 non
932 399 1093 436 multum
1106 399 1152 436 ab
1167 406 1282 437 ovata
1301 401 1426 448 speeie
1441 397 1653 445 deflexerit,
1668 399 1769 446 quod

325 460 479 509 egregie
506 463 770 493 conmonstrat
796 456 920 493 Illust.
940 454 1110 502 Cuperus
1136 457 1178 492 in
1194 454 1354 492 Homeri
1374 451 1581 504 Ap'othcos.
1605 467 1640 503 p.
1664 457 1766 494 158.

323 514 536 564 chlamydis
564 513 728 563 figuram
758 511 1117 558 Alexandrinaeque
1148 511 1256 547 urbis
1287 517 1591 560 repraesentans.
1621 509 1768 562 Tetigit

324 577 364 607 et
387 569 486 606 hanc
513 582 594 605 rem
623 570 665 604 in
685 581 829 616 nupera
849 567 1019 618 Aegypti
1038 566 1293 615 descriptione
1314 566 1472 603 Maillet.
1491 579 1527 616 p.
1551 568 1668 615 1227
1699 567 1766 604 sed

323 626 614 664 Macedonicam
644 623 885 674 chlamydem
915 629 953 659 et
980 623 1164 660 muliebre
1182 622 1378 660 indusium
1397 620 1524 672 lepido
1547 636 1676 660 errore
1698 636 1767 674 pro

324 682 455 720 eadem
477 688 582 718 veste
606 681 824 717 arbitratus.
853 679 987 717 Wssss.

437 739 543 778 200.
570 737 642 776 14.
675 735 761 775 Καὶ
779 733 946 785 πλάτει]
977 733 1114 772 Scribe
1133 729 1283 774 κάλλει.
1309 732 1448 772 Rnon.
1482 732 1568 786 Ego
1586 746 1664 771 non
1684 747 1766 772 mu-

321 801 377 834 to.
409 794 501 831 Fuit
523 793 607 829 sine
638 795 904 830 controversia
927 791 1132 828 latitudine
1154 791 1373 839 spectabilis
1393 792 1540 839 platea‚
1576 790 1768 839 plethrum

321 858 390 888 aut
418 851 546 898 paullo
576 850 740 897 amplius
772 851 1037 898 aequiparans,
1086 847 1185 883 Vide
1217 846 1397 886 Strabon.
1421 845 1548 883 XVII.
1570 859 1604 896 p.
1632 847 1766 887 1143.

321 903 500 952 I<c2).).a‚
533 905 634 952 quod
656 901 773 941 Codd.
795 905 947 954 quidam
968 904 1211 952 praeferunt,
1236 915 1284 940 ex
1306 903 1553 953 sequentibus
1577 903 1767 941 adscitum

321 963 490 1001 videtur.
522 960 668 997 Urbem
690 964 814 1009 ipsam
833 962 1014 997 secabant
1035 960 1130 996 duae
1151 961 1258 1007 viae,
1288 960 1427 996 ceteris
1447 965 1485 995 et
1504 961 1706 1008 ampliores
1729 966 1767 996 et

322 1019 574 1063 celeb1·ioreS‚
620 1029 778 1066 quarum
800 1019 841 1054 in
864 1017 987 1054 stadia
1007 1016 1260 1066 quadraginta
1279 1022 1453 1064 porrecta
1473 1029 1495 1052 a
1513 1023 1623 1064 porta
1641 1014 1767 1053 Cano-

320 1077 407 1124 pica
427 1074 642 1122 pertinebat
664 1085 784 1120 usque
803 1073 851 1109 ad
876 1087 982 1120 eam,
1008 1072 1109 1109 unde
1132 1072 1258 1108 aditus
1280 1085 1328 1108 ex
1347 1073 1478 1108 Africa
1499 1072 1764 1108 venientibus:

320 1131 420 1168 hauc
439 1129 602 1166 mediam
625 1129 822 1166 dividebat
840 1131 982 1175 altera,
1013 1141 1035 1165 a
1055 1129 1142 1164 lacu
1162 1127 1371 1165 Mareotico
1396 1127 1576 1174 Solisque
1597 1134 1705 1175 porta
1725 1130 1766 1164 in

321 1195 470 1237 portam
488 1198 607 1234 usque
629 1186 756 1223 Lunae
780 1192 818 1222 et
839 1199 943 1223 mare
964 1185 1199 1235 Aegyptium
1218 1191 1401 1230 extensa,
1440 1190 1482 1220 ut
1497 1182 1666 1220 Achilles
1686 1183 1765 1220 Ta-

320 1247 398 1280 tius
417 1244 578 1291 princip.
600 1241 642 1278 L.
662 1241 708 1278 V.
730 1241 775 1277 de
796 1242 964 1279 Amorib.
985 1241 1194 1289 Leucippes
1215 1240 1395 1276 declarat.
1433 1238 1609 1276 Ceterum
1631 1239 1677 1276 de
1699 1253 1764 1277 ur-

322 1300 383 1337 bis
414 1302 575 1346 viaeque
602 1298 844 1347 longitudine
872 1297 1045 1334 Diodoro
1074 1309 1154 1333 non
1173 1296 1389 1333 adsentitur
1418 1294 1558 1332 Strabo
1575 1295 1699 1333 XVII.
1725 1309 1763 1346 p.

324 1356 480 1402 1143„
500 1368 570 1391 nec
582 1353 764 1402 Iosephus
784 1353 827 1391 Β.
848 1354 928 1391 Iud.
952 1353 999 1390 ll.
1019 1355 1090 1393 16.
1113 1366 1149 1402 p.
1169 1353 1286 1399 190.‚
1312 1365 1394 1389 eam
1413 1362 1507 1388 xxx
1527 1352 1662 1389 stadiis
1681 1365 1762 1388 me·-

319 1414 473 1449 tientes.
504 1409 782 1460 AtStephanus
798 1413 839 1447 in
853 1403 1133 1461 Ἀλεξάνδρεια
1154 1409 1290 1446 stadiis
1307 1418 1482 1456 xxle.;
1511 1420 1606 1457 quae
1626 1410 1668 1444 in
1688 1421 1762 1445 nu-

319 1468 434 1505 meris
456 1467 715 1514 discrepantia
734 1469 807 1503 etsi
825 1467 924 1503 falce
943 1467 1080 1503 critica
1101 1465 1206 1502 finiri
1228 1471 1343 1514 queat
1360 1466 1488 1510 facile,
1517 1467 1614 1501 citra
1634 1471 1763 1502 tamen

317 1525 546 1562 temeritatis
568 1524 717 1571 culpam
736 1522 776 1559 id
795 1522 1142 1570 administraretur,
1174 1524 1207 1558 si
1227 1521 1318 1558 haec
1339 1523 1381 1558 in
1403 1527 1575 1569 tempora
1596 1519 1763 1557 Callixc-

317 1583 362 1618 ni
389 1578 533 1616 Rhodii
561 1578 651 1628 περὶ
677 1575 1000 1631 Ἀλεξανὸρείας
1031 1580 1348 1623 commentarius„
1377 1578 1422 1614 ab
1446 1576 1641 1614 Athenaeo
1662 1576 1762 1614 haud

317 1648 397 1673 uuo
423 1637 508 1672 loco
539 1637 700 1681 citatus,
733 1634 898 1671 duraret.
943 1634 1064 1670 Porro
1094 1634 1141 1670 de
1168 1646 1268 1670 anno
1296 1633 1552 1669 Alexandriae
1582 1633 1760 1670 conditae

316 1694 433 1742 longe
464 1705 487 1728 a
517 1690 692 1727 Diodoro
713 1691 793 1727 abit
813 1691 947 1728 Livius
970 1689 1013 1726 L.
1033 1689 1132 1726 Vlll.
1152 1690 1244 1736 24,
1275 1703 1346 1726 nec
1367 1692 1449 1726 sine
1468 1684 1609 1726 erroris
1631 1695 1760 1726 tamen

317 1750 453 1796 culpa,
490 1747 651 1784 docente
681 1754 831 1795 praeter
858 1748 955 1783 alios
982 1744 1033 1783 H.
1054 1745 1257 1783 Dodwello
1287 1744 1332 1782 de
1355 1744 1461 1796 Cycl.
1479 1744 1584 1784 Diss.
1605 1744 1660 1784 X.
1684 1747 1756 1785 73.

315 1803 450 1842 Wssss.

428 1860 535 1900 200.
566 1861 640 1899 20.
669 1854 809 1898 Ἀλλά
829 1856 897 1897 καὶ
915 1855 955 1897 οἳ
975 1855 1061 1909 μετ’
1085 1854 1214 1897 αὐτὸν
1233 1857 1322 1908 etc.]
1354 1856 1518 1894 Gemina
1537 1855 1597 1894 his
1618 1855 1758 1894 Strabo

314 1915 359 1954 L.
378 1915 504 1953 XVII.
526 1928 562 1963 p.
588 1916 724 1956 1143.
740 1914 875 1965 Regia,
902 1916 1046 1951 ambitu
1067 1928 1135 1952 suo
1157 1915 1304 1951 celebre
1324 1914 1419 1950 illud
1445 1912 1620 1950 Museum
1641 1921 1678 1949 et
1696 1927 1759 1950 re-

313 1987 407 2024 gum
424 1971 685 2018 Mausoleum,
713 1974 776 2007 cui
795 1971 942 2022 Σῆμα,
973 1973 1028 2008 sic
1058 1974 1161 2007 enim
1189 1971 1285 2007 bene
1306 1969 1554 2006 casaubonus
1583 1970 1626 2005 in
1646 1968 1758 2006 Stra-

311 2030 413 2066 bone
433 2030 614 2076 correxit,
641 2039 795 2074 nomen,
825 2028 1025 2074 conplexa,
1052 2040 1134 2064 eam
1150 2028 1258 2063 urbis
1279 2032 1425 2075 partem
1445 2026 1666 2072 occupabat,
1692 2026 1756 2064 cui

311 2083 480 2122 Bruchio
509 2097 672 2132 nomen,
709 2083 872 2120 docente
891 2084 941 2120 ad
961 2084 1150 2120 Ammian.
1170 2082 1303 2120 XXII.
1329 2084 1399 2122 16.
1418 2094 1454 2130 p.
1478 2081 1585 2121 374.
1606 2080 1656 2118 Η.
1679 2082 1757 2119 Va-

311 2143 420 2179 lesio.
453 2140 588 2177 WEss.

424 2198 532 2237 201.
566 2195 640 2236 25.
664 2192 792 2235 ’Ὼστε
817 2214 867 2223 --
888 2189 1057 2247 πρώτην
1084 2191 1390 2247 ἀριθμεῖσθαι]
1432 2191 1557 2242 Supra
1586 2188 1755 2245 πρώτην

310 2249 337 2305 ’ἢ
369 2251 562 2306 δευτέραν
584 2249 861 2305 ἀριθμεῖσθαι
883 2252 1196 2300 circumspectius
1217 2251 1316 2287 dixit
1334 2249 1377 2287 L.
1399 2248 1430 2286 Ι.
1452 2251 1526 2290 50.
1555 2249 1622 2286 ubi
1652 2250 1754 2287 vide.

307 2309 444 2347 Wcss.

425 2365 532 2405 201.
555 2364 629 2403 31.
650 2360 764 2402 Καθ’
789 2359 836 2403 ὃν
851 2360 929 2416 γὰρ
949 2359 1000 2415 δὴ
1022 2360 1165 2414 καιρὸν
1183 2357 1300 2413 ἡμεῖς
1310 2361 1398 2412 etc.]
1419 2360 1754 2412 Olymp.chxx.‚

308 2427 495 2472 regnante
518 2419 732 2456 Ptolemaeo
751 2420 899 2456 Auleta.
930 2419 1017 2457 Vid.
1034 2419 1077 2456 L.
1102 2419 1131 2456 I.
1150 2419 1226 2458 44.
1254 2417 1390 2455 WVESS.

423 2478 530 2516 201.
562 2476 635 2515 34.
668 2474 848 2521 Πλειόυς
874 2477 958 2514 τῶν
981 2472 1202 2528 τριάκοντα
1228 2470 1472 2527 μυριάδων]
1511 2471 1670 2510 Summa
1692 2474 1754 2525 in-

310 2534 434 2571 manis
456 2545 551 2581 quae
572 2533 605 2567 si
625 2533 786 2568 servitia
804 2532 1011 2578 accedant,
1038 2532 1152 2568 fidem
1174 2543 1292 2578 paene
1313 2530 1517 2579 superabit.
1561 2528 1638 2566 Fac
1659 2529 1750 2565 Ale-

309 2589 496 2626 xandriae
517 2589 723 2624 convenire
743 2599 866 2634 posse,
893 2587 994 2637 quod
1018 2587 1063 2623 (le
1083 2587 1245 2623 Athenis
1267 2586 1434 2635 prodidit
1449 2584 1630 2622 Ctesicles
1650 2584 1750 2634 apud

307 2645 448 2682 Athen.
468 2644 510 2681 L.
533 2642 598 2681 VI.
618 2656 654 2691 p.
674 2644 781 2682 272.
805 2641 859 2690 C.‚
884 2656 1015 2689 censu,
1042 2642 1233 2680 Demetrii
1251 2642 1427 2678 Phalerei
1446 2647 1570 2677 aetate
1592 2643 1751 2678 institu-

308 2709 363 2749 to,
387 2707 556 2751 repertos
575 2711 657 2735 esse
676 2700 780 2736 cives
799 2698 1038 2751 δισμυρίους
1056 2697 1161 2750 πρὸς
1179 2702 1265 2743 τοῖς
1280 2696 1446 2747 χιλίοις,
1471 2695 1686 2746 μετοίκους
1705 2695 1750 2735 δὲ

305 2756 498 2808 μυρίους,
528 2753 695 2795 οἰκετῶν
719 2752 763 2792 δὲ
784 2750 990 2807 μυριάδας
1011 2750 1334 2805 τεσσαράκοντα,
1362 2759 1528 2800 quantus
1549 2765 1747 2790 servorum

307 2826 489 2850 numerus
510 2808 717 2862 exsurget?
745 2809 826 2848 Nec
850 2812 1029 2861 aequabit
1044 2817 1173 2848 tamen
1191 2821 1305 2846 censa
1322 2810 1466 2849 civium
1486 2807 1745 2846 Romanorum
