1891 3310
446 182 510 224 1N
541 181 653 226 mn.
680 180 779 221 xv.
820 179 1208 224 ΟΑΡ.41.-45.
1471 183 1528 228 3ι

79 306 182 341 certe
213 298 410 351 praeteriit
439 298 607 336 silentio.
643 293 757 337 conf.
788 295 896 335 viros
923 293 1058 334 doctos
1086 293 1136 333 ad
1155 291 1271 335 Corn.
1295 292 1434 348 Nepot.
1456 294 1533 336 Co-

79 371 172 397 non.
194 369 227 395 c.
247 356 287 397 5.
323 354 465 393 WEss.

193 412 266 454 86.
291 412 364 453 78.
397 403 534 457 Οἶτος
555 406 635 463 γὰο
657 407 810 462 παραὸ.
831 420 974 460 στρατ.
991 422 1035 448 τε
1056 403 1267 460 ἀγχίνοιαν
1287 395 1531 461 ἐσχηκέναι]

78 469 139 509 De
159 481 302 521 genere
323 469 429 515 eius,
459 474 497 504 et
516 467 653 518 quibus
673 466 821 504 artibus
842 466 1098 502 inclarescere
1117 465 1308 514 coeperit,
1337 478 1416 502 non
1437 479 1532 516 pau-

78 540 124 566 ca
144 524 301 575 Ulpian.
327 524 376 562 ad
393 523 591 563 Demosth.
611 521 772 561 Midian.
790 535 827 572 p.
853 522 975 570 335„
997 532 1094 571 quae
1114 521 1333 559 exscribere
1355 534 1436 560 non
1456 535 1532 561 va-

78 589 152 622 cat.
177 581 314 620 Wrss.
400 616 404 618 ,

191 639 266 680 36.
297 637 371 678 93.
407 632 523 677 Ἀπό
546 638 630 676 τῶν
650 631 838 676 ἀσπίδων
859 628 1024 675 ὁπλῖται
1054 629 1327 688 καλοῦμενοι]
1360 632 1416 672 Ut
1430 635 1532 674 πελ-

75 693 228 736 τασταὶ
258 694 440 732 dicuntur
469 690 551 734 ἀπὸ
583 694 659 745 τῆς
691 690 863 758 πέλτης,
892 693 949 728 sic
976 687 1175 730 ἀστισταὶ
1204 693 1317 728 iuxta
1345 691 1533 741 quosdam

77 748 160 792 ἀπὸ
184 752 260 804 τῆς
278 748 468 799 ἀσπίδος,
485 763 565 788 non
583 756 713 787 autem
733 744 836 789 ὃπλ
816 762 911 787 ιται.
937 747 1043 785 Nec‘
1033 749 1237 798 imaginari
1257 759 1412 796 possum
1428 748 1532 785 unde

76 819 158 848 vox
187 807 280 846 haec
309 802 475 847 ὁπλῖται
503 807 727 875 irrepserit3
763 804 841 842 nisi
876 805 978 842 forte
1008 805 1063 842 ita
1087 803 1305 842 Diodorum
1331 804 1532 853 scripsisse

77 863 351 934 suspicaaendum
375 870 454 911 est,
484 878 523 903 οι
549 861 625 914 μὲν
649 856 850 928 πρότεοον
871 856 953 900 ἀπὸ
974 861 1059 900 τῶν
1089 856 1168 900 ὅτι)
1173 875 1230 900 ων
1251 854 1437 909 ὁπλῖται,
1464 859 1534 899 καὶ

77 918 160 961 ἀπὸ
183 922 268 962 τῶν
297 917 485 960 ασπίὸων
504 916 701 959 ἀσπισταὶ
721 913 966 968 καλούμενοι
989 923 1060 954 etc.
1096 915 1268 955 Homero
1295 924 1423 954 autem
1449 913 1531 956 ἀπὸ

77 979 154 1046 τῆς
183 975 359 1023 ἀσπίδος
387 982 480 1014 sunt
508 972 777 1015 ἀσπιὸιῶταιτ
827 981 865 1010 et
894 979 997 1010 certe
1027 970 1226 1012 ἀσπισταὶ
1263 980 1447 1022 tanquam
1483 974 1532 1011 ab

78 1030 238 1084 ἇσπίζω
255 1034 422 1072 formare
441 1034 585 1070 malim.
618 1030 776 1068 STEPH.
819 1031 924 1074 Quae
943 1032 1006 1067 vir
1031 1029 1165 1067 doctus
1188 1031 1419 1077 annotavit
1448 1043 1534 1080 spe-

79 1093 178 1129 ciem
206 1090 397 1142 quandam
418 1091 666 1140 praeferunt,
695 1087 761 1124 sed
787 1099 883 1136 quac
902 1087 1019 1124 facile
1041 1086 1193 1135 dispelli
1213 1093 1355 1136 potest.
1394 1087 1535 1125 Pocta-

76 1158 164 1186 rum
183 1147 372 1186 vocabula
390 1153 483 1184 sunt
502 1143 761 1192 ἀσπιὸιιῦται,
780 1141 1031 1196 &antony-029
1053 1149 1091 1179 et
1116 1139 1329 1191 dommac,
1355 1141 1539 1181 historia-

77 1215 166 1243 rum
195 1203 448 1253 scriptoribus
486 1204 558 1240 vix
591 1215 664 1240 usu
695 1203 799 1238 trita.
843 1199 988 1237 Contra
1015 1199 1322 1248 frequentissimi
1354 1194 1457 1238 0717
1438 1214 1533 1239 ιται

78 1257 163 1299 Hos
183 1259 307 1298 dictos
326 1260 420 1297 olim
440 1261 494 1297 ait
516 1255 597 1298 ἀπὸ
621 1273 705 1297 των
726 1254 926 1304 (ισπιᾝὸων
946 1268 1025 1294 non
1038 1258 1172 1305 utique
1194 1270 1239 1294 ea
1258 1257 1465 1304 sententia,
1489 1268 1536 1294 ac

55 1319 113 1366 *si
136 1316 394 1355 Grammatice
426 1313 507 1356 ἀπὸ
533 1317 617 1355 τῶν
647 1312 835 1354 ἀσπίδων
863 1315 1124 1351 formarentur
1146 1307 1324 1352 ὁπλῖται.
1368 1312 1413 1350 Id
1432 1314 1536 1351 foret

79 1373 353 1426 perridiculum
382 1379 497 1422 atque
522 1371 742 1410 absurdum.
781 1370 833 1408 At
852 1366 961 1410 ὅπλα
992 1383 1104 1420 saepe
1127 1377 1219 1408 sunt
1249 1367 1421 1417 ἀσπίδες
1451 1372 1535 1408 sive

80 1431 222 1484 clqspei.
269 1428 315 1469 Si
340 1429 513 1478 dubites,
549 1428 640 1468 vide
669 1427 745 1466 hoc
774 1426 975 1478 Euripidis
1002 1425 1152 1465 Hecub.
1180 1440 1219 1467 v.
1243 1427 1315 1470 14.
1334 1428 1401 1465 ubi
1417 1426 1537 1478 Poly-

80 1487 221 1537 dorus,

252 1562 301 1572 —-
335 1563 384 1572 -
425 1538 587 1594 Ου’τεγ
553 1538 642 1617 γὰρ
662 1538 829 1611 φέρειν
837 1538 948 1582 ὅπλα

253 1596 352 1641 Ούτ’
383 1595 500 1653 ἔγχος
526 1595 588 1640 οἷο
569 1595 615 1646 ός
639 1596 673 1639 τ’
702 1592 754 1652 ἦν
781 1596 859 1654 νέῳ
883 1595 1089 1651 βραχιἭονι

79 1654 134 1697 Et
168 1668 217 1695 ne
245 1658 402 1709 longius
432 1657 565 1695 abeam
595 1658 638 1694 in
665 1669 708 1693 re
742 1656 838 1693 satis
868 1656 1005 1702 obvia,
1053 1653 1127 1692 hoc
1155 1651 1292 1692 Nostri
1319 1664 1370 1691 ex
1399 1665 1434 1693 c
1459 1651 1536 1692 43

81 1712 151 1754 καὶ
170 1710 305 1754 πολλὰ
323 1714 663 1759 πλεονεκτοῦντες
680 1709 905 1766 (Aegyptii)
927 1708 995 1750 διὰ
1014 1707 1091 1763 τὴν
1118 1712 1203 1750 τῶν
1223 1707 1303 1749 ὅπ)
1307 1724 1364 1750 ων
1384 1704 1537 1761 ὀχυοό-

81 1785 233 1823 τητα,
242 1770 268 1808 i.
293 1783 325 1807 e.
357 1771 583 1839 'clypeorum
607 1770 825 1818 fiJmitate.
867 1768 1009 1805 Persae
1037 1769 1221 1804 instructi
1251 1772 1362 1803 erant
1387 1767 1537 1816 gerris,

83 1839 181 1876 quae
209 1834 319 1864 erant
350 1824 393 1865 ἔκ
425 1822 559 1878 λύγων
588 1824 656 1864 καὶ
686 1821 881 1871 οἷσύὶνοι,
909 1837 960 1861 ea.
988 1825 1134 1861 vimine
1167 1829 1210 1861 et
1239 1824 1449 1873 salignae,
1477 1823 1537 1860 uti

85 1883 337 1921 Grammatici
363 1882 513 1920 docent.
572 1880 718 1920 Contra
745 1894 790 1918 ea
819 1880 1100 1932 Aegyptiorum
1136 1881 1263 1930 clypei
1290 1879 1396 1917 ferro
1425 1884 1537 1915 erant

83 1941 239 1986 muniti,
265 1939 584 1988 praestabantque
615 1938 710 1976 adeo
741 1937 812 1975 hae
847 1944 955 1987 parte
985 1936 1088 1974 haud
1110 1945 1246 2003 parum
1270 1936 1415 1973 Persis.
1443 1934 1537 1972 Vult

83 2009 177 2048 ergo
196 1995 237 2033 id
256 1997 379 2034 solum
401 1994 610 2043 Diodorus,
630 2008 710 2042 eos,
734 2006 830 2043 quos
848 1990 1029 2032 Graeci
1006 1989 1088 2032 απὸ
1111 1994 1196 2033 τῶν
1216 1986 1418 2039 ασπίὸων,
1439 2003 1538 2041 quae

84 2053 217 2092 eadem
235 2059 348 2101 atque
367 2048 498 2100 ὅπλα,
528 2054 635 2101 prius
657 2056 979 2102 nuncupaverant
1000 2044 1195 2096 ὁπλίτας,
1219 2062 1242 2086 a
1262 2050 1376 2098 peltis
1397 2047 1537 2085 deinde

81 2106 317 2156 πελταστὰς
335 2109 456 2146 fuisse
478 2109 614 2147 dictos.
642 2107 738 2146 Rem
759 2107 929 2146 eamdem
948 2108 1171 2156 exsequitur
1185 2103 1299 2143 Corn.
1307 2105 1450 2155 Nepos,
1470 2103 1538 2142 sed

83 2169 127 2206 in
149 2167 280 2216 paucis
297 2165 566 2213 dissentiens,
556 2179 597 2204 in
609 2164 788 2215 Iphicrat.
810 2178 842 2202 c.
860 2167 898 2204 1.
923 2163 1050 2211 Quum
1072 2169 1166 2202 ante
1187 2163 1298 2201 illum
1320 2165 1537 2214 imperato-

83 2236 168 2263 rem
190 2224 376 2261 mazimis
391 2222 561 2275 clypeis,
587 2222 633 2260 br
626 2222 768 2261 ·evibus
784 2221 935 2269 hastis,
964 2222 1126 2258 minutis
1141 2220 1292 2270 gladiis
1310 2224 1536 2258 uterentur.

82 2280 166 2321 Ille
187 2293 208 2318 e
227 2281 695 2332 contrariopeltampro
715 2292 868 2332 parma
884 2277 1018 2326 fecit,
1046 2291 1073 2315 a
1104 2290 1183 2329 qua
1208 2282 1352 2328 postea
1379 2286 1539 2313 PELTA-

84 2349 191 2376 STAE
204 2338 362 2389 pedites
381 2337 641 2389 appellantur
666 2356 715 2364 —-·
747 2335 906 2374 Hastae
931 2336 1084 2373 modum
1107 2334 1350 2386 duplicavit,
1379 2333 1540 2384 gladios

83 2396 284 2445 longiores
301 2393 426 2442 fecit.
464 2393 601 2441 Porro,
629 2395 663 2431 si
683 2391 747 2440 ἐξ,
781 2394 843 2431 cui
864 2391 973 2429 sedes
991 2397 1082 2429 ante
1103 2387 1376 2445 ἀμφοτέοων,
1404 2401 1538 2439 super-

84 2463 298 2492 vacaneum
319 2451 501 2499 opineris,
528 2462 608 2488 non
627 2449 821 2519 pugnabo.
850 2447 986 2486 wass.

200 2507 274 2548 36.
305 2506 346 2547 3
381 2504 415 2545 Ἰ
413 2505 662 2560 φικρατίὸας
687 2503 755 2546 ἀπ’
792 2504 944 2545 ἐκείνου
975 2498 1260 2555 καλουμένας]
1294 2502 1381 2541 Vid.
1410 2501 1534 2540 Paull-

85 2562 327 2614 Leopardum
345 2562 547 2601 Emendat.
571 2562 616 2602 L.
637 2562 690 2601 Χ
715 2565 752 2604 l.
798 2562 943 2600 Auctor
975 2560 1225 2613 Συναγωγῆς
1252 2557 1399 2607 λέξεων
1428 2573 1538 2611 χρη-

87 2621 221 2672 σι’μων
243 2633 292 2689 e'x
311 2619 515 2658 Luciano'
504 2633 546 2657 ιη
562 2619 723 2660 Coislin.
745 2618 930 2658 Biblioth.
953 2632 988 2669 p.
1008 2619 1116 2658 490
1140 2615 1424 2684 Ἰᾳικρατίὸες,
1439 2629 1538 2667 κρη-

86 2677 212 2724 πῖδες.
253 2673 334 2717 ἀπὸ
360 2672 619 2730 Ἰφικράτους
648 2674 805 2729 ποὶλΐμι
833 2673 1120 2730 ᾳιλοκαλίιαν
1109 2687 1201 2727 περι
1233 2670 1309 2725 τὴν
1341 2667 1537 2711 υπόὸεσιν

89 2732 274 2786 ἐπιὸεὸειγ
279 2731 425 2785 μὲιου.
450 2733 572 2780 Adde,
600 2745 696 2781 quae
718 2733 964 2771 doctissimus
984 2731 1229 2783 Iungerman.
1259 2729 1309 2766 ad
1325 2728 1473 2766 Polluc.
1494 2727 1538 2765 L.

88 2789 172 2829 Vll.
195 2791 268 2832 89.
288 2790 505 2841 adscripsit.
538 2789 675 2827 erss.

203 2847 277 2889 36.
319 2848 390 2889 17.
443 2848 543 2894 Τοῖς
572 2844 638 2886 ἐπὶ
670 2848 743 2899 τῆς
774 2842 1126 2899 Λακεδαιμονίων
1165 2841 1407 2890 ἐπιστασίας
1435 2839 1539 2893 etc.]
