1859 3326
274 158 302 198 6
742 156 1260 200 ANNOTATIONES

278 284 373 315 ,num
396 271 497 310 nihil
514 272 571 312 ad
599 286 706 321 rem,
734 271 778 311 L.
800 271 847 313 V.
869 271 1025 324 Disput.
1046 272 1206 313 Tuscul.
1230 286 1262 312 c.
1284 274 1360 315 22.
1404 270 1542 310 Cicero
1563 283 1651 311 cum
1671 272 1751 310 cla-

284 330 431 366 rissimi
452 328 605 368 Davisii
627 336 733 371 nota.
761 330 897 368 WVEss.

406 388 445 426 8.
484 388 552 426 17.
578 383 784 440 Ἀπάγειν
804 385 863 434 εἷς
884 384 959 435 τὰς
980 385 1201 438 λατομίας]
1230 386 1318 424 Vid.
1338 385 1415 424 lac.
1434 384 1684 423 Perizonium
1703 384 1754 424 ad

289 440 444 479 Aeliani
471 443 560 480 Var.
582 443 632 482 H.
665 443 708 483 L.
732 443 786 481 X.
807 445 851 484 9.
893 443 1066 494 Respicit
1086 444 1158 481 huc
1178 444 1372 481 Lucianus
1403 442 1462 480 De
1486 442 1604 481 Mero.
1633 441 1755 480 Cond.

293 512 326 536 c.
349 499 422 538 35.
456 497 505 538 σὺ
530 497 572 538 δ’
597 493 693 547 οὖν,
731 498 802 540 ἐὰν
827 498 885 553 μὴ
907 500 1097 555 ἐπαινῇς,
1125 499 1165 547 ἐς
1185 498 1260 548 τὰς
1281 498 1532 550 λιθοτομίας
1551 497 1629 546 τὰς
1647 499 1754 540 Διο-

292 554 438 595 νυσιόυ
470 553 597 603 εὐθὺς
619 554 759 612 ἀφίξῃ.
807 556 1037 607 Respiciunt
1057 566 1095 594 et
1115 559 1205 605 alii,
1237 557 1305 594 sed
1329 558 1510 607 supplicii
1531 564 1570 593 et
1591 558 1758 594 carceris

295 625 451 649 caussas
473 614 588 664 longe
599 613 772 652 diversas
786 614 1003 654 afferentes.
1033 614 1253 652 Athenaeus
1269 615 1310 650 in
1321 615 1528 651 lautumias
1538 613 1760 664 depressum

295 671 352 706 ait
372 668 413 705 L.
431 668 458 706 1.
482 671 536 716 6.‚
564 673 746 719 quoniam
775 673 938 710 amicam
957 671 1142 722 Dionysii
1163 671 1364 708 Galateam
1391 677 1640 718 corruperat:
1666 670 1761 707 Plu-

297 724 453 762 tarchus
474 726 540 763 Or.
564 726 612 763 ll.
635 727 680 764 de
701 728 891 766 Alexand.
908 728 1015 766 Fort.
1033 743 1069 779 p.
1093 729 1199 768 334.
1219 726 1262 768 C.
1298 729 1388 778 quia
1407 726 1591 777 Dionysii
1610 734 1763 776 tragoe-

301 781 403 819 diam
423 785 616 834 corrigere
644 787 772 822 iussus
806 786 978 823 eamdem
1006 799 1028 822 a
1049 787 1172 836 capite
1192 785 1241 822 ad
1272 786 1420 822 calcem
1445 796 1521 821 una
1550 784 1669 821 litura
1692 782 1763 819 de-

298 839 468 876 leverat:
503 838 564 879 ὃτι
595 841 831 896 τραγῳδίαν
851 840 981 882 αὐτοῦ
1009 842 1242 894 διορθῶσαι
1273 839 1511 888 κελευσθεὶς
1529 837 1660 887 εὐθὺς
1680 836 1763 880 dno

299 896 376 946 Τῆς
399 893 528 947 ἀρχῆς
551 895 653 949 ὅλην
682 896 802 952 μέχρι
820 901 896 951 τῆς
925 899 1152 951 κορωνίδος
1182 895 1313 950 αὐτὴν
1332 896 1621 950 περιέγραψεν.
1659 898 1766 942 Quae

299 958 446 1000 tamen,
473 955 586 991 sicuti
607 957 724 992 etiam
743 967 841 1004 quae
864 956 909 993 de
931 954 1101 1007 Cyclope
1121 956 1266 999 fabula,
1286 957 1326 991 in
1350 955 1546 992 lautumiis
1568 955 1646 991 illis
1671 967 1768 992 con-

300 1009 452 1056 posita,
481 1018 710 1060 narrantur,
736 1026 829 1050 vera
858 1026 941 1049 esse
959 1020 1148 1063 possunt,
1179 1015 1211 1049 si
1232 1011 1474 1049 Philoxenus
1502 1006 1699 1058 πολλάκις
1728 1009 1769 1058 ἒς

301 1061 377 1110 τὰς
402 1067 620 1117 λατομίας,
651 1069 755 1117 quod
774 1069 969 1107 Lucianus
989 1069 1089 1108 Adv.
1109 1069 1258 1107 lndoct.
1278 1082 1311 1106 c.
1327 1071 1346 1110 l
1359 1070 1399 1110 5.
1430 1069 1640 1109 memoriae
1659 1081 1770 1106 man-

304 1121 442 1169 davit,
470 1124 661 1162 abductus
681 1126 813 1165 fuerit.
839 1126 980 1164 lVESS.

421 1182 460 1219 8.
480 1183 549 1221 18.
584 1183 647 1236 Τῇ
670 1179 713 1221 δ”
744 1178 944 1239 ὑστεραίᾳ
965 1185 1055 1230 etc.]
1081 1182 1169 1220 Non
1181 1175 1587 1220 concordatAelianus
1599 1181 1664 1219 lib.
1677 1180 1771 1220 ΧΠ.

305 1233 396 1272 Var.
423 1234 522 1275 Hist.
543 1251 574 1275 c.
593 1239 693 1287 44.;
725 1253 817 1276 nam
835 1240 1043 1277 secundum
1061 1241 1171 1277 illum
1194 1253 1273 1277 non
1305 1239 1401 1276 adeo
1430 1239 1561 1276 brevis
1581 1240 1656 1276 fuit
1677 1238 1771 1277 Phi-

306 1293 441 1329 loxeni
461 1295 501 1330 in
531 1296 699 1333 latomiis
720 1310 851 1334 mora:
881 1299 936 1334 ait
957 1299 1062 1334 enim
1086 1297 1140 1334 ibi
1167 1310 1253 1334 eum
1278 1297 1541 1345 composuisse
1563 1309 1674 1333 suum
1695 1294 1774 1346 Cy-

308 1350 431 1399 clopa,
458 1351 757 1398 pulcherrimum
778 1356 964 1401 omnium,
983 1366 1079 1403 quae
1101 1356 1332 1403 composuit,
1362 1357 1518 1403 poema:
1546 1365 1617 1390 nec
1641 1351 1773 1390 Theo-

309 1407 429 1442 critus
453 1409 495 1444 in
516 1407 655 1458 ldyllio
674 1409 771 1457 VIL,
795 1413 860 1461 qui
882 1409 987 1463 (meo
1008 1411 1162 1460 quidem
1183 1408 1350 1462 iudicio)
1371 1424 1456 1447 eam
1476 1408 1684 1448 Philoxeni
1705 1422 1775 1448 ca-

309 1463 519 1501 lamitatem
541 1465 656 1502 deflet
675 1469 931 1518 aenigmatice
953 1469 1021 1504 sub
1045 1466 1224 1504 Comatae
1246 1468 1426 1514 nomine3
1450 1467 1507 1503 ait
1528 1469 1631 1504 enim
1650 1463 1773 1532 (vers.

314 1518 409 1571 85.)
439 1522 561 1558 fuisse
588 1520 630 1560 ἓν
659 1520 793 1580 εὐρειά
824 1520 995 1575 λάρνακι
1026 1522 1086 1576 (id
1115 1531 1174 1561 est
1216 1525 1259 1561 in
1289 1521 1480 1575 latomiis)
1509 1520 1600 1569 ἔτος
1638 1522 1775 1575 &19:011-

311 1577 413 1624 quod
434 1577 678 1617 scholiastae
708 1582 1012 1630 interpretantur
1037 1579 1160 1632 ἔαρος
1181 1577 1320 1632 ὥραν,
1349 1582 1544 1617 trimestre
1565 1587 1714 1629 tempus
1734 1581 1777 1618 in

311 1646 413 1670 vere.
447 1634 542 1671 Eam
564 1637 672 1673 litem
692 1637 932 1675 doctioribus
953 1638 1199 1675 iudicandam
1228 1639 1420 1687 relinquo.
1447 1636 1579 1673 PALM.

430 1693 470 1731 8.
516 1693 590 1732 42.
637 1690 771 1733 ‘'Ochv
809 1689 866 1741 ὡς
904 1690 1131 1748 ἔπῃνεκότα
1165 1691 1294 1733 αὐτὸν
1330 1691 1580 1746 ἀπεδέχετο]
1620 1691 1779 1744 Diony-

314 1747 372 1783 sio
393 1750 545 1795 evenit,
572 1750 673 1799 qnod
693 1753 839 1799 ineptis
869 1753 1046 1788 omnibus
1069 1751 1116 1788 de
1134 1748 1209 1789 hoc
1237 1764 1392 1802 genere.
1432 1749 1512 1787 Sua
1535 1750 1686 1787 laudari
1715 1751 1778 1786 in-

313 1815 431 1852 pense
451 1814 603 1852 amant,
630 1818 794 1855 raroque
815 1808 1155 1854 animadvertunt,
1184 1808 1329 1844 nudum
1351 1820 1391 1843 se
1409 1808 1512 1843 latus
1530 1808 1688 1844 urbanis
1709 1805 1779 1843 ho-

311 1861 484 1898 minibus
515 1862 618 1902 (lare.
658 1862 790 1901 Habes
819 1864 925 1901 aliud
947 1866 988 1902 in
1006 1862 1200 1915 Dionysio
1230 1866 1307 1902 isto
1325 1865 1554 1914 ‘exemplum
1583 1863 1684 1913 apud
1703 1864 1780 1902 Po-

312 1917 441 1966 lyaen.
466 1917 637 1970 Strateg.
657 1919 702 1956 V.
726 1922 801 1961 ¹16·
829 1921 966 1959 WVESS.

433 1977 471 2013 8.
501 1976 576 2014 47.
616 1974 1018 2028 Μεταπεμψάμενος
1034 1974 1113 2030 γὰρ
1143 1973 1218 2016 τὸν
1244 1973 1378 2029 ἄνδρα
1409 1976 1587 2027 τοῦτον]
1623 1975 1667 2014 ld
1687 1989 1781 2015 vero

316 2031 385 2067 alii
400 2039 558 2081 negant,
582 2033 784 2071 Platonem
804 2036 971 2082 primum
985 2033 1058 2071 hoc
1079 2036 1117 2070 in
1140 2032 1315 2072 Siciliam
1331 2036 1404 2071 iter
1422 2034 1640 2085 ingressum
1660 2034 1782 2071 fui-se

315 2087 522 2136 prodentes
542 2087 649 2127 κατὰ
669 2089 776 2128 θίαν
795 2094 870 2142 τῆς
892 2086 1019 2143 νήσου
1041 2089 1107 2129 καὶ
1128 2093 1213 2129 τῶν
1237 2085 1470 2143 κρατήρων,
1496 2091 1619 2128 veluti
1638 2089 1784 2142 Dioge-

319 2155 388 2179 nes
420 2143 486 2180 ΙΙΙ.
524 2146 593 2184 IS.
625 2154 663 2182 et
689 2146 908 2184 Athenaeus
939 2148 981 2185 L.
999 2147 1075 2184 Xl.
1104 2160 1141 2195 p.
1169 2148 1272 2187 507.
1295 2146 1363 2194 B.;
1393 2160 1467 2197 quo
1491 2154 1662 2197 tempore
1696 2161 1784 2185 cum

318 2197 439 2237 Dioni
469 2202 725 2249 innotuisset,
753 2204 799 2240 ab
824 2204 957 2241 eodem
988 2204 1036 2242 ad
1058 2203 1243 2254 Dionysii
1273 2205 1465 2252 colloquia
1486 2204 1694 2252 perductus
1722 2206 1785 2242 ni·

318 2259 395 2293 mia
424 2257 579 2295 dicendi
607 2259 786 2297 libertate
816 2268 1024 2311 tyrannum
1055 2260 1241 2308 offendit,
1284 2259 1496 2298 Plutarcho
1526 2263 1567 2299 in
1598 2260 1717 2301 Dion.
1748 2273 1784 2310 p.

321 2314 428 2352 959.
453 2313 497 2350 Ε.
529 2322 637 2351 teste.
678 2316 812 2353 Altero
836 2320 975 2354 itinere
997 2315 1149 2369 κλητὸς
1173 2324 1211 2354 et
1239 2318 1385 2354 crebris
1414 2317 1599 2369 Dionysii
1618 2319 1784 2355 iunioris

319 2370 444 2406 literis
467 2373 654 2408 invitatus
679 2373 851 2411 eamdem
871 2377 911 2411 in
932 2376 1097 2411 insulam
1120 2375 1366 2423 properavit,
1383 2381 1541 2412 auctore
1564 2374 1714 2412 Aelian.
1735 2374 1783 2414 V.

320 2425 370 2461 H-
394 2426 476 2463 Lib·
499 2426 561 2463 lV-
585 2431 653 2468 18.
683 2430 780 2466 vide
801 2437 929 2467 tamen
942 2430 1173 2481 Syncellum
1184 2430 1401 2483 Chronogr.
1422 2445 1459 2482 p.
1473 2433 1581 2472 259.
1602 2438 1640 2469 et
1651 2431 1787 2470 Tzetz.

321 2481 485 2520 Chiliad.
506 2483 558 2520 X.
592 2487 696 2525 865.
728 2486 869 2526 Wass.

438 2543 477 2580 8.
511 2542 582 2580 51.
615 2541 689 2587 Εἷς
708 2540 755 2581 τὸ
780 2540 1009 2596 πρατήριον
1023 2543 1123 2594 etc.]
1151 2543 1272 2581 Dedit
1302 2557 1388 2581 eum
1411 2543 1555 2581 Pollidi
1580 2542 1787 2590 Spartano,

321 2598 387 2644 qui
408 2598 637 2635 conmodum
662 2597 870 2648 Syracusis
902 2608 984 2637 erat
1004 2603 1043 2637 in
1065 2601 1268 2639 Graeciam
1299 2603 1571 2646 tramissurus,
1601 2600 1698 2636 clam
1720 2607 1788 2636 aut

319 2653 656 2700 interficiendum,
702 2662 769 2692 aut
797 2663 901 2693 certe
936 2663 1119 2705 tanquam
1155 2659 1234 2694 vile
1264 2660 1498 2705 mancipium
1526 2655 1788 2702 vendendum,

321 2705 460 2759 ὥσπερ
496 2706 759 2761 ἀνδράποδον
795 2714 880 2751 τῶν
911 2710 978 2751 ἐπ’
1016 2713 1223 2766 ἐξαγωγῇ,
1267 2713 1458 2751 Aristides
1490 2714 1547 2749 ait
1579 2710 1691 2749 Tom.
1720 2711 1788 2748 ΙΙΙ.

322 2776 359 2811 p.
386 2766 492 2805 3:232.
532 2765 711 2804 Redemit
733 2767 1003 2818 philosophum
1025 2772 1065 2806 in
1096 2770 1289 2820 Aeginam
1321 2769 1563 2819 deportatum
1591 2770 1708 2806 minis
1727 2778 1790 2805 xx

322 2820 528 2859 Anniceris
541 2822 786 2873 Cyrenaeus,
815 2824 862 2861 ‹le
883 2838 958 2876 quo
979 2825 1133 2877 Menag.
1155 2826 1204 2863 ad
1223 2827 1351 2865 Laert.
1375 2825 1542 2876 Diogen.
1561 2824 1605 2862 L.
1624 2824 1672 2862 ΙΙ.
1695 2827 1786 2874 86.,
