1891 3310
396 187 460 228 IN
491 187 603 228 [ΑΒ.
635 186 822 227 xvlll.
853 186 983 228 CAP.
1005 187 1278 232 39.·-42.‘
1469 193 1564 238 249

106 303 214 340 sione
234 314 320 340 cum
341 303 446 340 omni
466 302 638 342 exercitu
659 301 776 350 facta,
799 300 884 341 loca
907 314 953 340 ea
972 312 1194 349 occupasse.
1222 299 1472 343 Simillimum
1493 312 1568 353 ent,

105 361 139 398 si
167 360 250 396 sola
280 359 398 397 verba
428 365 598 407 spectes,
636 356 678 397 S.
711 357 834 399 Marci
862 357 1013 410 Evang.
1032 357 1143 398 XlV.
1169 359 1241 400 72.
1273 359 1319 397 de
1348 360 1466 398 Petro
1497 362 1567 402 καὶ

68 429 71 430 ’
105 411 314 464 ἐπιβαλών
337 411 481 456 ἔκλαιε.
523 413 601 452 Sed
623 416 816 453 sententia
836 416 949 466 longe
967 416 1155 465 longeque
1178 414 1309 456 distat.
1350 415 1445 453 Vult
1463 419 1567 458 enim

103 469 263 510 Petrum
289 470 453 518 delicto,
482 470 584 519 quod
613 471 844 518 admiserat,
875 472 924 508 ad
941 473 1112 511 animum
1140 479 1346 519 revocato,
1376 471 1419 510 in
1449 473 1566 513 fletus

102 528 226 566 fuisse
249 529 430 567 solutum.
482 526 573 567 Scio
600 529 706 566 viros
737 529 858 565 multo
890 527 1171 568 eruditissimos
1197 527 1244 564 de
1274 530 1417 565 iniecta
1434 530 1476 566 in
1502 543 1568 567 ca·

100 590 174 634 put
194 590 302 622 veste
323 582 532 634 diligenter
551 584 661 632 plura
681 586 932 630 commutari,
955 595 1050 633 quae
1072 596 1211 622 vereor
1230 590 1274 621 ut
1292 585 1354 622 illi
1374 585 1459 622 loco
1477 587 1569 634 pul-

104 653 168 677 cre
199 641 449 680 conveniant.
488 639 584 677 Vide
606 639 679 676 hoc
703 641 831 687 potius
852 640 945 689 Imp.
975 640 1169 679 Antonini
1189 639 1233 680 L.
1247 639 1302 680 X.
1327 641 1401 680 30.
1430 637 1570 681 τούτω

101 693 180 749 γὰο
211 694 356 746 ἐπιβα)
348 692 442 743 ὠν,
470 693 628 761 ταχέως
657 692 830 752 ἐπιλησῃ
861 699 937 748 τῆς
968 692 1116 749 ὀργῆς,
1145 695 1217 737 hoc
1249 698 1306 738 ad
1332 699 1505 735 animum
1532 699 1572 738 si

102 753 373 802 revocaveris,
401 754 480 792 cito
501 754 657 795 irarum
676 749 934 794 oblivisceris.
961 753 1015 793 At
1035 754 1114 792 ista
1132 752 1246 794 huius
1267 767 1346 793 non
1365 760 1458 793 sunt
1476 755 1567 795 loci.

101 807 239 854 wass,

122 904 129 911 ,
215 866 325 907 288.
357 866 430 905 81.
471 863 558 905 Καὶ
578 866 652 906 wi*
679 861 1002 906 Ἀπολλωνίὸου
1023 872 1095 903 etc.
1128 861 1383 920 ποιήσαντος
1407 888 1457 897 ·-·
1480 861 1570 906 διά-

103 920 278 972 στασιν]
310 919 423 958 Puto
431 919 625 960 hominem
654 921 852 972 designari
874 935 896 961 a
921 921 1024 962 Plut.
1052 921 1216 962 Eumen.
1244 935 1280 974 p.
1305 922 1496 972 588.1).,
1524 925 1568 964 in

101 979 238 1031 praelii
257 979 340 1018 eIus
360 977 624 1029 descriptione
643 978 870 1046 dilig>entius
888 985 1058 1021 versato.
1091 978 1229 1018 WEss.

216 1035 323 1074 288.
355 1035 427 1074 87.
455 1031 543 1074 Διὰ
563 1033 609 1075 δὲ
626 1031 703 1086 τὴν
722 1030 928 1074 ἀπώλειαν
950 1056 998 1064 —--
1022 1031 1097 1075 οὐκ
1118 1031 1356 1086 ἀθυμῆσαι]
1386 1034 1571 1075 Exterito

102 1091 334 1139 particulam
351 1098 569 1159 negantem,
593 1092 658 1131 vel
678 1092 836 1128 scribito
862 1088 936 1132 οὐκ
959 1088 1210 1144 εὖθυμῆσαι.
1234 1089 1374 1129 Rflon.
1414 1089 1500 1133 Διὰ
1523 1091 1571 1133 δὲ

101 1143 179 1197 τὴν
209 1142 415 1188 ἀπώλειαν
440 1149 514 1198 τῆς
536 1145 768 1200 ἀποσκευῆς
789 1144 1038 1199 ἀθυμῆσαι]
1072 1148 1187 1188 Prius
1207 1150 1423 1187 consultius
1443 1156 1502 1185 est
1519 1149 1569 1189 ob

102 1205 334 1254 scriptorum
358 1201 478 1241 Codd.
499 1204 781 1245 adsensionem.
819 1203 1051 1244 Plutarchus
1072 1202 1171 1242 nihil
1191 1203 1262 1243 hac
1283 1204 1329 1242 de
1346 1218 1401 1242 re.
1430 1205 1568 1248 VVEss.

217 1261 326 1303 288.
358 1260 433 1300 93.
454 1257 507 1299 ..O
528 1275 856 1313 προσηγορευετο
877 1261 1028 1313 Νῶρα]
1057 1259 1262 1312 Phrygiae
1283 1262 1489 1301 castellum
1511 1262 1571 1300 di·-

103 1316 203 1353 citur
222 1329 244 1356 a
262 1315 411 1365 Nepote
431 1330 463 1353 c.
488 1317 528 1356 5.
560 1316 700 1356 Melius
722 1315 933 1354 Plutarcho
950 1315 1106 1369 χωρίον
1129 1315 1171 1357 ἐν
1189 1317 1378 1371 μεθορίῳ
1393 1318 1573 1358 Λυκαο-

102 1386 194 1418 νιας
213 1371 281 1411 καὶ
300 1371 620 1420 Καππαδοκίας.
647 1373 707 1410 lbi
728 1375 831 1410 enim
852 1372 1185 1424 Sargarausenz'
1175 1387 1218 1413 ln
1239 1385 1312 1422 qua
1335 1374 1463 1423 Nora,
1480 1388 1572 1425 pro-

101 1441 239 1526 gpessu
260 1430 446 1482 temporis
468 1428 694 1472 Neorassus
716 1430 910 1485 adpellata
935 1430 1037 1483 apud.
1065 1428 1196 1474 Strab
1220 1430 1312 1471 XII.
1333 1443 1371 1483 p
1395 1434 1502 1474 812.
1521 1431 1569 1472 A

101 1485 127 1524 ἶ
157 1495 225 1522 Ess

216 1543 326 1585 288.
355 1543 397 1582 6.
429 1539 538 1594 Περὶ
559 1537 840 1594 ἑξακοσίους]
852 1540 1085 1581 Plutarchus
1108 1543 1257 1593 equites
1279 1544 1513 1595 quingentos
1533 1550 1572 1583 et

102 1599 486 1649 graviS*arniaturae
515 1599 726 1646 ducentos,
759 1612 779 1636 e
810 1599 948 1648 quibus
977 1600 1100 1647 aliqui
1132 1600 1366 1637 concedente
1397 1600 1571 1641 Eumene

101 1656 286 1697 aliorsum
305 1655 494 1704 abierint,
525 1662 771 1696 annumerata
800 1657 887 1695 leve
916 1668 1010 1706 ergo
1030 1656 1072 1693 id
1093 1656 1299 1696 discrimen
1318 1663 1390 1697 est.
1432 1657 1483 1695 At
1503 1670 1572 1695 au-

103 1720 188 1750 ctor
201 1713 365 1760 ipsemet
392 1711 508 1752 huius
526 1713 595 1753 lib
624 1725 706 1761 cap.
731 1712 803 1753 53
832 1714 937 1752 intra
959 1712 1154 1753 obsessam
1182 1726 1309 1752 arcem
1337 1713 1572 1764 quingentos

105 1768 294 1807 duntaxat
313 1770 524 1806 amicorum
551 1768 737 1809 Eumenis
765 1769 887 1808 fuisse
908 1769 987 1814 ait,
1017 1779 1114 1818 quae
1141 1769 1297 1819 quidem
1318 1770 1489 1820 faciunt,
1521 1782 1571 1808 ne

103 1827 275 1864 numeris
293 1827 379 1863 istis
402 1826 647 1865 strictissime
666 1823 899 1865 inhaeream.
929 1824 1066 1864 WVEss

217 1881 326 1924 289.
353 1882 427 1920 22
463 1877 706 1929 ΖΙἸείζονας’
690 1895 774 1934 ητει
795 1878 1119 1934 φιλατθρωπίας
1132 1877 1228 1934 etc.]
1257 1880 1459 1920 Uberior·
1448 1895 1489 1920 m
1510 1881 1573 1922 his

104 1936 345 1985 exponendis
368 1936 598 1978 Plutarchus
628 1944 709 1985 est,
738 1948 852 1990 quem
880 1939 984 1976 vitae
1013 1937 1177 1978 Eumen.
1207 1950 1244 1991 p.
1267 1939 1373 1981 589.
1405 1937 1446 1976 C.
1478 1953 1575 1978 eon-

105 1996 202 2034 sule.
236 1989 374 2034 WEss

126 2092 128 2094 ,
217 2051 327 2092 289
352 2051 428 2090 27.
459 2045 713 2102 ’Ὼυμησεν’
695 2047 760 2094 επὶ
787 2045 888 2098 τοὺς
907 2047 1242 2105 πορευομένους]
1281 2048 1505 2091 Restitue'
1486 2067 1574 2093 επι-

104 2104 421 2160 πορευομένοις.
444 2104 581 2144 ΒΗοῡ.

217 2164 326 2203 289
349 2163 423 2202 33.
447 2155 735 2214 Ἱερώνυμοςε
716 2178 737 2202 ο
757 2157 833 2208 τὰς
851 2163 937 2203 τῶν
959 2157 1202 2213 διαδόχων(
1189 2178 1320 2216 ιστορ.
1337 2162 1573 2219 γεγραφώς]

104 2217 164 2257 De
175 2219 308 2258 eodem
318 2218 557 2269 Hieronymo
570 2218 760 2259 Cardiano
773 2218 1031 2286 Eumenisque
1043 2221 1220 2271 populari
1230 2222 1393 2260 inferius
1404 2235 1485 2272 cap.
1501 2223 1574 2262 50.

107 2282 145 2319 et
163 2275 277 2317 XIX.
297 2276 374 2316 44.
404 2275 506 2317 'lum
532 2276 625 2328 περὶ
650 2277 736 2314 ’τῶν
755 2271 963 2326 διαδόχων
988 2277 1031 2312 ὶη
1051 2283 1131 2314 not.
1152 2277 1199 2313 ad
1222 2276 1264 2315 L.
1286 2277 1314 2317 l.
1335 2279 1377 2318 3.
1408 2277 1577 2328 Scripsit

107 2339 146 2369 et
167 2329 242 2379 τὰς
271 2335 355 2371 τῶν
379 2327 587 2383 ὁιαὸόχων
607 2328 774 2383 πράξεις
793 2331 1102 2382 Agatharchides
1130 2331 1314 2385 Cnidius,
1347 2335 1394 2372 de
1415 2346 1492 2385 quo
1512 2335 1578 2374 lo·

109 2388 248 2440 sephus
271 2389 404 2436 Antiq.
425 2388 508 2426 lud
530 2387 817 2429 L-X11.1.1.
847 2388 981 2429 wass.

221 2446 331 2486 289.
358 2446 432 2485 34.
465 2443 600 2492 Ουτος
619 2442 664 2485 δὲ
684 2446 860 2496 πολλαῖς
874 2452 947 2485 etc.
951 2446 967 2496 ]
997 2443 1134 2483 Scribe
1156 2440 1295 2492 αὐτός.
1323 2444 1383 2484 De
1402 2444 1577 2485 Eumene

110 2503 213 2540 enim
231 2514 355 2539 sermo
379 2509 460 2552 est,
491 2514 571 2542 non
594 2501 641 2539 de
667 2500 934 2555 Hieronymo,
963 2504 1074 2543 cuius
1098 2503 1226 2544 obiter
1255 2503 1318 2541 hie
1346 2506 1492 2541 mentio
1513 2505 1576 2541 in-

110 2560 263 2596 seritur.
294 2558 429 2595 Rflon.

224 2616 333 2656 289,
361 2615 435 2655 38.
463 2610 597 2653 Κενδν
617 2609 788 2663 ἔχοντας
807 2610 854 2653 τὸ
877 2616 960 2666 τῆς
968 2612 1186 2666 βασιλείας
1204 2610 1445 2667 πρόσχημα]
1464 2613 1579 2653 conf.

114 2671 171 2709 111.
187 2669 396 2720 Spanhem.
419 2670 467 2708 ad
482 2670 618 2708 luliani
633 2668 783 2709 Caesar.
803 2672 845 2711 in
866 2678 991 2711 notar.
1008 2669 1306 2739 conprobation.
1325 2685 1360 2721 p.
1376 2672 1448 2711 33.
1473 2678 1510 2708 et
1527 2669 1577 2708 ad

115 2727 358 2778 Aristophan.
391 2726 489 2767 Ran.
519 2739 557 2766 v.
582 2727 688 2767 944
727 2725 838 2764 Solet
857 2734 993 2766 auc-tor
1022 2723 1248 2781 πρόσχημα
1269 2725 1483 2778 βασιλείας
1505 2740 1577 2764 no-

114 2797 202 2821 men
234 2785 538 2836 dignitatemque
565 2785 711 2834 regiam
739 2783 953 2834 adpellare·
983 2797 1073 2822 nam
1098 2785 1140 2822 in
1167 2784 1350 2832 Excerpt.
1378 2783 1504 2820 Vales.
1536 2795 1575 2832 p.

117 2842 224 2881 313
254 2837 275 2881 ὅ
294 2839 501 2891 Ἀντίοχος
522 2837 572 2878 ἀι
576 2852 627 2892 ηρ
648 2834 779 2893 ἐσάπη
802 2837 1088 2894 πραγματικὰς
1107 2838 1176 2880 καὶ
1197 2841 1271 2880 τοῦ
1299 2838 1422 2880 ΠΡΟ
1430 2838 1580 2879 ΣΧΗ-
