1891 3310
418 226 703 260 OECONOMIA
733 224 1000 258 111sTOR1AE
1039 226 1259 262 DlODORI.
1385 233 1548 267 CXLVII

83 327 192 370 1olen
217 326 336 373 petit,
369 323 506 368 Euryti
535 321 666 357 filiam.
721 319 778 356 Ob
804 327 996 368 acceptam
1027 324 1239 369 repulsam,
1274 326 1408 372 Euryti
1429 333 1548 375 patris

83 394 201 429 equas
228 382 328 415 furto
355 381 486 424 abig.t.
547 378 715 422 Iphitus,
751 381 886 425 Euryti
908 380 960 413 til.
990 384 1177 425 raptorem
1206 386 1464 428 persequitur,
1498 388 1545 423 de

78 442 176 473 turri
201 439 248 472 ab
277 449 322 472 eo
339 437 623 483 praecipitatur.
670 437 907 482 Expiationis
931 448 1045 472 causa
1061 439 1249 472 Hercules
1269 441 1305 472 in
1320 445 1542 478 servitutem

80 498 244 531 traditur
267 495 497 541 Omphalae,
528 493 731 527 Maeonum
758 496 935 539 reginae,
965 497 1070 529 cuius
1094 506 1250 540 regnum
1273 508 1293 529 a
1313 499 1541 544 Cerropibus

79 554 242 599 aliisque
260 553 470 587 latronibus
489 551 638 585 liberat.
684 551 741 585 Ita
762 552 841 594 ipse
859 552 1072 585 libertatem
1092 556 1129 586 et
1151 556 1305 597 reginae
1326 558 1541 601 coniugium

77 613 334 656 consequitur.
368 611 456 655 Cap.
475 611 532 646 31.
578 608 672 642 Post
689 609 725 640 in
743 607 1043 652 Peloponnesum
1061 610 1177 650 redit,
1215 612 1371 645 iniurias
1398 615 1485 648 olim
1515 628 1538 651 a.

77 667 364 709 Laomedonte,
396 677 488 711 rege
515 667 597 707 Ilii,
630 665 757 697 illatas
780 665 940 699 ulturus.
987 661 1155 700 Navibus
1175 668 1329 702 Troiam
1353 673 1465 712 petit,
1499 674 1538 706 in

72 725 221 770 proelio
240 724 540 759 Laomedontem
560 722 716 763 occidit,
741 726 779 755 et
794 733 911 766 regno
930 724 1091 766 potitur,
1124 724 1222 767 quod
1243 724 1390 760 Priamo
1409 730 1537 766 tradit.

76 783 166 826 Cap.
191 785 248 820 32.
296 783 487 817 Reversus
512 783 551 814 in
579 780 879 824 Peloponnesum
902 780 1042 813 bellum
1068 788 1200 814 contra
1219 783 1384 826 Augeam
1413 795 1489 818 mox
1502 795 1541 820 et

76 839 124 872 ob
154 844 366 873 recusatam
394 839 620 873 mercedem.
678 837 731 870 Re
759 837 899 870 infecta
919 838 1077 870 Olenum
1096 838 1142 870 ad
1163 838 1423 874 Dexamenum
1445 844 1537 886 abit,

76 900 118 930 et
145 898 182 930 in
202 898 435 942 Hippolytae
465 897 604 941 nuptiis
625 895 895 939 Eurytionem,
931 895 1180 936 Centaurum,
1205 897 1425 941 obtruncat;
1451 900 1537 935 hinc

71 953 300 998 'l'irynthem
319 955 366 987 ad
385 953 641 998 Eurystheum
662 963 703 985 se
722 952 857 994 recipit
870 978 878 990 ,
912 951 978 983 sed
995 952 1215 986 insidiarum
1237 959 1339 988 metu
1361 967 1435 990 una
1452 969 1535 992 cum

70 1015 194 1045 matre
217 1013 255 1044 in
283 1012 456 1045 exsilium
482 1011 611 1054 pulsus
631 1009 822 1043 Pheneum
842 1009 879 1040 in
898 1009 1058 1041 Arcadia
1078 1010 1185 1053 fugit.
1231 1012 1324 1053 llic,
1357 1024 1446 1048 usus
1473 1028 1536 1060 op-

69 1070 305 1113 portunitate
318 1093 328 1110 ,
350 1069 531 1112 impetum
550 1066 642 1100 facit
659 1068 695 1099 in
712 1066 897 1109 Eurytum
911 1090 920 1107 ‚
952 1067 1105 1110 Augeae
1124 1068 1259 1110 filium,
1292 1068 1389 1103 hunc
1408 1076 1447 1105 et
1463 1074 1536 1107 Au·

70 1135 183 1170 geam
211 1127 331 1171 ipsum
358 1126 515 1166 occidit,
544 1124 692 1157 Elidem
712 1123 842 1156 urbem
866 1127 904 1155 et
920 1133 1077 1167 regnum
1098 1123 1242 1169 Phyleo
1264 1127 1389 1161 tradit.
1434 1130 1536 1174 Tyn-

70 1183 250 1225 dareum,
281 1182 417 1228 Sparta
443 1183 662 1226 expulsum,
701 1181 901 1213 commissa
928 1190 1073 1230 pugna,
1104 1184 1140 1215 in
1169 1194 1325 1228 regnum
1352 1187 1533 1225 restituit,

69 1239 112 1273 ln
133 1240 293 1273 Arcadia
314 1242 395 1273 eius
413 1239 512 1272 furto
530 1248 748 1282 compressa
764 1238 888 1281 Auge,
920 1240 1022 1281 regis
1043 1239 1142 1280 filia,
1174 1241 1254 1285 ipse
1273 1240 1535 1285 Stymphalum

70 1296 261 1340 confugit3
283 1298 395 1341 'Auge
412 1297 612 1330 abducitur
627 1297 720 1328 mari
738 1295 1036 1338 submergenda,
1074 1298 1111 1329 in
1131 1298 1190 1329 via
1209 1300 1309 1341 parit
1323 1298 1460 1341 filium,
1493 1304 1532 1336 in

70 1350 278 1388 Parthenio
304 1359 430 1388 monte
457 1354 650 1394 relictum3
692 1341 956 1394 servata'ipsa
983 1353 1140 1387 Caribus
1167 1355 1265 1388 dono
1290 1359 1531 1399 permittitur.

68 1410 201 1444 Infans
219 1421 241 1444 a
259 1411 475 1455 pastoribus
494 1410 675 1443 educatus
692 1407 852 1452 Telephi
872 1410 1041 1451 nomine,
1073 1421 1155 1444 cum
1173 1413 1422 1456 adolevisset,
1457 1427 1533 1450 ma-

68 1472 166 1503 trem
184 1469 285 1514 apud
299 1467 596 1509 Teuthrantem,
619 1466 770 1510 Mysiae
790 1476 943 1510 regem,
970 1469 1124 1511 reperit,
1173 1469 1261 1513 Cap.
1280 1474 1336 1509 33,

163 1569 312 1604 Relicta
341 1569 628 1614 Peloponneso,
675 1568 864 1602 Hercules
894 1568 1145 1613 Calydonem,
1188 1571 1360 1606 Aetoliae
1384 1574 1529 1617 urbem,

66 1627 198 1661 sedem
224 1627 334 1669 facit,
370 1632 409 1661 et
434 1627 679 1668 Deianiram,
711 1627 830 1660 Oenei
856 1625 993 1667 filiam,
1037 1628 1277 1661 matrimonio
1301 1629 1370 1662 sibi
1395 1633 1530 1676 iungit.

67 1685 288 1729 Meleager,
321 1686 403 1718 eius
433 1684 573 1726 frater,
607 1688 684 1717 tum
715 1684 924 1717 exstinctus
948 1687 1042 1715 erat.
1094 1684 1224 1728 ltaque
1241 1696 1308 1729 per
1324 1687 1533 1731 digressio-

67 1753 153 1776 nem
185 1743 265 1785 apri
291 1742 489 1786 Calydonii
517 1742 564 1774 ab
590 1752 634 1775 eo
663 1740 802 1774 confixi
828 1739 1024 1773 historiam
1055 1745 1093 1773 et
1116 1741 1303 1785 Meleagri
1334 1745 1529 1780 interitum

65 1805 208 1834 narrat.
256 1801 431 1833 Ceterum
450 1799 636 1833 Hercules
655 1799 701 1832 de
720 1797 1011 1840 Calydoniorum
1032 1807 1124 1841 agro
1144 1797 1240 1832 bene
1264 1806 1403 1841 meret,
1429 1802 1529 1838 facto

64 1868 164 1891 novo
189 1856 342 1891 Acheloi
369 1857 500 1898 alve03
536 1856 635 1889 unde
656 1860 740 1888 orta
759 1855 887 1907 fabula
908 1856 954 1888 de
973 1854 1194 1888 Amaltheae
1215 1866 1341 1892 cornu.
1372 1860 1460 1903 Cap.
1475 1860 1530 1899 34.

66 1916 124 1951 35.
171 1914 214 1947 In
230 1915 332 1948 bello
351 1925 432 1947 cum
445 1913 670 1957 Thesprotis
688 1912 875 1946 Hercules
894 1912 1187 1956 Calydoniorum
1207 1915 1350 1956 socius3
1374 1916 1530 1960 Ephyra

64 1975 196 2016 capta,
223 1977 261 2006 et
278 1982 370 2016 rege
391 1970 535 2014 Phyleo
563 1971 709 2010 occiso,
739 1979 759 2002 e
784 1970 886 2013 regis
905 1969 983 2002 filia
1001 1971 1148 2013 captiva
1166 1971 1429 2014 Tlepolemum
1449 1985 1529 2008 sus-

68 2031 171 2074 cipit.
216 2029 309 2062 Mox
336 2029 382 2062 ob
407 2029 665 2071 Eurynomum
685 2037 757 2060 non
785 2027 955 2060 consulto
983 2028 1228 2060 interemtum
1246 2040 1326 2062 eum
1346 2030 1530 2065 Deianira

66 2086 226 2131 aufugit.
274 2085 419 2119 Nessus
445 2086 656 2118 Centaurus
675 2083 771 2118 hanc
788 2095 855 2128 per
872 2084 1009 2118 flumen
1035 2086 1203 2119 Evenum
1229 2091 1406 2129 portans,
1439 2088 1528 2121 dum

63 2146 202 2178 vitiare
228 2144 346 2188 eupit,
377 2143 520 2186 sagitta
544 2141 794 2186 transfigitur.
854 2141 1036 2175 l'hiltrum
1070 2143 1116 2175 ab
1142 2153 1187 2176 eo
1214 2142 1419 2176 Deianirae
1445 2145 1531 2177 reli-

65 2206 178 2236 ctum.
223 2201 329 2244 Apud
355 2201 541 2243 Ceycem,
579 2198 808 2232 Trachiniae
834 2208 985 2242 regem,
1025 2205 1315 2234 commorantur.
1357 2201 1445 2243 Cap.
1471 2203 1527 2237 36,

65 2257 159 2292 Post
175 2258 317 2291 oraculi
336 2258 509 2302 Delphici
525 2258 685 2299 vindex,
710 2255 933 2300 Phylantem
947 2281 956 2297 ‚
985 2257 1180 2300 Dryopum
1201 2267 1352 2300 regem,
1379 2257 1529 2299 occidit,

64 2315 243 2359 Dryopes
260 2315 412 2348 sedibus
433 2310 601 2360 expellit.
637 2315 769 2348 Obiter
787 2314 964 2347 Herculis
983 2314 1092 2347 liberi
1112 2318 1372 2347 recensentur.
1407 2314 1529 2358 Dryo-

63 2382 151 2417 pum
173 2381 291 2405 novae
311 2372 422 2405 sedes
445 2378 484 2405 et
502 2360 562 2405 res
581 2377 727 2416 gestae.
779 2371 942 2404 Suborto
968 2371 1055 2405 dein
1081 2371 1182 2405 bello
1204 2373 1303 2405 inter
1320 2371 1529 2404 Dorienses

66 2434 105 2462 et
118 2427 314 2472 Lapithas,
339 2430 526 2463 Hercules
543 2430 618 2462 illis
637 2429 778 2462 auxilio
799 2434 870 2470 est,
891 2434 928 2462 et
948 2427 1015 2462 hos
1035 2429 1188 2462 sedibus
1209 2429 1322 2461 eiicit.
1356 2429 1528 2472 Cygnum

66 2487 271 2520 certamine
297 2487 435 2519 victum
461 2487 609 2519 occidit,
658 2487 827 2519 Ormenii
854 2497 1002 2530 regem,
1043 2486 1090 2519 ob
1126 2489 1337 2519 recusatam
1370 2486 1529 2528 Astyria-

64 2545 178 2577 miam
204 2542 257 2576 fil.
280 2543 382 2577 bello
408 2542 569 2587 subigit,
603 2545 642 2576 et
667 2554 712 2577 ex
740 2543 810 2576 hac
836 2544 1051 2587 Ctesippum
1071 2543 1249 2585 suscipit;
1279 2541 1384 2575 Iolen
1413 2543 1525 2574 etiam

64 2603 185 2645 rapit,
218 2602 352 2634 occisis
384 2600 577 2634 fratribus.
618 2601 705 2645 Cap.
726 2604 782 2638 37.
827 2600 886 2633 De
908 2599 978 2633 hoc
994 2610 1121 2632 aniore
1139 2599 1279 2632 certior
1297 2598 1395 2631 facta
1418 2600 1529 2633 Deia-

65 2660 169 2700 nira,
199 2658 378 2693 Herculis
396 2662 525 2691 vestes
545 2656 683 2701 philtro
704 2658 882 2691 Centauri
901 2657 1022 2701 tingit¹
1072 2655 1231 2689 Secutus
1253 2655 1428 2688 Herculis
1453 2655 1529 2688 exi-

64 2716 166 2749 tialis
189 2716 354 2753 morbus.
400 2715 493 2749 Eius
514 2725 629 2760 rogus
648 2716 688 2749 in
708 2715 817 2752 Oeta.
863 2714 953 2760 Cap,
971 2717 1027 2752 38.
1072 2712 1251 2748 Herculis
1279 2713 1527 2746 consecratio.

64 2772 154 2818 Cap.
169 2773 225 2811 39,

1095 2837 1117 2868 k
1137 2839 1157 2870 <2
