1859 3326
300 165 331 195 1.
821 160 1149 194 EXCERPTA

301 262 340 294 in
364 259 462 294 hunc
484 267 621 293 annum
648 257 948 303 Olympiadicum
974 258 1157 300 incidere,
1187 256 1226 291 id
1253 260 1323 299 est,
1347 257 1566 292 immediate
1591 258 1626 292 ei
1646 267 1752 302 prae-

299 320 356 352 ire
377 317 563 358 dicuntur,
586 321 816 350 concernunt
834 326 970 349 annum
986 317 1116 349 stricte
1135 314 1266 348 itidem
1286 319 1538 358 computatum
1558 315 1754 349 Dcxcni·

301 376 409 409 Bene
435 385 526 419 ergo
551 373 666 407 habet
689 373 900 414 Diodorus,
944 384 1027 406 nam
1055 374 1093 405 in
1121 371 1192 406 'noc
1217 383 1314 406 anno
1339 383 1429 406 vere
1454 375 1612 417 primum
1639 373 1753 406 incla—

302 434 381 468 ruit
409 433 526 465 Iulius
561 433 701 465 Caesar
734 432 853 475 gestis
885 430 1032 464 bellicis
1064 430 1263 474 gloriosis3
1305 440 1352 463 ex
1384 430 1570 463 Praetura
1603 430 1756 463 Urbana

302 495 393 524 tune
416 489 636 523 ulteriorem
662 489 880 532 Hispaniam
909 498 975 520 seu
999 486 1235 520 Lusitaniam
1262 491 1393 520 nactus
1418 488 1671 531 provinciam,
1697 488 1756 535 ινὶ-

305 550 375 581 ctis
404 551 441 580 et
466 546 513 580 ad
541 547 731 579 Oceanum
756 554 875 589 usque
898 543 1120 588 perdomitis
1144 543 1360 587 Lusitanis,
1389 543 1568 588 triumphi
1591 544 1754 578 honores

304 605 464 638 meritus
489 607 588 643 erat,
618 613 711 648 quos
735 607 876 642 autem,
901 605 943 634 ut
967 601 1025 634 sui
1049 601 1087 634 in
1112 601 1331 634 consulatus
1354 611 1421 645 pro
1446 613 1544 636 anno
1570 605 1754 647 sequente

301 660 498 695 Dcxclv.
531 662 714 705 petitione
746 660 845 693 ratio
876 656 1010 691 haberi
1042 662 1192 701 posset,
1233 660 1378 699 omisit,
1423 669 1636 704 quanquam
1671 660 1754 703 ipso

303 721 417 754 etiam
445 718 648 752 Consulatu
673 716 837 750 factione
861 715 1165 749 adversariorum
1194 714 1397 757 frustratus
1422 716 1549 751 fuerit.

288 818 291 820 v
396 775 596 809 CXXXllI.
630 774 689 807 Ex
723 774 856 808 eodem
888 774 1098 817 supposito,
1138 773 1224 806 anni
1258 773 1507 821 Olympiadici
1541 770 1755 808 DCCXXX.

301 834 342 867 in
365 833 499 876 regula
525 832 639 864 tertia
662 832 811 873 traditi,
841 832 1033 865 continent
1054 830 1303 874 Olympiades
1328 831 1548 865 CLXXXll.
1571 832 1755 874 integras,

304 895 343 924 et
367 891 520 934 insuper
545 889 639 923 duos
662 899 782 923 annos
806 888 1040 933 Olympiadis
1066 888 1300 922 CLXXXIII.
1344 891 1472 924 Annus
1495 888 1603 922 huius
1626 888 1754 931 Olym·

300 946 423 991 piadis
459 946 645 980 secundus
680 948 765 980 iniit
793 947 831 980 in
862 947 902 980 A.
934 946 980 982 V.
1016 947 1054 979 C.
1088 946 1326 981 Varroniano
1369 947 1499 980 stricte
1537 948 1753 989 computato

299 1004 463 1037 DCC111.
487 1002 699 1037 inchoante.
747 1004 849 1038 Bene
875 1005 1002 1049 itaque
1028 1006 1165 1038 iterum
1191 1003 1305 1038 habet
1329 1003 1540 1045 Diodorus,
1576 1003 1752 1048 quoniam

296 1062 397 1096 liber
424 1066 579 1094 octavus
603 1061 710 1094 libris
736 1067 880 1106 septem
908 1064 992 1096 Iulii
1017 1062 1193 1097 Caesaris
1218 1061 1265 1095 de
1291 1062 1391 1095 bello
1417 1061 1562 1094 Gallico
1588 1060 1753 1100 additus,

299 1120 381 1152 sive
407 1118 438 1151 is
464 1119 602 1159 Hirtii,
641 1119 721 1152 sive
747 1120 856 1163 Oppii
881 1121 948 1161 sit,
990 1120 1100 1154 testis
1125 1123 1203 1160 est,
1234 1118 1446 1151 confectum
1472 1118 1613 1151 bellum
1640 1117 1755 1150 Galli-

300 1186 383 1209 cum
417 1186 438 1208 a
470 1175 563 1207 lulio
595 1177 779 1218 Caesare,
823 1180 861 1210 et
887 1178 1029 1210 Gallias
1057 1183 1211 1220 pacatas
1237 1186 1322 1209 esse
1348 1186 1445 1209 anno
1472 1176 1515 1211 V.
1550 1177 1588 1209 (J.
1622 1176 1752 1208 stricte

300 1238 514 1276 computato
537 1232 692 1265 DCCllI.
712 1233 760 1266 ad
779 1232 891 1267 finem
913 1238 1107 1278 vergente,
1138 1234 1332 1278 nullasque
1353 1243 1420 1276 per
1438 1244 1574 1265 annum
1595 1232 1753 1272 DCClV.

298 1290 448 1323 Galiiae
475 1300 705 1334 magnopere
731 1302 792 1325 res
816 1295 946 1336 gestas
970 1290 1101 1324 fuisse.
1150 1291 1199 1324 Et
1224 1291 1314 1325 licet
1339 1301 1436 1324 anno
1463 1290 1509 1327 V,
1531 1291 1569 1324 C.
1588 1289 1749 1324 DCCIV.

299 1349 407 1393 quasi
435 1357 482 1380 ex*
506 1348 700 1390 scintillis,
727 1354 851 1383 motus
877 1349 1043 1393 quidam,
1072 1350 1273 1392 praecipue
1298 1359 1321 1382 a
1345 1348 1662 1387 Massiliensibus,
1689 1357 1751 1380 ex-

298 1406 405 1438 citati
432 1404 592 1445 fuerint,
628 1409 665 1438 et
689 1405 736 1438 ad
764 1416 830 1439 eos
858 1406 1157 1450 comprimendos
1183 1408 1373 1440 exercitus
1397 1407 1571 1439 Caesaris
1596 1406 1750 1438 ductore

298 1463 340 1496 C.
365 1462 556 1495 Trebonio
583 1461 752 1496 adhiberi
778 1463 963 1504 debuerit,
992 1463 1130 1496 bellum
1157 1468 1285 1497 tamen
1310 1463 1493 1497 Gallicum
1518 1463 1752 1507 generaliter

296 1530 373 1552 non
399 1519 604 1560 recruduit,
633 1519 701 1553 sed
727 1521 820 1553 illud
845 1523 884 1554 A.
909 1520 1070 1556 DCClll.
1097 1522 1329 1554 exantlatum
1357 1525 1460 1554 recte
1489 1521 1561 1553 (liei
1588 1522 1749 1564 poterat.

296 1576 456 1621 Scripsit
484 1587 574 1621 ergo
599 1576 789 1611 Diodorus
817 1589 934 1623 usque
959 1578 1007 1611 ad
1033 1589 1169 1612 annum
1202 1579 1379 1620 DCCW„
1421 1583 1459 1613 et
1493 1580 1574 1612 eius
1608 1577 1750 1610 metho-

297 1635 368 1668 dus
396 1636 432 1667 in
457 1634 716 1668 distribuendo
743 1640 911 1680 tempore
938 1637 1200 1680 Olympiadico
1226 1641 1265 1670 et
1290 1636 1511 1681 applicando
1537 1636 1585 1668 ad
1614 1636 1749 1668 Varro-

294 1693 447 1725 nianam
467 1691 755 1736 Chronologiam
783 1705 829 1727 e·x
854 1695 987 1739 regula
1012 1695 1178 1728 secunda
1205 1699 1244 1728 et
1268 1696 1382 1727 tertia
1403 1705 1443 1727 se
1468 1694 1659 1737 patefecit,
1685 1693 1749 1726 ubi

294 1754 425 1783 autem
457 1751 566 1782 annis
599 1753 731 1794 captae
764 1752 904 1787 Troiae
937 1753 1076 1795 utitur,
1120 1752 1255 1797 regula
1287 1753 1408 1796 prima
1442 1756 1590 1796 tempus
1624 1751 1750 1785 mode·

294 1812 414 1842 ratur.

390 1863 588 1900 cxxxiv.
616 1863 761 1910 Regula
784 1865 910 1908 tertia,
939 1872 1117 1914 tanquam
1145 1867 1232 1901 falsi
1257 1871 1453 1912 suspecta,
1486 1878 1508 1901 a
1530 1867 1749 1901 recentiori-

295 1921 366 1955 bus
389 1921 664 1967 Chronologiae
689 1925 961 1967 interpretibus
986 1928 1206 1971 plerumque
1233 1927 1522 1965 transmittitur,
1562 1930 1600 1959 et
1632 1925 1749 1969 negli-

296 1981 418 2024 gitur,
454 1980 500 2013 ob
526 1980 734 2022 Graecum,
770 1986 811 2014 ut
837 1982 1009 2025 videtur,
1045 1988 1211 2017 textum:
1256 1985 1306 2021 εἰς’
1324 1983 1388 2027 τὴν
1411 1982 1515 2029 ἀρχὴν
1537 1984 1599 2017 τοῦ
1619 1983 1749 2016 Κελτι-

294 2035 359 2069 κοῦ
380 2038 544 2081 πολεζιισυ,
570 2039 630 2081 qui
657 2040 905 2074 communiter
930 2044 983 2074 sic
1008 2042 1186 2074 vertitur:
1224 2052 1332 2084 usque
1359 2041 1407 2073 ad
1427 2039 1651 2084 principium
1673 2038 1748 2071 Cel-

295 2091 360 2125 tici
385 2092 474 2125 belli.
521 2095 722 2138 Expeditio
745 2098 866 2140 prima
889 2098 972 2131 Iulii
1001 2099 1174 2133 Caesaris
1200 2098 1346 2131 Gallica
1369 2102 1466 2131 teste
1491 2099 1672 2141 ipsomet,
1700 2097 1746 2131 de

295 2149 398 2183 bello
423 2150 521 2184 Gall.
550 2152 613 2185 lib.
638 2154 668 2189 Ι,
692 2155 851 2197 contigit
875 2155 919 2188 L.
944 2156 1103 2196 Pisone,
1145 2159 1183 2188 et
1214 2157 1252 2190 Α.
1289 2154 1450 2188 Gabinio
1484 2157 1586 2188 Coss.
1619 2157 1746 2199 itaque

295 2217 395 2241 anno
419 2209 523 2241 urbis
549 2211 722 2244 conditae
754 2210 946 2246 Dcxcvl.
982 2217 1137 2245 causata
1169 2216 1294 2245 autem
1328 2217 1387 2245 est
1419 2223 1465 2246 ex
1493 2214 1746 2256 praecedente

295 2265 575 2309 conspiratione
602 2269 840 2312 Orgetorigis
866 2268 1129 2302 Helvetiorum
1156 2270 1335 2312 principis
1359 2270 1407 2304 M.
1423 2270 1602 2313 Messala,
1630 2276 1668 2304 et
1693 2272 1746 2305 Μ.

293 2321 433 2356 Pisone
466 2325 570 2357 Coss.
598 2326 639 2358 A.
671 2326 714 2359 V.
742 2327 780 2359 C.
805 2326 1002 2360 DCXCllI.
1049 2326 1194 2359 Neuter
1226 2325 1357 2359 horum
1396 2338 1578 2361 annorum
1613 2329 1747 2362 combi-

293 2380 378 2412 nari
403 2385 529 2423 potest
553 2392 636 2414 cum
662 2392 760 2417 anno
787 2384 1047 2428 Olympiadico
1076 2384 1298 2425 Dccxxx„
1326 2394 1434 2428 quem
1456 2385 1646 2418 Diodorus
1665 2397 1746 2429 pro-

293 2437 369 2469 fine
404 2447 497 2471 suae
535 2436 715 2473 historiae
750 2440 851 2473 facit.
917 2442 984 2474 Ast
1017 2452 1169 2474 sensum
1204 2443 1407 2486 genuinum
1442 2442 1521 2484 ipse
1557 2443 1745 2476 Diodorus

290 2493 356 2529 lib.
380 2495 424 2528 V.
452 2496 514 2531 22.
542 2497 581 2528 in
606 2496 858 2541 descriptione
883 2498 1034 2531 Insulae
1062 2500 1304 2532 Britannicae
1329 2500 1383 2531 sic
1416 2499 1592 2542 explicat:
1625 2499 1675 2532 At
1704 2500 1744 2532 de

291 2549 462 2585 institutis
495 2551 622 2585 horum
656 2554 805 2597 aliisque
832 2554 1066 2598 peculiariter
1099 2555 1182 2590 lcuic
1213 2556 1352 2589 insulae
1377 2556 1554 2589 adiunctis
1577 2557 1743 2590 tractabi-

292 2618 370 2641 mus
395 2609 590 2653 speciatim,
615 2612 756 2654 quaudo
785 2613 833 2645 ad
855 2610 1021 2645 Caesaris
1045 2612 1082 2645 in
1099 2612 1333 2646 Britanniam
1357 2613 1608 2657 expeditionem
1630 2613 1745 2659 fuerit

285 2673 495 2710 perventum
523 2673 586 2701 etc.
638 2669 695 2701 En
732 2671 989 2703 testimonium
1019 2669 1178 2704 Diodori
1212 2671 1374 2712 clarum,
1416 2671 1514 2715 quod
1546 2670 1740 2705 historiam

290 2732 364 2755 non
398 2734 480 2756 cum
513 2725 620 2758 initio
651 2724 743 2759 belli
776 2725 910 2759 Gallici
945 2725 1072 2769 finiat,
1113 2730 1287 2773 quoniam
1315 2739 1362 2761 ex
1382 2728 1477 2762 lulio
1504 2729 1667 2762 Caesare
1693 2730 1739 2763 de

289 2778 385 2814 Bell.
411 2780 507 2815 Gall.
530 2782 594 2816 lib.
615 2782 655 2820 4.
682 2788 721 2818 et
741 2781 780 2818 5.
807 2788 949 2819 certum
975 2789 1051 2826 est,
1093 2785 1355 2830 expeditiones
1388 2785 1435 2820 ab
1472 2796 1518 2820 eo
1550 2785 1738 2820 Britanni-
