1859 3326
341 211 524 243 CLXXVI
644 209 933 242 OECONOMIA
962 209 1232 241 flls'rORIAE
1268 209 1498 244 D10DOR1.

340 308 490 342 cusanis
507 305 724 340 libertatem
746 305 989 348 ademerunt,
1013 308 1053 340 et
1069 304 1296 351 Dionysium
1315 306 1352 340 in
1372 307 1584 352 principatu
1603 306 1799 342 confirma·
1842 310 1849 319 ⁴

338 371 441 400 :runt-
477 375 505 399 c.
529 368 582 400 10.

352 401 357 403 -
433 428 452 448 ἢ·
477 420 689 454 Alcibiades
707 429 730 453 a
749 418 995 453 Pharnabazo
1012 429 1081 464 per
1095 419 1252 453 insidias
1269 419 1463 454 occiditur.
1488 440 1533 448 —-
1556 419 1797 454 Democritus

339 463 584 523 philosophus
612 478 690 510 vita
720 476 950 520 defungitur.
971 495 1015 502 --
1052 476 1096 510 In
1122 477 1235 511 Italia
1253 477 1381 512 Volsci
1406 478 1637 523 praesidium
1658 477 1797 511 Roma-

340 545 428 569 num
451 534 664 578 Verrugine
686 535 846 577 capiunt.
881 543 912 569 c.
937 535 991 570 11.

431 594 529 625 Ληη.
552 594 585 628 Ω.
643 590 937 624 Lacedaemonii
969 590 1196 633 Byzantium
1230 591 1343 625 etiam
1384 592 1538 625 mittunt
1564 590 1797 631 Clearchum,

340 650 403 692 qui
429 649 729 693 rempublicam,¹
755 648 916 681 internis
943 648 1190 681 seditionibus
1219 652 1257 681 et
1276 649 1375 682 bello
1397 653 1555 682 externo
1575 658 1655 680 cum
1676 640 1799 680 Thra-

341 707 445 740 cibus
464 706 650 738 turbatam
663 729 672 746 ,
708 704 917 738 ordinaret.
961 705 1029 738 llle
1047 715 1138 738 vero
1156 715 1314 749 regnum
1333 705 1500 739 affectat.
1546 704 1796 744 Quamobrem

326 762 634 803 *Lacedaemonii
661 761 762 794 bello
789 771 874 802 eum
905 766 1104 801 coercent3
1143 772 1215 805 quo
1243 762 1343 795 facto
1374 762 1413 794 in
1437 763 1561 794 Asiam
1581 761 1637 801 ‚ad
1658 762 1796 804 Cyrum

339 819 521 863 confugit.
552 829 582 852 c.
605 821 660 854 12.
709 817 892 851 Similiter
918 820 956 851 in
982 819 1064 861 ipsa
1093 819 1287 861 republica
1310 818 1697 852 Lacedaemoniorum
1725 817 1799 862 Ly-

339 876 500 916 sander,
531 885 600 918 per
624 885 733 918 quem
762 875 889 908 omnia
911 879 1016 907 terra
1044 876 1212 920 marique
1230 880 1339 920 gesta
1357 880 1483 917 erant,
1515 875 1673 918 imperio
1695 874 1798 918 abuti

338 942 454 965 ausus
481 937 551 965 est.
598 931 694 964 Nam
720 931 766 965 de
794 931 1012 975 abrogando
1033 932 1249 966 Heraclidis
1267 934 1424 976 imperio
1445 933 1572 977 regio,
1596 931 1800 975 vulganda-

340 1000 412 1033 que
440 990 547 1033 regia
571 989 756 1033 dignitate
784 990 943 1023 consilia
964 989 1061 1022 iniit.
1107 989 1217 1024 Vana
1241 994 1369 1024 autem
1393 991 1474 1023 eius
1500 994 1610 1023 erant
1627 989 1799 1022 consilia.

342 1057 374 1083 c.
396 1048 452 1084 13.

430 1102 472 1136 In
489 1101 618 1135 Sicilia
638 1100 864 1146 Dionysius,
902 1102 1052 1137 firmato
1075 1103 1305 1149 principatu,
1337 1104 1504 1148 reliquas
1528 1101 1702 1135 civitates
1729 1100 1797 1133 sub

338 1162 569 1205 potestatem
587 1170 692 1192 suam
712 1161 861 1204 redigit.
894 1171 924 1193 c.
944 1159 1035 1197 14-
1050 1163 1101 1196 16.

429 1220 446 1237 ³²
475 1217 951 1251 Commeuioratiirbellum
974 1217 1227 1251 Romanorum
1255 1218 1293 1250 in
1317 1217 1434 1252 Veios
1454 1219 1492 1250 et
1510 1214 1682 1250 Volscos.
1727 1213 1800 1248 Sti-

339 1273 519 1318 pendium
535 1273 693 1307 Romani
714 1278 791 1306 tum
812 1275 969 1318 primum
989 1275 1170 1307 militibus
1188 1276 1451 1308 decreverunt.

431 1329 527 1363 Anu.
547 1331 580 1365 3.
627 1330 670 1363 ln
689 1330 852 1364 Graecia
875 1332 1013 1365 seditio
1040 1334 1139 1365 inter
1154 1333 1314 1375 Oropios
1331 1333 1369 1363 in
1390 1331 1550 1364 Boeotia
1569 1340 1591 1362 a
1608 1327 1800 1362 Thebanis

339 1386 490 1420 sedata:
523 1386 636 1420 simul
659 1383 802 1420 bellum
825 1387 1216 1423 Lacedaemoniorum
1240 1390 1279 1422 in
1301 1387 1473 1429 Elidem,
1504 1386 1551 1421 ob
1570 1386 1689 1420 factas
1706 1386 1800 1419 iniu-

337 1445 428 1480 rias.
468 1454 496 1478 c.
523 1447 575 1481 17.

433 1501 474 1534 In
494 1500 623 1534 Sicilia
637 1501 864 1546 Dionysius,
908 1501 997 1536 fatis
1023 1501 1172 1536 firmato
1196 1503 1376 1546 imperio,
1417 1501 1559 1537 bellum
1583 1501 1736 1534 molitur
1759 1501 1799 1533 in

339 1557 691 1603 Carthaginienses,
725 1563 765 1593 et
792 1560 881 1594 ideo
900 1558 1110 1605 Syracusas
1136 1560 1232 1593 mira
1259 1559 1456 1594 celeritate
1475 1559 1582 1593 novis
1601 1558 1798 1592 moenibus

339 1617 466 1660 cingit.
503 1617 611 1652 c.18.

429 1672 527 1706 Ann-
542 1671 574 1708 4.
622 1671 789 1717 Suscipit
809 1674 950 1718 Cyrus,
981 1673 1144 1718 Sati-apa
1166 1674 1205 1707 in
1231 1674 1430 1707 maritimis
1449 1671 1686 1717 regionibus,
1718 1671 1798 1704 bel-

336 1732 415 1766 lum
433 1732 469 1763 in
488 1732 644 1764 fratrem
663 1732 930 1774 Artaxerxem,
968 1734 1042 1765 iam
1060 1733 1123 1765 diu
1141 1736 1227 1765 ante
1247 1733 1372 1764 animo
1393 1731 1637 1764 destinatum.
1681 1728 1799 1770 Lace-

338 1789 530 1823 daemonii
553 1788 644 1821 belli
662 1790 882 1822 societatem
897 1791 1048 1832 ineunt,
1075 1794 1114 1823 et
1131 1791 1256 1833 copias
1274 1789 1479 1821 auxiliares
1499 1790 1662 1822 mittunt.
1698 1785 1798 1818 Belli

337 1846 509 1880 historia.
540 1864 584 1871 -—-
628 1846 749 1888 Cyrus
774 1847 919 1888 proelio
947 1847 1057 1881 cadit.
1096 1857 1126 1880 c.
1144 1845 1304 1882 19—24.
1356 1846 1447 1879 Eius
1474 1855 1574 1878 mors
1600 1845 1795 1887 ingentem

341 1902 635 1947 trepidationem
654 1903 754 1938 facit.
800 1902 958 1940 Reditus
978 1903 1208 1937 Graecorum
1227 1904 1326 1936 inter
1343 1903 1520 1936 continua
1539 1902 1716 1946 pericula,
1744 1902 1800 1932 in-

337 1964 398 1992 ter
427 1960 827 2003 nmiestsaesrngases
857 1970 888 1994 e.
907 1963 1070 1997 25—-31,
1119 1959 1255 1993 Graeci
1281 1960 1429 2004 quidem
1451 1960 1621 2002 proximo
1648 1958 1798 2005 demum

337 2027 436 2050 anno
463 2016 519 2049 Ol.
538 2018 594 2056 95,
618 2019 650 2057 1,
679 2017 718 2048 in
748 2017 907 2060 patriam
935 2021 1158 2059 evaserunt3
1189 2018 1256 2050 scd
1273 2017 1309 2050 id
1330 2017 1521 2061 proprium
1540 2015 1730 2056 Diodoro,
1757 2018 1798 2047 ut

338 2073 480 2118 aliquid
501 2073 546 2106 de
567 2072 776 2106 subtilitate
792 2071 1058 2119 chronologica
1074 2075 1261 2115 remittat,
1286 2075 1318 2107 si
1337 2075 1394 2108 rei
1411 2075 1585 2117 integrae
1602 2072 1798 2106 historiam

335 2136 539 2176 pertexere
556 2130 684 2163 liceat.

429 2188 522 2221 Inde
541 2197 602 2220 res
617 2186 760 2219 Atticas
777 2186 917 2229 repetit
931 2186 1134 2220 Diodorus.
1179 2187 1354 2230 Triginta
1372 2187 1524 2231 tyranni
1543 2185 1658 2219 caede
1678 2187 1716 2219 et
1735 2195 1798 2220 ex-

338 2244 425 2277 silio
453 2248 731 2287 persequuntur
757 2243 871 2275 cives.
915 2244 1055 2276 Eorum
1079 2243 1247 2276 vindices
1273 2249 1483 2287 exsurgunt
1506 2242 1699 2284 Thebani,
1730 2243 1797 2275 uni

341 2301 525 2341 exsulum,
552 2299 804 2343 Thrasybulo,
831 2299 982 2332 traditis
1001 2301 1128 2343 copiis.
1175 2301 1264 2333 Cum
1287 2302 1447 2345 primum
1464 2299 1533 2341 hic,
1557 2310 1681 2344 pugna
1701 2310 1797 2333 com-

339 2358 476 2398 missa,
507 2357 665 2390 Piraeeo
690 2357 830 2399 potitus
858 2360 977 2397 esset,
1016 2361 1055 2390 et
1084 2357 1216 2391 urbem
1239 2368 1457 2402 oppugnare
1478 2362 1650 2402 pararet,
1686 2356 1796 2390 XXX

338 2414 490 2457 tyranni
509 2413 600 2446 urbe
620 2413 869 2456 expelluntur.
918 2414 1015 2446 Tum
1031 2413 1214 2458 abrogata
1230 2416 1445 2459 tyrannide,
1468 2416 1664 2459 pristinam
1684 2415 1795 2448 liber-

338 2475 456 2503 tatem
484 2475 721 2513 recuperant.
751 2481 781 2504 c.
803 2472 965 2508 32—33.
993 2489 1037 2495 —
1071 2471 1155 2503 Elei
1182 2482 1264 2504 cum
1292 2472 1606 2506 Lacedaemoniis
1631 2474 1796 2505 reconci-

338 2527 492 2560 liantur.
537 2525 688 2561 Pacatis
713 2528 869 2571 reliquis
898 2527 1082 2560 Graeciae
1110 2529 1277 2571 populis,
1308 2531 1347 2562 in
1365 2530 1578 2563 Messenios
1602 2528 1794 2563 Lacedae-

340 2585 456 2618 monii
478 2594 583 2617 arma
601 2589 774 2626 movent,
808 2593 947 2629 eosque
966 2584 1128 2617 Graecia
1147 2585 1332 2620 excedere
1353 2590 1502 2632 cogunt.
1537 2595 1567 2620 c.
1583 2585 1639 2623 34.

432 2646 449 2665 *
473 2641 629 2674 Colonia
643 2641 813 2676 Romana
828 2642 994 2678 Ventras
1018 2642 1217 2687 (Velitras)
1240 2644 1373 2681 missa.

769 2691 776 2697 ’
918 2697 1084 2744 Olymp.
1104 2697 1216 2737 XCV.

425 2758 522 2793 Ann.
548 2759 582 2794 1.
627 2758 659 2792 A
675 2756 789 2792 rebus
806 2755 969 2792 Persicis
983 2756 1114 2802 incipit
1129 2757 1218 2791 anni
1235 2755 1407 2793 historia.
1443 2757 1569 2792 Finito
1587 2754 1702 2799 bello,
1724 2755 1790 2790 Ar-
