1859 3326
278 182 360 212 xlv
642 194 643 197 =
842 174 1156 206 STEPHANI

277 276 468 323 peculiare
493 276 551 309 est
577 272 646 308 hoc
669 272 859 312 Diodoro,
906 282 977 307 non
1002 271 1122 305 solum
1148 267 1326 317 ἆρχόντων
1350 274 1389 306 et
1412 270 1628 312 consulum,
1663 271 1731 306 sed

280 340 319 369 et
346 335 513 366 virorum
548 331 721 364 doctrina
754 330 955 362 illustrium
989 329 1202 362 nominibus
1236 338 1282 361 ca
1317 329 1481 372 signare.
1539 329 1731 362 Interdum

278 394 392 427 etiam
418 395 565 432 tempus
598 388 696 433 quod
733 386 935 426 describit,
969 395 1054 419 esse
1080 384 1116 417 id
1143 386 1196 418 ait
1223 395 1245 419 a
1273 396 1346 431 quo
1371 384 1432 419 hic
1449 386 1512 420 vel
1539 387 1602 421 ille
1625 397 1731 419 suam

280 451 330 482 sit
352 458 460 482 orsus
486 446 701 483 historiam,
734 442 844 475 simul
878 445 916 474 et
948 445 1096 485 tempus
1131 442 1169 474 iu
1203 442 1301 486 quod
1334 452 1380 475 ea
1411 441 1561 476 desinat
1593 444 1733 488 signifi-

279 516 380 539 cans.
427 496 724 545 Exemplasunt
754 500 815 533 lib.
840 498 918 533 Xll.
956 508 985 533 c.
1008 497 1073 532 37.
1105 502 1144 531 et
1174 498 1275 534 Xlll.
1314 498 1426 541 103.;
1465 504 1668 544 praeterea
1703 511 1734 533 c.

283 564 374 597 108.
401 565 440 594 et
469 560 570 593 XlV.
598 567 629 590 c.
655 556 720 591 43.
747 557 835 588 item
862 555 931 592 46.
958 557 1048 589 item
1081 553 1145 589 84.
1194 556 1336 588 Multos
1373 566 1464 589 vero
1501 557 1613 591 simul
1646 567 1733 591 enu-

279 623 403 654 merat
424 617 504 651 XV.
533 614 595 649 76.
652 615 754 647 Alios
781 623 911 646 omnes
936 613 1087 656 longum
1116 613 1215 647 foret
1240 613 1424 646 adnotare
1450 612 1565 647 locos.

371 675 455 708 Hoc
478 674 631 715 insuper
652 670 821 703 Diodoro
850 671 1028 703 usitatum
1058 674 1137 710 est,
1172 671 1249 703 suis
1279 671 1557 704 narrationibus
1588 671 1734 704 clausu-

280 735 379 773 lam,
413 740 507 775 quae
534 734 599 761 aut
625 727 775 761 laudem
802 731 867 760 aut
890 728 1116 771 vituperium
1142 728 1350 768 contineat,
1382 729 1590 771 imponere.
1635 727 1732 760 Nam
1764 729 1767 732 ’

280 796 335 831 ut,
361 790 393 822 si
419 787 504 832 quid
530 785 669 829 insigni
695 795 775 817 cum
802 784 1002 828 prudentia
1026 789 1092 817 aut
1116 784 1338 818 fortitudine
1364 789 1513 828 gestum
1539 788 1611 826 est,
1636 795 1733 818 sum-

280 849 350 881 mis
374 844 547 878 laudibus
572 841 769 875 authorem
796 841 905 874 huius
932 843 987 875 rei
1013 844 1274 886 prosequitur:
1311 844 1364 875 ita
1391 844 1420 876 si
1454 854 1526 888 quo
1559 844 1595 875 in
1631 842 1732 875 facto

280 904 439 947 insignis
466 901 663 933 temeritas
687 899 749 932 vel
774 899 925 943 ignavia
950 899 1012 932 vel
1039 899 1262 944 improbitas
1288 911 1330 934 se
1355 901 1500 944 prodit,
1542 900 1640 932 male
1675 908 1732 930 ac-

278 964 404 1006 cipere
426 958 551 991 verbis
576 956 775 990 authorem
804 957 884 989 eius
910 957 1044 990 solitus
1073 961 1143 991 est.
1191 958 1304 990 Cuius
1334 969 1425 992 suae
1450 956 1733 991 consuetudinis

281 1030 363 1052 cum
389 1016 497 1055 alibi,
531 1019 607 1048 tum
631 1016 669 1047 in
692 1013 777 1046 libri
802 1013 937 1046 decimi
966 1014 1085 1058 quinti
1111 1015 1305 1058 prooemio
1330 1016 1513 1048 meminit.
1559 1014 1735 1047 Praeter-

281 1087 327 1110 ea
350 1075 412 1108 lib.
434 1071 515 1106 XV.
543 1081 573 1103 c.
594 1072 659 1105 88.
688 1081 830 1104 morem
856 1072 1144 1115 institutumque
1167 1081 1272 1104 suum
1298 1081 1382 1104 csse
1407 1071 1509 1112 dicit,
1535 1070 1645 1104 fortis
1668 1068 1732 1101 ali-

280 1135 385 1166 cuius
411 1130 479 1162 viri
504 1132 625 1161 morte
652 1132 965 1169 commemorata,
1006 1128 1138 1162 laudes
1176 1129 1256 1160 eius
1289 1128 1530 1171 subiungere.
1574 1127 1624 1159 Et
1656 1125 1733 1170 qui-

281 1192 366 1224 dem
391 1192 433 1222 ut
459 1187 510 1219 ibi
535 1187 573 1218 in
598 1185 859 1228 Epaminonda
884 1183 954 1217 hoc
981 1183 1089 1225 facit,
1128 1185 1183 1217 ita
1207 1188 1246 1218 et
1269 1185 1380 1228 paulo
1406 1190 1493 1218 ante
1522 1184 1666 1218 fecerat
1695 1183 1733 1214 in

279 1245 480 1290 Pelopida,
513 1253 591 1287 cap.
617 1243 679 1277 80.
711 1242 863 1275 Modum
888 1242 1039 1274 interim
1065 1245 1140 1273 tam
1167 1242 1202 1273 in
1230 1241 1510 1275 laudationibus
1536 1251 1646 1286 quam
1680 1241 1732 1272 vi-

276 1301 578 1350 tuperationibus
603 1303 729 1339 tenet,
778 1304 817 1332 et
855 1308 901 1332 ne
928 1299 965 1330 iu
993 1298 1150 1331 eandem
1177 1299 1214 1330 in
1250 1309 1359 1342 quam
1391 1300 1571 1332 Timaeus
1601 1307 1732 1342 repre·

279 1363 500 1397 hensionem
528 1359 697 1390 incurrat
727 1356 859 1390 sedulo
898 1360 1020 1389 cavet.
1057 1366 1140 1388 nam
1167 1361 1320 1399 propter
1341 1357 1494 1389 crebras
1520 1367 1564 1389 ac
1597 1356 1739 1399 longas

279 1418 488 1465 ἐπιτιμήσεις
516 1415 713 1448 Timaeum
753 1413 870 1448 fuisse
916 1414 1122 1446 vocitatum
1158 1414 1410 1457 Epitimacum
1446 1414 1528 1458 ipse
1570 1413 1732 1459 quodam

278 1482 362 1514 loco
387 1473 528 1508 scribit.

371 1534 442 1567 Est
468 1530 581 1563 etiam
607 1538 687 1561 mos
713 1526 773 1560 hic
796 1526 955 1561 Diodori
989 1528 1074 1573 (qui
1107 1528 1308 1571 praecipue
1344 1528 1608 1561 commendare
1644 1528 1732 1560 scri-

279 1597 346 1638 pta
371 1591 452 1624 eius
477 1587 549 1631 piis
574 1585 745 1618 omnibus
770 1584 906 1627 debet)
946 1589 988 1618 ut
1020 1595 1145 1618 rerum
1183 1586 1386 1618 multarum·
1416 1590 1594 1627 eventus,
1638 1595 1731 1629 quos

282 1651 347 1685 alii
381 1644 551 1681 historici
583 1642 758 1675 fortunae
784 1643 1034 1685 imputarent,
1066 1642 1215 1685 divinae
1244 1643 1502 1686 providentiae
1529 1642 1731 1682 adscribat,

278 1711 322 1740 ut
345 1705 389 1739 V.
415 1700 478 1736 83.
511 1699 565 1732 Et
591 1697 765 1739 Τεηησηι,
810 1705 957 1741 praeter
989 1710 1085 1743 spem
1113 1699 1288 1741 omnium,
1339 1699 1395 1732 dei
1426 1698 1579 1732 alicuius
1609 1697 1729 1742 provi-

281 1760 399 1796 dentia
422 1761 621 1796 servatum,
663 1766 777 1799 regno
800 1755 938 1790 insulae
968 1757 1119 1800 potitum
1148 1756 1280 1803 sitisse.
1329 1757 1390 1790 Sic
1412 1757 1510 1790 XVI.
1539 1757 1604 1790 58.
1637 1754 1732 1787 Nam

282 1819 344 1864 qui
366 1816 404 1850 in
429 1814 594 1857 templum
617 1813 877 1858 confugerant,
919 1825 1027 1857 quiam
1055 1825 1090 1847 se
1113 1815 1258 1847 deorum
1287 1826 1349 1859 ope
1373 1820 1552 1848 servatum
1583 1816 1632 1849 iri
1655 1827 1731 1860 spe-

281 1879 438 1915 rassent,
474 1876 598 1904 contra
623 1869 744 1903 divina
766 1871 991 1921 providentia
1013 1873 1159 1919 filetum
1185 1879 1234 1905 est
1267 1879 1306 1905 ut
1334 1872 1510 1916 supplicio
1543 1873 1731 1917 sacrilegii}

283 1935 393 1979 (ligno
425 1928 669 1972 afficerentur.
716 1929 801 1961 Huc
827 1934 952 1962 autem
978 1931 1169 1973 pertinent
1196 1934 1233 1962 et
1259 1929 1295 1962 hi
1320 1930 1410 1971 loci,
1454 1932 1515 1973 qui
1541 1923 1630 1964 item
1655 1918 1731 1974 pie-

284 1997 401 2026 tatem
429 1989 510 2021 eius
541 1986 678 2029 (qualis
706 1986 743 2018 in
771 1985 959 2019 ethnicum
986 1986 1173 2020 hominem
1198 1987 1333 2020 cadere
1360 1988 1495 2030 potuit)
1531 1992 1734 2027 testantur,

283 2054 327 2083 ut
350 2047 432 2082 XV.
466 2045 529 2078 58.
574 2040 628 2073 Hi
661 2052 768 2086 ergo,
804 2048 974 2087 tanquam
990 2043 1119 2087 ulique
1148 2044 1212 2077 deo
1241 2043 1328 2087 ipsis
1357 2041 1516 2086 offen30,
1555 2043 1668 2076 iustas
1700 2050 1736 2077 et

284 2102 417 2139 debitas
436 2109 571 2144 poenas
604 2099 756 2132 Inerant.
804 2102 897 2134 ltem
923 2101 1020 2136 XVI.
1051 2102 1115 2135 31.
1144 2100 1260 2142 Quum
1285 2105 1401 2132 autem
1426 2098 1523 2132 exire
1549 2100 1630 2133 inde
1660 2113 1731 2134 non

278 2165 417 2208 posset,
454 2156 702 2200 cruciatusque
726 2169 762 2191 se
786 2163 931 2201 captum
955 2163 1132 2190 manentes
1148 2157 1390 2203 formidaret,
1421 2168 1458 2190 se
1486 2156 1604 2201 ‘ipsum
1625 2169 1730 2202 prae-

285 2216 464 2264 cipitavit:
500 2220 604 2258 atque
636 2213 702 2249 hoc
733 2215 835 2247 modo
869 2215 956 2247 dans
992 2214 1131 2247 numini
1158 2225 1317 2258 poenas,
1358 2213 1467 2247 vitum
1493 2213 1628 2259 finivit.
1682 2217 1731 2249 Et

286 2289 315 2313 c.
339 2277 404 2310 64.
446 2271 517 2314 Qui
549 2283 636 2317 ergo
672 2283 801 2305 numen
834 2278 1053 2305 contemnere
1094 2271 1174 2304 ausi
1214 2276 1335 2313 erant,
1374 2282 1413 2304 eo
1467 2282 1536 2314 quo
1562 2271 1730 2307 Vdixinms

285 2333 387 2367 modo
409 2329 533 2375 puniti
556 2341 578 2363 a
603 2329 670 2363 diis
695 2330 862 2377 ficerunt.
913 2329 1080 2370 Quodam
1112 2329 1224 2361 etiam
1247 2329 1354 2368 loco,
1386 2328 1595 2363 infortunia
1632 2342 1728 2375 quae

286 2394 428 2429 narrat,
461 2387 638 2431 physicos
665 2387 814 2431 quidem
840 2388 939 2420 inter
964 2386 1155 2418 naturales
1183 2391 1221 2419 et
1244 2391 1394 2420 coactos
1421 2397 1544 2420 rerum
1573 2393 1732 2421 eventus

286 2454 536 2481 annumerare
559 2446 629 2477 ait.-
663 2448 703 2477 at
728 2455 794 2477 eos
822 2444 881 2488 qui
907 2445 956 2486 pii
982 2445 1058 2476 sint
1083 2453 1175 2486 erga
1207 2443 1320 2484 deos,
1353 2445 1595 2487 interpretari
1616 2456 1638 2478 a
1658 2446 1729 2478 diis

285 2507 455 2539 invectas
482 2512 567 2535 esse
594 2503 829 2535 calamitates
863 2501 948 2533 illas
985 2500 1167 2533 adversus
1202 2511 1267 2534 eos
1304 2502 1366 2545 qui
1396 2511 1533 2533 numen
1563 2502 1729 2546 ipsorum

285 2562 506 2595 violassent.
563 2559 638 2592 Iam
678 2568 770 2592 vero
804 2562 842 2591 et
874 2558 1100 2600 principibus
1135 2557 1324 2590 nonnullis
1360 2567 1464 2590 suam
1499 2568 1590 2602 erga
1618 2558 1727 2591 deum

284 2618 466 2661 pietatem
499 2617 659 2659 promoti
692 2626 818 2649 eorum
850 2616 997 2658 imperii
1025 2624 1174 2663 causam
1206 2615 1323 2648 fuisse
1355 2615 1537 2658 perhibet.
1585 2615 1731 2649 Pudeat

286 2675 428 2719 pudeat
451 2683 542 2716 ergo
569 2672 802 2706 Christianos
826 2672 1004 2716 quosdam
1019 2672 1035 2711 ,'
1053 2672 1089 2703 in
1112 2673 1190 2704 suis
1217 2671 1406 2704 historicis
1432 2673 1580 2714 scriptis
1605 2675 1729 2706 omnia
1765 2699 1767 2701 ,

288 2732 462 2765 fortunae
494 2730 722 2774 tribuentes,
766 2729 936 2764 ethnicos
967 2728 1092 2762 verbis
1130 2729 1297 2773 (utinam
1331 2739 1402 2763 non
1435 2730 1547 2763 etiam
1584 2735 1726 2774 mente)

285 2789 496 2833 comperiri.

1770 2654 1780 2686 7.
