1859 3326
288 162 380 204 136
783 165 1306 213 ANNOTATIONES

289 274 477 326 phismate
485 275 754 329 Athenienses,
771 276 925 332 νόμους
942 296 987 322 τε
1005 281 1185 332 πολλοὺς
1196 282 1265 325 καὶ
1285 283 1439 334 καλοὺς
1457 282 1583 342 ἔθηκε
1597 290 1649 344 τῇ
1665 305 1745 330 πα-

290 331 421 384 τρίδι,
449 332 518 371 καὶ
546 330 763 386 γενόμενος
781 339 856 389 τῆς
881 341 1019 391 κοινῆς
1037 337 1247 392 προσόδου
1276 342 1430 394 ταμίας
1449 346 1500 398 τῇ
1522 341 1636 385 πόλει
1661 345 1746 385 ἐπι-

291 387 426 441 τρέπει
446 387 539 441 (leg.
553 389 616 428 ἐπὶ
628 389 757 444 τρεῖς)
778 394 1100 447 πενταετηρίδας
1112 404 1201 447 etc.,
1231 409 1327 447 quae
1346 411 1395 436 ex
1411 399 1512 438 Plut.
1530 415 1567 451 p.
1583 402 1747 444 852.A.

293 446 374 495 peti
397 445 549 492 debent,
574 453 613 483 et
632 448 797 489 Pausan.
820 448 864 486 L.
885 449 912 486 Ι.
928 452 1018 498 29.,
1049 453 1113 490 cui
1133 465 1182 491 ex
1200 467 1244 491 eo
1258 457 1430 494 civitatis
1440 456 1593 495 Atticae
1613 458 1746 496 decre-

293 507 333 539 to
362 502 576 541 clarissima
594 504 662 540 lux
680 505 841 543 accendi
862 514 1005 555 posset,
1037 509 1072 546 si
1091 508 1132 546 id
1151 510 1291 561 agendi
1311 517 1459 561 tempus
1477 520 1589 552 esset.
1607 513 1747 556 WEss.

397 559 513 598 149.
546 560 618 600 52.
659 556 924 614 Πικρότατος
952 556 1003 614 ἧν
1032 562 1074 602 ἓν
1102 570 1190 612 τοῖς
1214 562 1351 618 λόγοις
1377 565 1628 623 κατήγορος]
1655 570 1745 613 Vid.

293 612 417 653 Henr.
450 614 646 652 valesium
675 617 724 653 ad
746 617 937 655 Ammian.
957 618 1128 660 Marcell.
1147 620 1191 658 L.
1211 620 1345 661 XXII.
1368 624 1411 664 9.
1441 628 1580 675 optime
1604 627 1750 665 docen-

294 676 393 718 tem,
420 670 466 707 ab
486 669 560 707 hoc
587 671 767 723 Lycurgo
790 680 941 711 oratore
960 676 1069 714 viros
1098 679 1141 714 in
1162 677 1466 719 administranda
1492 683 1687 731 republica
1711 691 1751 722 et

291 727 377 763 iure
405 726 568 766 dicendo
595 741 751 768 severos
780 729 1010 782 Lycurgeos
1038 739 1076 771 et
1102 733 1299 786 Lycur-gis
1330 738 1529 777 tristiores
1548 740 1669 778 fuisse
1689 740 1750 779 di-

294 789 388 820 ctos.
418 782 556 822 WEs-s.

411 840 515 881 149.
545 839 616 879 54.
643 836 710 880 Ἐν
731 836 793 888 οἷς
811 844 885 882 τοῦ
905 842 1169 893 Λυσικλέους
1189 848 1458 901 κατηγορῶν]
1489 850 1660 903 Lycurgi
1679 852 1750 892 Or.

293 891 400 934 κατὰ
417 894 681 943 Λυσικλὲους
700 898 795 936 citat
813 898 1093 950 Harpocration
1114 904 1155 941 in
1168 900 1257 942 Ἐπὶ
1269 904 1415 959 Δηλίῳ
1435 905 1748 959 εῒΛεμβάὸεια.

293 951 324 988 V
330 951 383 990 id.
405 950 460 989 10.
485 951 754 994 Meurs.'Lect.
778 954 896 993 Attio.
919 956 961 995 L.
980 957 1046 995 111.
1071 959 1112 998 3.
1140 958 1184 996 Id
1203 972 1323 1009 paene
1343 963 1603 1013 neglexeram,
1630 978 1654 1002 a
1670 965 1750 1002 Po·

291 1008 431 1057 lyaeno
452 1009 646 1057 copiarum
666 1010 881 1049 Atticarum
900 1014 942 1050 in
963 1012 1223 1053 Chaeronensi
1241 1018 1386 1066 praelio
1408 1018 1541 1058 ducem
1562 1020 1752 1071 adpellari

293 1064 536 1103 ,Stratoclem
557 1065 600 1104 L.
625 1065 689 1104 lV.
707 1069 749 1108 2.
769 1070 834 1116 2.,
864 1080 938 1117 quo
958 1073 1032 1108 etsi
1061 1073 1218 1109 nomine
1237 1075 1362 1111 civem
1382 1075 1528 1124 sibique
1552 1080 1751 1126 aequalem

291 1128 478 1159 memoret
506 1121 684 1160 Aeschin.
717 1123 786 1163 Or.
823 1124 914 1176 περὶ
934 1128 1008 1178 τῆς
1037 1128 1237 1183 Παραπρ.
1267 1141 1304 1180 p.
1321 1131 1422 1179 30„
1457 1135 1600 1171 erroris
1620 1140 1749 1173 tamen

292 1176 532 1228 Polyaenum
550 1177 651 1216 haud
673 1180 846 1219 absolvo.
873 1181 1007 1220 Wssss.

409 1236 429 1273 l
443 1235 513 1273 50.
544 1236 617 1276 68.
646 1232 744 1275 ‘'Oze
765 1235 916 1289 συνέβη
936 1238 1002 1278 καὶ
1023 1234 1152 1280 αὐτὸν
1170 1236 1446 1294 ἀναιρεθῆναι
1465 1240 1540 1283 τὸν
1552 1240 1749 1297 Ἀρχίδα-

290 1290 398 1340 μον]
439 1290 483 1328 ld
509 1292 764 1331 verissimum.
810 1293 961 1332 Addere
992 1299 1201 1344 potuisset,
1220 1297 1500 1338 Archidamum
1529 1304 1749 1350 sepulturae

291 1345 437 1382 honore
466 1350 652 1385 caruisse:
684 1350 901 1397 petentibus
931 1355 1031 1389 enim
1054 1351 1281 1391 Tarentinis
1303 1361 1343 1391 et
1373 1357 1470 1393 bene
1497 1359 1655 1396 multam
1683 1372 1752 1409 pe-

292 1405 445 1440 cuniam
466 1403 714 1442 offerentibus
731 1407 927 1444 interfecti
943 1421 1081 1457 eorpus
1096 1408 1244 1448 Lucani
1263 1419 1468 1462 negarunt,
1489 1413 1590 1463 apud
1609 1414 1749 1454 Athen.

291 1456 336 1497 L.
364 1458 456 1496 ΧΠ.
487 1472 522 1507 p.
544 1461 647 1501 536.
680 1460 729 1500 D.
762 1464 954 1501 referente
984 1463 1246 1515 Theopompo.
1291 1466 1494 1506 consentit
1523 1469 1752 1520 Pausanias,

292 1527 376 1552 eam
395 1517 454 1552 illi
478 1528 639 1564 poenam
672 1518 720 1555 ab
742 1517 920 1568 Apolline
949 1521 996 1558 ob
1019 1524 1215 1573 sacrilegii
1238 1536 1324 1561 cum
1343 1523 1753 1566 montensibus-socie-

291 1576 411 1609 tatem
441 1574 648 1622 inpositam
670 1575 790 1613 fuisse
817 1577 1042 1628 significans
1060 1577 1103 1617 L.
1123 1578 1192 1620 111.
1217 1581 1289 1621 10.
1308 1592 1345 1630 p.
1367 1582 1477 1622 230.
1499 1589 1538 1620 et
1554 1581 1600 1623 L.
1614 1584 1680 1622 Vl.
1701 1585 1748 1626 4.

292 1626 431 1666 Wrss.

407 1684 510 1726 150.
537 1688 609 1727 71.
630 1679 783 1740 τΗρξεν
803 1684 872 1741 ἔτη
897 1686 1028 1740 ἐννέα]
1058 1690 1146 1729 Vid.
1160 1691 1209 1730 ad
1220 1691 1333 1730 huius
1344 1693 1412 1730 lib.
1422 1695 1589 1744 cap-64.
1605 1695 1748 1738 Wrss.

407 1743 511 1782 150.
542 1744 614 1782 75.
640 1738 688 1783 ‘O
709 1742 891 1798 ἀδελφὸς
910 1743 1148 1794 Διονύσιος]
1183 1747 1260 1786 Pro
1284 1744 1304 1788 ὃ
1331 1746 1512 1803 ἀδελφὸς
1535 1753 1680 1803 legitur
1690 1761 1752 1791 et-

290 1793 412 1835 iam'c‘»
433 1795 537 1846 υἱὸς,
567 1811 680 1848 quam
697 1801 907 1840 lectionem
925 1815 997 1839 nec
1018 1805 1060 1840 in
1079 1810 1265 1842 contextu
1284 1817 1356 1841 nee
1373 1808 1415 1843 in
1431 1810 1604 1858 margine
1624 1813 1750 1862 posui,

291 1853 395 1902 quod
413 1855 551 1892 falsam
578 1869 662 1893 esse
681 1869 730 1894 ex
748 1856 954 1896 Memnone
972 1862 1245 1909 compererim,
1274 1863 1382 1900 cuius
1402 1861 1495 1901 haec
1523 1871 1614 1902 sunt
1632 1868 1754 1906 verba

292 1910 335 1946 in
356 1910 404 1946 iis
433 1922 529 1959 quae
549 1924 570 1948 a
589 1925 649 1949 me
681 1925 824 1951 excusa
851 1921 942 1951 sunt
961 1927 1008 1952 ex
1030 1918 1112 1953 eius
1133 1916 1297 1955 historia
1314 1919 1543 1970 fragmentis
1562 1919 1666 1974 (cap.
1685 1921 1751 1977 4.)

293 1959 315 2004 ὅ
340 1964 384 2004 δὲ
407 1962 617 2016 Τιμόθεος
638 1967 896 2022 παραλαβὼν
923 1968 1000 2023 τὴν
1021 1969 1176 2024 ἀρχὴν,
1204 1970 1315 2013 οὕτω
1338 1971 1493 2026 ταύτην
1513 1983 1583 2014 etc.
1627 1979 1751 2018 Paulo

292 2028 380 2069 post
406 2020 468 2075 ἐφ’
494 2019 554 2070 οἷς
586 2023 654 2063 καὶ
685 2023 759 2065 τὸν
789 2023 971 2080 ἀδελφὸν
999 2024 1224 2068 Διονύσιον
1253 2025 1304 2069 τά
1336 2045 1379 2071 τε
1411 2028 1517 2070 ἄλλα
1541 2038 1753 2087 πατρικῶς

291 2082 471 2127 περιεῖπε
490 2079 557 2118 καὶ
577 2079 773 2121 κοινωνὸν
799 2080 876 2134 μὲν
900 2078 1002 2134 εῗχεν
1031 2082 1179 2123 αὐτίκα
1209 2087 1283 2136 τῆς
1304 2083 1455 2138 ἀρχῆς,
1483 2086 1686 2139 ἐχομένως
1705 2091 1752 2132 δὲ

293 2134 361 2173 καὶ
382 2131 587 2185 διάδοχον.
620 2136 778 2177 STEPH.
817 2137 1052 2190 Dionysium
1073 2139 1272 2181 Timothei
1301 2143 1422 2180 fuisse
1443 2144 1628 2194 fratrem,
1658 2146 1754 2185 Cle..

293 2189 400 2227 archi
421 2192 564 2238 filium,
596 2192 787 2243 Nymphis
807 2195 908 2244 apud
930 2195 1068 2234 Athen.
1091 2196 1133 2235 L.
1153 2196 1242 2235 ΧΠ.
1271 2210 1306 2246 p.
1330 2199 1434 2239 549.
1454 2199 1498 2237 A.
1534 2203 1749 2245 confirmat.

292 2244 352 2283 De
372 2248 593 2296 tyrannidis
614 2252 726 2287 annis
747 2263 825 2288 non
855 2255 1038 2290 convenit
1060 2252 1259 2291 Memnoni
1278 2268 1363 2292 cum
1383 2254 1577 2295 Diodoro:
1609 2259 1673 2297 dat
1692 2262 1753 2299 illi

291 2312 406 2348 xxx,
434 2302 575 2340 Noster
599 2301 667 2356 ἔτη
701 2304 795 2345 ὁύσὶ
824 2306 949 2347 πλείω
969 2311 1052 2348 τῶν
1075 2305 1319 2361 τριάκοντα,
1346 2312 1448 2360 quod
1470 2312 1615 2352 dictum
1642 2315 1753 2354 vide-

293 2363 357 2396 tur
381 2365 425 2396 ut
447 2356 515 2410 ἔτη
546 2359 739 2401 λείποντα
763 2362 857 2402 δυσὶ
887 2366 972 2404 τῶν
995 2361 1217 2418 τριάκοντα
1236 2366 1278 2404 L.
1302 2366 1330 2405 1.
1351 2369 1390 2408 5.
1419 2367 1550 2406 YVESS.

409 2416 512 2456 150.
545 2417 618 2456 85.
659 2412 785 2472 εΥπὲρ
820 2421 896 2471 τῆς
926 2419 982 2466 εἷς
1011 2419 1064 2459 τὰ
1093 2419 1180 2475 ἱερὰ
1209 2422 1427 2475 γενομένης
1456 2425 1751 2479 παρανομίας]

292 2469 382 2511 Vm.
412 2471 460 2508 ad
490 2471 555 2508 lib.
586 2472 659 2511 XI.
690 2475 766 2515 29.
813 2482 851 2513 et
878 2474 922 2515 B.
952 2475 1126 2517 Brisson.
1165 2478 1212 2516 de
1249 2477 1346 2531 Reg.
1384 2480 1490 2519 Pers.
1518 2481 1562 2520 L.
1593 2483 1643 2524 Π.
1675 2485 1751 2525 30.

291 2540 328 2576 p.
353 2529 457 2568 363.
484 2528 619 2565 Wssss.

407 2585 510 2624 150.
545 2585 619 2624 89.
657 2581 817 2639 Διόπερ
847 2584 890 2626 ἒν
919 2587 1155 2646 Κορίνθῳ]
1199 2590 1291 2630 Non
1318 2591 1520 2632 dissimilia
1544 2593 1679 2633 lustin.
1703 2595 1748 2634 L.

292 2638 363 2678 IX.
389 2641 427 2680 5.
456 2639 594 2678 WEss.

410 2698 513 2737 150.
540 2699 580 2736 7.
616 2695 873 2747 Τιμολέοντα
892 2700 1018 2755 τιμᾷν
1039 2697 1232 2756 ἐτήσιον]
1262 2702 1370 2742 Ilaec
1400 2705 1647 2753 sequentibus
1666 2719 1749 2746 non

290 2753 546 2801 respondent,
573 2758 610 2789 et
630 2752 822 2805 flagitiose
851 2763 941 2792 sunt
968 2765 1161 2806 corrupta.
1209 2759 1344 2798 Fuisse
1368 2768 1459 2809 puto
1492 2760 1749 2812 Τιμολέοντα

295 2807 544 2860 Τιμαινέτου
564 2804 679 2856 υἱὸν,
703 2809 935 2863 Κορίνθιον
953 2808 1086 2862 τόνδε,
1114 2811 1304 2864 θάπτειν,
1332 2824 1412 2864 aut,
1441 2818 1475 2855 si
1497 2816 1571 2856 hoc
1589 2821 1750 2858 nimium
