1891 3310
1152 97 1173 112 N

418 201 485 243 IN
514 200 628 247 LIB
652 199 790 244 XIX.
819 198 948 240 CAP.
979 200 1054 243 65.
1077 221 1125 230 -
1150 202 1225 242 70
1460 204 1553 244 307

99 320 205 358 xieo.
243 317 321 356 Sed
340 314 546 369 legendum
574 322 634 353 est
651 309 841 369 Στράτον
868 307 1001 353 πόλιν.
1037 324 1128 351 nam
1148 309 1335 367 Στρίὶτος
1352 314 1445 352 urbs
1467 323 1551 354 erat

99 378 339 415 Acarnaniae
359 379 473 422 caput
494 386 540 409 ac
564 374 688 411 veluti
705 371 943 420 metropolis,
970 383 1019 407 ex
1039 368 1282 420 Thucydide,
1308 370 1551 419 Xenophon-

100 439 162 480 te,
193 432 379 481 Polybio,
412 429 627 475 Strabone,
656 434 695 466 et
714 429 812 466 aliis.
838 427 968 464 ΡΑΙΜ.
1009 425 1157 463 Eadem
1175 426 1390 464 Palmerius
1411 427 1547 467 Gracc.

49 498 51 501 “
99 487 228 527 V.eter
252 488 294 525 L.
316 486 383 524 111.
405 486 460 533 5·‚
480 491 520 522 et
540 492 658 532 recte,
686 491 730 522 ut
749 485 974 533 exscriptis
993 479 1112 520 Codd.
1132 483 1302 533 adparet
1338 483 1474 521 VVESS.

213 555 318 595 370
353 554 425 593 83.
450 549 591 591 Ἄλλοι
621 551 835 604 συνῆλθον
865 550 929 590 ἒπὶ
958 548 1166 603 Σαυρίαν,
1193 550 1254 590 Af
1240 566 1315 604 ριε
1301 554 1368 598 ἴς
1379 548 1423 590 δὲ
1446 560 1517 592 etc
1527 550 1549 605 ]

97 611 217 649 Urbis
245 610 443 656 Samiae,
483 609 584 657 quod
615 609 771 657 quidem
796 605 944 655 sciam,
985 619 1174 656 nusquam
1203 609 1279 645 alia
1303 611 1448 645 mentio
1479 618 1548 647 est.

95 668 309 706 Palmerius
332 665 468 703 Graec.
488 665 620 715 Antiq.
644 664 689 704 L.
713 665 778 702 111.
800 668 839 706 8.
864 662 1034 702 eamdem
1053 665 1241 714 reperisse
1261 675 1301 701 se
1323 672 1451 715 negat,
1473 669 1550 702 sic-

94 731 142 762 ut
163 730 201 760 et
220 722 456 771 Beruenses,
487 732 582 772 quos
599 728 754 769 tamen,
776 723 810 758 si
831 719 996 772 Θυριεΐς
1014 721 1240 768 mineris,
1267 722 1438 758 tuebitur
1457 722 1549 759 Ste-

96 780 245 831 phanus
267 781 307 815 in
333 778 502 845 Θυρέα,
521 780 589 816 ubi
619 775 702 817 ἔστι
732 776 800 816 καὶ
824 773 1114 830 ’Axapvau'ag
1145 773 1300 842 Θέριον
1330 774 1398 815 δια
1425 780 1536 818 τοῦι
1524 795 1551 818 ι.

92 834 143 877 τὸ
165 832 330 875 ἐθνικὸν
354 834 477 887 Θυριε
481 831 549 882 ύς
583 834 682 872 Vide
702 834 756 872 ibi
777 833 854 870 Iac.
873 832 1139 880 Gronovium‚
1167 835 1232 870 cui
1253 834 1452 884 egregium
1474 833 1550 874 hoc

95 899 342 931 conmentum
364 891 534 929 debetur.
583 885 642 928 De
661 890 831 940 Agrinio
850 889 951 938 apud
968 890 1105 940 Polyb.
1124 890 1167 928 L
1187 888 1232 927 V.
1255 892 1294 927 7
1322 890 1465 931 Wnss

210 958 318 999 371.
349 957 423 998 91
466 955 554 998 Καὶ
580 954 731 1008 διαβὰς
751 952 826 997 τὸν
843 954 998 1010 ’Έβρον
1022 951 1235 1007 ποταμὸν]
1266 955 1437 996 Foedum
1459 971 1563 1008 pro-⁶,

93 1005 197 1055 fecto
211 1015 411 1053 mendum:
444 1013 618 1052 Hebrum
639 1012 830 1051 Thraciae
847 1013 1011 1052 fluvium
1029 1016 1073 1051 in
1091 1014 1264 1063 Illyriam
1282 1015 1468 1051 transfert
1486 1015 1550 1053 hic

94 1075 215 1111 locus.
258 1072 317 1110 Ita
338 1083 419 1108 non
441 1071 648 1120 scripserat
666 1070 917 1119 proculdubio
935 1069 1145 1108 Diodorus.
1188 1069 1290 1121 Lege
1312 1070 1552 1110 confidenter

94 1130 266 1181 Λρῖνον,
296 1131 362 1178 qui
382 1129 598 1165 necessario
618 1125 930 1165 transvadandus
951 1133 1034 1163 erat
1046 1125 1277 1173 Cassandro,
1298 1133 1342 1163 ut
1359 1129 1401 1164 in
1421 1131 1551 1178 regio-

95 1200 164 1223 nes
187 1185 370 1222 Glauciae
393 1186 584 1221 subiectas
605 1190 827 1234 penetraret
854 1193 903 1220 ex
922 1183 1211 1233 Apolloniatum
1237 1186 1417 1233 regione,
1445 1185 1549 1221 unde

93 1243 418 1293 proficiscebatur.
448 1242 579 1280 Pam.
623 1242 858 1285 Quaeramus
879 1241 1042 1288 amplius
1066 1239 1111 1275 de
1130 1238 1257 1275 isthoc
1280 1240 1452 1289 Illyridis
1469 1240 1551 1277 He-

94 1301 186 1337 bro:
214 1299 292 1336 nisi
314 1298 398 1349 quis
418 1296 565 1350 Apsum
585 1296 686 1334 haud
708 1295 843 1345 procul
861 1295 1077 1346 Epidamno
1091 1323 1102 1342 ,
1133 1306 1244 1344 quem
1263 1296 1480 1333 tramittere
1500 1307 1550 1333 ex

93 1356 383 1405 Apolloniatum
402 1354 543 1391 finibus
565 1354 762 1403 profectus
784 1351 1000 1390 Cassander
1021 1352 1168 1398 debuit,
1194 1364 1277 1388 esse
1300 1359 1421 1400 putet.
1449 1352 1552 1391 Dri-

94 1425 169 1451 nus
188 1412 371 1449 Palmerii
390 1411 546 1462 longius
569 1411 700 1458 abest,
730 1421 804 1447 nec
821 1408 1059 1459 spernendus
1078 1415 1222 1445 tamen.
1246 1408 1383 1446 Wuss.

209 1480 315 1521 371·
336 1478 412 1519 25.
450 1476 524 1525 Εἷς
545 1475 679 1531 Κῶν]
721 1475 797 1524 Εἷς
816 1474 957 1518 chL.
973 1472 1087 1516 XIII.
1113 1477 1190 1517 69.
1230 1475 1282 1513 At
1298 1476 1388 1515 vide
1409 1481 1489 1515 not.
1508 1475 1551 1515 in

93 1534 552 1577 L.XV1{.27.W1·:ss.

80 1590 82 1592 ¹
209 1594 314 1633 371
339 1594 413 1633 28
441 1586 723 1645 Κάσσανδρος
745 1584 817 1640 δὲ]
847 1587 987 1628 Verius
999 1582 1253 1641 ’'·A‹5a2‹590;
1274 1587 1321 1626 ob
1341 1588 1384 1625 L.
1407 1579 1553 1627 XVIII.

78 1651 170 1691 ’39.
200 1656 239 1687 et
258 1648 370 1686 XIX.
393 1648 467 1689 62
514 1649 636 1692 Quem
654 1660 749 1685 vero
771 1646 1011 1698 Prepelazcm
1031 1646 1221 1694 adpellat,
1255 1648 1287 1682 is
1310 1642 1407 1696 Πρέ
1405 1647 1476 1684 J.[.57
1481 1647 1553 1691 λος

94 1714 153 1744 est
170 1706 283 1745 huius
304 1706 396 1743 libri
416 1716 498 1754 cap.
519 1706 594 1745 64.
619 1704 877 1741 scribentium
898 1708 1058 1752 peccato
1072 1729 1085 1750 ,
1130 1715 1206 1752 quo
1229 1707 1268 1738 et
1284 1703 1349 1741 He
1345 1701 1491 1756 ὀιλλος
1513 1707 1552 1738 et

79 1763 306 1817 ’Περίλαος
326 1762 513 1799 confundi
533 1760 671 1798 solent
702 1758 838 1798 WESS

209 1820 314 1859 371
341 1819 416 1858 34.
455 1816 564 1869 ΙΙερὶ
582 1814 792 1883 ’Κάπριμα
812 1829 888 1881 της
906 1810 1094 1869 Καρίας]
1126 1810 1335 1852 Feliciores
1362 1812 1553 1865 Capri-ma.

76 1873 173 1915 ista
192 1882 347 1912 eruent:
377 1872 474 1912 mihi
493 1875 628 1924 ignota
649 1879 754 1912 sunt.
779 1867 880 1911 ‘Yz'
845 1886 988 1923 .αριμα
1007 1870 1143 1909 Cariae
1162 1872 1316 1908 noti01a
1338 1878 1452 1918 sunt,
1481 1883 1554 1908 nec

95 1933 227 1971 eadem
249 1938 462 1981 propterea.
495 1930 582 1967 Vid.
600 1929 649 1966 ad
669 1928 864 1966 Hieroclis
888 1928 1118 1978 Synecdem.
1137 1942 1173 1978 p
1195 1930 1301 1968 688.
1328 1927 1466 1965 VVESS.

209 2002 315 2040 372.
348 2001 419 2040 50.
447 1990 691 2050 Ἐιεὸρεύειν
708 2010 806 2042 τοις
825 1995 916 2048 περὶ
934 1995 1220 2047 Πτολεμαῖον]
1251 1983 1424 2032 Tametsi
1443 2007 1555 2045 prae-

95 2060 256 2095 cesserit
275 2070 356 2106 cap.
381 2059 453 2097 68
486 2051 731 2110 ἀπέστειλαν
755 2051 998 2110 ἐνεδρεῦσαι
1026 2057 1115 2099 τοῖς
1133 2048 1366 2103 πολεμιοις,
1394 2064 1475 2089 non
1494 2065 1556 2088 se-

97 2127 194 2163 quor
215 2114 360 2160 libros,
388 2116 430 2150 in
461 2112 601 2162 quibus
622 2105 711 2156 τοῖς
739 2106 854 2147 inest.
883 2104 1097 2175 Vulgatum
1127 2109 1233 2146 enim
1263 2111 1321 2146 illi
1342 2108 1441 2145 nihil
1461 2121 1554 2145 con-

97 2171 211 2208 cedit.
251 2169 291 2207 S.
318 2169 440 2207 Lucas
461 2167 611 2218 Exang.
633 2181 664 2204 c.
686 2163 761 2203 XI
793 2166 864 2206 54.
893 2161 1147 2218 ἔπεὸρεύοντε
1152 2161 1331 2211 ςαῦτόι
1372 2164 1555 2214 Iosephus

97 2228 144 2264 de
174 2227 274 2264 bello
307 2226 416 2263 L.11.
439 2228 513 2266 21.
538 2226 579 2264 3.
623 2214 900 2276 ἐνεδρεύοντες
928 2222 1197 2273 Πτολεμαῖον
1223 2219 1297 2260 τὸν
1324 2219 1556 2272 'Aypt'nnw

96 2284 295 2332 Appianus
315 2282 384 2321 Civ
389 2285 431 2322 il.
451 2281 551 2319 Belli
574 2280 616 2317 L.
628 2279 694 2317 111.
719 2293 755 2329 p.
774 2281 880 2320 881.
903 2294 972 2318 και
995 2275 1093 2324 τοὺς
1113 2272 1316 2329 ὀλίγους
1298 2294 1318 2317 ο
1340 2274 1558 2328 Aokasse'b

97 2341 173 2386 aar
203 2338 337 2392 ἐνεὸρε
340 2353 455 2385 υσας.
503 2337 609 2375 Haec
631 2337 844 2374 sufficiunt:
883 2346 972 2373 nam
992 2342 1035 2373 ut
1056 2347 1105 2372 ex
1126 2333 1326 2392 Diodoro,
1355 2335 1418 2372 cui
1446 2346 1557 2384 saepe

99 2398 238 2447 placet,
265 2397 350 2433 loca
371 2399 510 2445 stipem
528 2407 686 2431 necesse
706 2404 787 2429 non
807 2398 876 2430 est.
907 2390 1046 2430 WESS.

214 2453 318 2492 372.
343 2453 418 2493 63.
450 2447 725 2504 Γνεγοιωςέτη
750 2444 824 2488 dvo
847 2443 951 2500 πρὸς
969 2452 1057 2495 τοῖς
1079 2443 1252 2494 εἴκοσιν]
1288 2443 1436 2485 Eadem
1455 2446 1557 2484 Plut

100 2507 251 2546 Demet
273 2521 308 2557 p.
331 2510 438 2550 891.
459 2506 505 2546 A.
530 2513 569 2544 et
584 2506 750 2555 Appian.
773 2504 926 2556 Syriae
949 2518 986 2556 p.
1013 2506 1120 2546 196.
1150 2504 1294 2542 VVEss.

215 2576 321 2616 372.
349 2578 422 2615 80.
452 2569 739 2624 Συσκευαζόμε
725 2586 814 2612 τον
836 2570 912 2619 τὰς
933 2568 1095 2622 πόλεις]
1141 2571 1208 2609 Sic
1231 2571 1276 2608 de
1297 2569 1430 2607 eodem
1453 2566 1513 2618 Ag
1499 2581 1558 2605 a-

100 2633 228 2671 thocle
247 2633 291 2672 L.
307 2631 421 2670 XIX.
443 2633 546 2671 102.
570 2623 861 2679 ὸιανοοῑμενος
881 2628 949 2667 καὶ
968 2643 1125 2680 ταυτην
1145 2643 1190 2679 τι
1201 2644 1221 2666 ι
1243 2623 1362 2666 πόλιν
1388 2640 1413 2664 σ
1417 2641 1436 2663 ι
1443 2639 1558 2663 σκευ-

104 2685 150 2728 α”-
136 2689 291 2729 εσ.θαι
335 2688 386 2726 Et
416 2691 554 2726 iterum
583 2699 664 2735 cap.
694 2685 794 2726 106.
832 2685 941 2721 Adde
960 2682 1260 2722 Demosthenem
1280 2684 1346 2720 Or.
1371 2682 1416 2718 de
1439 2681 1560 2718 Cher-

105 2759 186 2782 son.
210 2760 245 2796 p.
271 2746 341 2785 54.
373 2751 411 2782 et
438 2757 534 2792 quae
560 2742 612 2780 ibi
634 2741 767 2779 Critici
798 2749 961 2779 meteres
992 2741 1042 2778 u
1046 2751 1130 2780 Ess,

221 2804 325 2842 373
358 2803 432 2843 98.
471 2797 597 2840 Meu}
627 2814 703 2849 ms»
736 2812 841 2850 προς
865 2795 1154 2850 Ἀιτίπατρον
1181 2788 1318 2847 μάχηι
1339 2791 1436 2844 etc.]
1463 2791 1561 2829 Vide

104 2858 146 2895 L.
168 2857 290 2895 XVII.
312 2859 387 2899 63.
431 2858 618 2894 Videntur
639 2855 824 2904 Spartani
852 2851 952 2900 τοὺς
981 2851 1232 2908 τρέσαντας,
1266 2854 1318 2888 ita
1339 2862 1477 2887 vocare
1500 2861 1561 2886 so-

1178 2910 1240 2947 20
1263 2909 1281 2928 ⁴⁹
