1859 3326
324 254 414 284 CXL
624 244 911 279 OECONOMIA
948 244 1221 276 HISTORIAE
1259 246 1487 279 DIODORI.

413 348 445 383 1.
471 344 618 390 Regum
640 344 720 376 vita
748 346 787 376 et
811 341 944 376 officia.
982 340 1137 384 Cap.7o-
1160 344 1214 377 71.
1241 345 1298 379 72.
1346 343 1378 377 Ε
1395 341 1656 378 sacerdotibus
1676 340 1780 374 lecti.

321 405 493 450 Legibus
514 405 623 437 erant
645 400 813 434 adstricti
827 423 836 439 ,
868 408 915 432 ex
935 397 1092 432 arbitrio
1109 397 1201 432 nihil
1219 400 1395 444 agebant.
1440 399 1681 445 Singulorum
1704 399 1782 433 offi-

322 465 466 497 ciorum
494 460 612 494 horae
638 458 886 497 constitutae3
915 456 1038 488 victus
1068 457 1181 489 etiam
1206 456 1355 501 legibus
1385 457 1576 493 definitus.
1613 458 1700 501 Cap.
1724 459 1781 494 70-

322 520 458 565 Neque
485 520 543 551 ira
568 526 690 559 neque
717 523 845 546 amore
873 511 1076 556 quidquam
1106 524 1222 557 agere
1241 514 1304 548 vel
1321 515 1487 549 iudicare
1506 514 1659 549 licebat.
1692 514 1782 556 Cap.

322 580 382 616 71.
425 577 524 609 Hinc
541 582 708 607 summus
725 580 855 613 regum
875 579 981 602 amor
997 569 1079 606 ibid.
1105 571 1228 604 luctus
1247 572 1293 606 ob
1315 576 1503 606 mortuum
1522 582 1654 616 regem
1679 580 1783 604 com-

321 635 448 670 munis
475 631 721 669 describitur3
758 627 1011 672 iudiciumque
1039 628 1226 672 publicum
1256 629 1302 663 de
1330 640 1463 674 regum
1486 630 1577 663 vita.
1617 629 1781 674 cap.72·

412 696 448 729 2.
475 689 587 725 Nomi
607 691 646 720 et
663 683 912 719 Nomarchae.
959 684 1169 719 Incolarum
1194 686 1348 720 classes.
1381 688 1470 732 Cap.
1485 689 1542 725 73.
1566 685 1624 724 74.

415 754 450 788 3.
475 746 703 782 Iudiciorum
739 743 850 775 ratio.
902 741 1094 776 Summum
1121 742 1230 777 XXX
1262 745 1429 778 virorum
1455 744 1655 786 iudicium,
1690 741 1781 778 VIII

321 809 480 844 Codices
497 806 637 848 legum,
663 799 850 844 praesidis
867 800 1030 844 insigne.
1069 798 1228 845 Scriptis
1248 802 1374 835 omnia
1389 801 1539 847 agenda
1556 804 1677 844 erant,
1698 809 1781 835 ora-

321 871 427 901 tores
442 863 534 897 nulli
555 859 721 893 admissi.
770 857 860 900 Cap.
874 858 931 892 75.
950 858 1008 894 76.

408 921 443 958 4,
477 919 605 962 Leges
629 915 902 960 Aegyptiorum
932 916 1182 947 recensentur
1216 913 1460 958 insigniores.
1508 916 1598 959 Cap.
1617 916 1781 952 77—-80-

409 982 444 1015 5.
467 976 685 1008 Literni-um
704 972 851 1014 studia,
873 971 935 1005 vel
951 980 1059 1004 sacra
1075 970 1138 1004 vel
1160 972 1372 1004 communia
1391 976 1513 1005 erant.
1546 971 1781 1012 Geometria‚

317 1035 588 1074 Ariffirneffica,
610 1030 840 1075 Astrologia.
890 1026 1070 1061 Chaldaei
1090 1029 1364 1072 Aegyptiorum
1383 1029 1525 1062 alumni
1542 1028 1779 1064 Palaestram

321 1098 361 1128 et
382 1093 566 1127 Musicani
585 1089 862 1123 abominantur.
890 1087 978 1130 Cap.
993 1087 1050 1120 81.
1095 1087 1165 1119 Ars
1181 1085 1338 1118 medica.
1375 1085 1463 1129 cap.
1481 1088 1539 1121 82.

409 1155 445 1187 6.
476 1149 635 1182 Divinus
665 1146 874 1179 bestiarum
904 1141 1025 1176 honor
1050 1141 1288 1176 describitur.
1347 1140 1398 1175 Iis
1418 1142 1568 1174 alendis
1594 1142 1781 1186 assignati

318 1209 401 1252 agri
423 1213 462 1240 et
481 1204 676 1239 constituti
702 1204 920 1254 curatore&
950 1200 1027 1232 vim
1051 1200 1185 1232 iisdem
1205 1199 1349 1232 illatam
1368 1199 1592 1243 gravissime
1608 1200 1780 1243 puniunt,

316 1270 486 1300 mortuas
503 1264 605 1296 luctu
626 1265 918 1305 prosequuntur.
941 1256 1147 1301 Praecipue
1165 1258 1275 1299 feles,
1299 1257 1511 1299 accipitres,
1533 1257 1652 1300 Apim,
1671 1257 1778 1291 Mne-

315 1324 416 1364 vim,
447 1319 697 1359 crocodilum,
726 1318 876 1350 leonem
905 1319 976 1348 cet.
1005 1319 1249 1351 venerantur,
1287 1315 1376 1359 Cap,
1400 1317 1454 1354 83.
1478 1315 1534 1350 84.
1581 1315 1641 1348 De
1657 1314 1778 1359 Apide

316 1379 525 1424 singularis
551 1376 769 1419 disputatio.
813 1374 901 1416 Cap.
921 1374 978 1409 85.
1024 1367 1207 1417 Religiosi
1233 1372 1442 1407 bestiarum
1470 1373 1592 1406 cultus
1618 1382 1776 1406 caussae

315 1438 537 1473 redduntur.
569 1432 729 1477 Cap.86,
762 1434 820 1468 87.
864 1431 973 1463 Hirci
1001 1431 1121 1471 sacri,
1152 1435 1330 1475 tanquam
1349 1431 1609 1476 generationis
1627 1430 1778 1474 symbo-

314 1496 416 1536 lum,
440 1493 559 1533 tauri,
586 1491 632 1525 ob
652 1489 940 1534 agriculturan13
965 1488 1033 1521 sed
1054 1487 1160 1521 rufos
1178 1489 1375 1522 immolare
1393 1489 1503 1530 licet,
1529 1488 1777 1533 quiaTypho-

314 1555 375 1585 nis
401 1551 565 1584 colorem
594 1546 780 1580 referunt.
825 1546 882 1580 Ob
911 1546 1007 1579 alias
1035 1555 1189 1580 caussas
1214 1546 1291 1580 alia
1316 1546 1496 1580 animalia
1520 1555 1648 1588 sacra,
1683 1545 1776 1590 lupi,

313 1608 506 1644 crocodili.
537 1606 624 1649 Cap.
639 1606 735 1640 88-
744 1605 801 1639 90.

406 1669 441 1702 7.
467 1664 657 1698 Funeium
683 1662 790 1696 ritus.
836 1659 1032 1694 Sumtuum
1052 1664 1131 1695 tres
1153 1660 1306 1694 classes
1352 1659 1548 1694 Cadavera
1574 1648 1774 1694 condiendi

313 1724 428 1758 ratio.
466 1722 555 1765 Cap
574 1721 634 1758 91
689 1718 872 1752 Iudicium
899 1718 1087 1762 publicum
1116 1717 1163 1751 de
1189 1717 1361 1751 mortuis.
1401 1717 1489 1760 Cap.
1508 1718 1565 1754 92.
1595 1717 1773 1752 adiuncta

313 1780 581 1816 observatione
604 1777 650 1810 de
671 1778 752 1809 eius
769 1777 932 1808 instituti
951 1776 986 1807 vi
1005 1775 1053 1808 ad
1074 1785 1219 1808 morum
1240 1776 1493 1808 sanctitatem.
1538 1775 1626 1818 Cap.
1645 1777 1702 1812 93.

402 1839 435 1872 8.
460 1835 653 1869 Recensus
669 1834 867 1878 lewislatoi
871 1844 945 1874 um
969 1833 1103 1878 quibus
1120 1833 1297 1876 Aegyptii
1317 1833 1491 1865 instituta
1511 1835 1587 1866 tam
1606 1833 1773 1867 salubria

311 1897 469 1938 accepta
487 1892 673 1926 referunt.
717 1893 807 1934 Cap.
821 1890 876 1928 94.
900 1891 956 1925 95.

404 1955 437 1990 9,
463 1951 574 1984 Docti
593 1949 901 1994 peregrinatore's
917 1948 1149 1982 Graecorum
1162 1972 1172 1989 ,
1195 1948 1257 1992 qui
1276 1947 1548 1990 Aegyptiorum
1564 1946 1692 1991 legem
1715 1947 1767 1980 in-

311 2012 446 2044 stituta
474 2015 513 2043 et
536 2006 753 2049 disciplinas
778 2007 817 2039 in
835 2007 1008 2049 Aegypto
1027 2008 1226 2050 perceptas
1250 2005 1289 2037 in
1308 2006 1468 2049 patriam
1486 2005 1772 2038 transtulerunt.

311 2069 495 2103 Similiter
512 2066 766 2111 legislatores,
791 2065 969 2098 artifices
1002 2063 1090 2107 Cap.
1108 2064 1274 2099 96-98,

601 2168 652 2206 ΙΙ.
713 2166 1023 2219 Papularum
1051 2164 1209 2202 Asiae
1239 2162 1486 2200 historia.

401 2264 433 2297 E
451 2261 618 2296 methodi
638 2260 820 2301 formula,
850 2260 1032 2294 historiae
1050 2258 1212 2302 Aegypti
1235 2256 1407 2299 singulae
1419 2259 1555 2301 partes
1577 2256 1685 2291 brevi
1703 2269 1765 2293 re—

309 2321 493 2366 petitione
515 2322 794 2353 enumerantur,
843 2318 924 2357 Quo
942 2316 1064 2357 facto,
1089 2315 1291 2349 historicus
1311 2315 1365 2346 ita
1386 2315 1531 2358 pergit:
1557 2315 1675 2356 „Hoc
1702 2326 1765 2348 au-

311 2386 388 2412 tem
407 2378 503 2410 libro
520 2375 625 2409 resin
638 2374 728 2409 Asia
746 2372 1001 2416 antiquissimis
1019 2371 1233 2416 temporibus
1249 2377 1372 2417 gestas
1390 2371 1665 2418 describemus,
1697 2374 1764 2406 ini-

309 2438 404 2471 tium
420 2435 467 2470 ab
481 2434 722 2479 Assyriorum
740 2433 898 2476 imperio
917 2432 1064 2467 facturi.
1076 2436 1096 2452 “

900 2510 933 2545 1.
977 2507 1180 2554 Assyrii.

401 2568 524 2602 Ninus
538 2567 680 2612 primus
698 2576 765 2599 rex
786 2566 1025 2610 Assyriorum
1047 2569 1147 2600 inter
1171 2578 1258 2610 eos,
1295 2576 1451 2611 quorum
1477 2565 1660 2599 memoria
1685 2574 1763 2598 ser-

308 2630 410 2662 vata.
460 2626 497 2659 Is
514 2628 731 2668 comparata
748 2625 924 2656 iuvenum
947 2635 1079 2666 manu,
1105 2629 1144 2659 et
1161 2627 1254 2658 inita
1273 2635 1353 2657 cum
1374 2625 1529 2665 Ariaeo,
1565 2632 1655 2666 rege
1674 2623 1762 2654 Ara-

310 2685 418 2724 biae,
448 2682 652 2722 societate,
689 2681 851 2724 plurium
875 2682 1095 2725 populorum
1123 2683 1320 2726 imperium
1344 2682 1500 2725 appetit.
1552 2681 1604 2713 Ac
1640 2681 1759 2723 primo

309 2740 544 2784 Babyloniae
563 2748 708 2782 agrum,
731 2739 944 2771 Armeniam
964 2748 1008 2771 ac
1025 2738 1191 2772 Mediam
1212 2739 1363 2780 subigit.
1396 2739 1482 2781 Cap.
1493 2741 1521 2774 1.
1551 2737 1648 2769 Tum
1667 2747 1759 2769 vcro

309 2799 436 2831 Asiam
453 2801 571 2831 totam
588 2797 689 2829 intra
699 2796 846 2829 Tanain
863 2799 902 2829 et
920 2795 1048 2829 Nilum
1065 2805 1282 2840 expugnare
1301 2799 1422 2839 parat.
1464 2795 1667 2838 catalogus
1686 2798 1759 2828 ter-
