1859 3326
312 217 386 249 LII
871 211 1204 245 EXCERPTA

316 312 462 348 Athenis
494 311 703 358 Demogene
736 312 893 354 (ultimo
926 320 1024 344 anno
1060 308 1296 354 Olympiadis
1328 309 1571 343 centesimae·
1592 308 1762 342 decimae

314 374 492 417 quintae&
523 376 558 403 et
581 369 678 404 Coss.
703 369 839 403 Romae
864 368 909 401 L.
934 366 1091 408 Plautio,
1119 372 1152 399 et
1177 365 1227 399 M.
1251 366 1389 407 Fulvio,
1414 367 1574 411 (Foslio)
1600 363 1763 409 Agatho-

316 431 385 463 cles
410 428 680 474 Syracusanus,
718 433 889 472 tyrannus
915 424 1068 459 civitatis
1094 423 1191 457 illius
1208 424 1336 470 factus
1362 431 1415 458 est
1436 430 1498 458 etc.
1531 424 1594 457 lib.
1616 423 1699 455 XX.
1725 423 1762 454 in

314 491 431 533 princ.
461 486 503 519 ln
525 484 806 519 antecedentibus
833 482 931 516 libris
957 493 1011 515 res
1039 491 1060 514 a
1090 481 1240 515 Graecis
1267 487 1301 514 et
1322 480 1500 514 Barbarie
1523 486 1644 526 gestas
1668 484 1762 513 vetu-

314 543 476 579 stissimis
500 543 580 576 inde
607 541 816 585 temporibus
839 539 1023 584 prosecuti
1045 550 1166 572 sumus
1194 549 1304 583 usque
1336 539 1385 572 ad
1415 549 1567 580 annum,
1610 536 1673 582 qui
1703 547 1762 570 ex-

310 602 524 648 peditionem
548 598 762 644 Agathoclis
795 598 833 631 in
865 596 1032 644 Africam
1059 596 1225 641 proxime
1257 596 1450 638 antecedit5
1487 595 1547 629 Ad
1577 604 1684 639 quam
1718 593 1761 627 ab

313 659 577 705 expugnatione
609 655 739 689 Troiae
763 655 961 701 octingenti
983 655 1166 701 octoginta
1191 661 1261 688 tres
1287 654 1374 688 anni
1397 659 1660 698 computantur.
1715 649 1762 684 In

312 718 379 752 hoc
411 723 527 750 autem
559 713 735 747 volumine
767 711 934 755 annexis,-
974 724 1065 756 quae
1099 723 1179 747 cum
1209 712 1360 746 historia
1394 712 1603 754 cohaerent,
1650 720 1762 743 annos

312 781 389 809 octo
418 771 607 816 complexi,
643 781 666 804 a
686 770 894 804 traiectione
915 769 1127 816 Agathoclis
1149 769 1188 802 in
1211 770 1364 816 Libyam
1389 770 1633 811 exordiemur,
1658 773 1763 811 atque

310 833 350 867 in
378 843 455 865 eum
480 829 674 863 desinemus
702 839 853 869 annum,
883 839 950 871 qno
976 840 1080 874 reges
1106 827 1237 861 animis
1261 834 1296 861 et
1314 827 1435 873 opibus
1461 825 1661 867 coniuncti,
1687 824 1762 857 An-

311 891 434 935 tigono
463 886 622 930 Philippi
652 897 835 920 commune
857 886 982 920 bellum
1006 887 1213 920 intulerunt.
1258 885 1440 920 Archonte
1463 884 1762 918 Hieromnemone

311 945 472 985 Athenis,
505 946 635 987 (tertio
660 954 758 978 anno
783 945 1017 989 Olympiadis
1043 946 1272 978 centesimae
1299 944 1468 977 decimae
1493 944 1694 987 septimae)
1727 945 1764 973 et

314 1005 412 1038 Coss.
434 1003 569 1036 Romae
595 1000 636 1035 C.
660 1000 774 1042 Iulio,
815 1008 850 1035 et
875 1001 916 1044 Q.
941 1001 1113 1044 Aemilio,
1159 1001 1198 1035 in
1225 1000 1352 1036 Sicilia
1381 1000 1600 1047 Agathocles
1629 1008 1761 1044 pugna

311 1064 360 1097 ad
380 1061 567 1095 Himeram
592 1070 614 1093 a
640 1058 983 1105 Carthaginensibus
1001 1059 1236 1105 profligatus,
1267 1059 1427 1092 maxima
1447 1057 1622 1092 exercitus
1641 1062 1762 1102 parte,

310 1121 348 1155 in
375 1130 446 1165 qua
467 1117 687 1164 praecipuae
709 1117 822 1161 vires,
851 1117 1003 1160 amissa,
1028 1117 1246 1164 confugerat
1269 1117 1480 1163 Syracusas.

899 1220 1173 1254 NOTAE.

401 1286 603 1322 cxxxvi.
638 1287 680 1321 In
713 1286 945 1321 Collectione
979 1297 1162 1321 annorum
1189 1296 1212 1319 a
1236 1284 1356 1319 Troia
1393 1288 1502 1330 capta
1534 1283 1582 1318 ad
1615 1284 1759 1328 ingres-

309 1358 389 1381 sum
424 1346 510 1378 libri
536 1345 634 1377 XIII.
667 1348 821 1389 apertus
855 1349 913 1378 est
947 1356 1054 1379 error
1085 1344 1346 1385 librariorum,
1386 1348 1425 1377 et
1458 1343 1542 1377 loco
1575 1352 1759 1376 annorum

308 1403 485 1438 DCCLX.
518 1403 679 1446 ponendi
713 1407 799 1436 sunt
831 1405 918 1436 anni
950 1403 1215 1436 DCCLXVIII.
1280 1401 1391 1435 Patet
1424 1400 1461 1434 id
1497 1412 1544 1435 ex
1583 1404 1760 1445 computu

307 1461 588 1507 Olympiadico:
638 1461 773 1504 Incipit
809 1460 998 1494 Diodorus
1031 1461 1166 1494 librum
1198 1460 1298 1493 XIII.
1329 1470 1410 1493 cum
1455 1470 1553 1493 anno
1592 1459 1758 1493 secundo

307 1519 544 1564 Olympiadis
571 1519 837 1562 nonagesimae
863 1520 1026 1563 primae,
1061 1529 1152 1563 ergo
1179 1518 1298 1561 elapsi
1319 1522 1430 1551 erant
1452 1519 1540 1550 anni
1567 1517 1758 1561 Olympia-

305 1578 379 1611 dici
404 1576 589 1611 CCCLXI.
623 1575 680 1609 his
716 1576 889 1610 addendo
915 1577 1111 1612 CCCCVII.
1150 1586 1268 1609 annos
1301 1575 1562 1619 Olympiadem
1597 1576 1756 1619 primam

305 1645 575 1680 praegreSSOS,
609 1635 705 1667 fiunt
728 1636 815 1667 anni
838 1634 1102 1669 DCCLXVIII.
1149 1633 1261 1667 Patet
1285 1643 1432 1678 quoque
1459 1644 1565 1666 error
1591 1644 1636 1667 ex
1659 1644 1756 1666 com-

302 1698 396 1738 putu
423 1693 468 1725 ad
493 1692 627 1724 librum
651 1691 748 1726 XIV.
770 1692 1035 1737 subsequente,
1062 1691 1123 1736 qui
1143 1690 1260 1724 infert
1277 1701 1395 1724 annos
1414 1686 1676 1726 DCCLXXIX.
1713 1692 1756 1724 ln

302 1751 400 1784 libro
424 1750 522 1783 XIII.
550 1760 621 1783 non
648 1751 888 1783 continentur
913 1750 983 1781 nisi
1007 1749 1069 1782 XI.
1096 1750 1197 1790 anni,
1223 1748 1260 1782 hi
1279 1748 1397 1781 additi
1416 1754 1590 1792 corrupto
1611 1749 1755 1782 calculo

302 1807 545 1852 praecedenti
571 1806 748 1841 DCCLX.
772 1817 975 1847 annorum,
1017 1808 1211 1840 efficerent
1238 1807 1358 1840 solum
1383 1807 1495 1840 modo
1521 1806 1753 1842 DCCLXXI.

303 1875 435 1900 annos.
488 1864 668 1898 Collectio
696 1875 877 1898 annorum
905 1875 927 1897 a
952 1865 1068 1897 Troia
1095 1868 1204 1908 capta
1232 1864 1278 1896 ad
1304 1865 1516 1908 ingressum
1544 1864 1630 1897 libri
1653 1863 1752 1899 XIV.

303 1923 505 1966 patefacit,
539 1923 637 1966 quod
663 1923 852 1957 Diodorus
879 1923 987 1961 annis
1013 1922 1285 1966 OlympIadicis
1311 1931 1430 1955 annos
1455 1922 1594 1955 Troiae
1621 1926 1752 1965 captae

303 1982 449 2025 priores
474 1985 619 2013 tantum
646 1981 762 2013 addat
784 1981 985 2015 CCCCVII.
1040 1980 1174 2023 Incipit
1198 1980 1249 2012 ibi
1274 1980 1464 2013 Diodorus
1490 1979 1752 2023 Olympiadem

303 2038 586 2081 nonagesimam
607 2043 789 2081 quartam,
816 2048 906 2082 ergo
935 2038 1087 2080 elapsae
1114 2041 1223 2070 erant
1242 2037 1487 2081 Olympiades
1505 2037 1632 2070 XCIII.
1656 2047 1752 2081 qnae

303 2096 497 2128 continent
520 2105 638 2128 annos
661 2096 899 2129 CCCLXXII.
926 2095 982 2128 his
1007 2095 1180 2127 addendo
1202 2095 1402 2128 CCCCVII.
1423 2105 1541 2128 annos
1563 2095 1752 2139 Olympia-

303 2151 388 2184 dem
416 2152 573 2194 primam
597 2163 863 2196 praegressos,
896 2152 991 2186 fiunt
1023 2154 1110 2185 anni
1132 2150 1416 2193 DCCLXXIX.‚
1456 2157 1498 2184 ut
1522 2153 1560 2184 in
1583 2152 1751 2186 Diodoro

301 2213 559 2241 numerantur.
613 2210 793 2243 Collectio
819 2220 1000 2243 annorum
1026 2220 1048 2241 a
1072 2210 1189 2241 Troia
1216 2213 1325 2252 capta
1352 2208 1400 2241 ad
1425 2209 1636 2252 ingressum
1665 2210 1751 2243 libri

301 2265 402 2298 XIX.
435 2265 472 2297 in
508 2267 587 2309 pari
620 2267 763 2300 calculo
800 2272 876 2308 est,
922 2272 964 2299 ut
1002 2266 1248 2309 praecedens.
1309 2266 1442 2310 Incipit
1476 2265 1574 2299 hunc
1612 2267 1750 2300 llbrum

299 2323 490 2356 Diodorus
526 2333 607 2356 cum
639 2324 771 2357 ultimo
802 2335 899 2357 anno
927 2323 1162 2367 Olympiadis
1185 2322 1295 2359 CXV.
1324 2334 1415 2368 ergo
1442 2326 1528 2357 anni
1555 2329 1641 2359 ante
1677 2325 1751 2358 ela-

299 2381 358 2423 psi
402 2385 512 2412 erant
555 2381 804 2424 Olympiadici
837 2381 1057 2415 CCCCLIX.
1102 2379 1160 2413 his
1201 2381 1375 2416 addendo
1414 2383 1614 2417 CCCCVII.
1655 2380 1751 2417 fiunt

298 2436 558 2472 DCCCLXVl.
586 2440 684 2473 anni.
735 2439 915 2472 Collectio
941 2438 987 2471 ad
1013 2440 1226 2482 ingressum
1254 2440 1340 2472 libri
1366 2440 1447 2473 XX.
1474 2441 1656 2484 imprimis
1682 2442 1749 2474 ite-

296 2504 379 2527 rum
400 2498 531 2537 aperto
554 2494 791 2529 librariorum
816 2506 944 2529 errore
963 2496 1123 2529 laborat.
1168 2496 1293 2540 Usque
1313 2497 1359 2529 ad
1380 2497 1492 2530 finem
1511 2499 1597 2530 libri
1617 2498 1748 2532 xvffl.

297 2551 488 2585 Diodorus
513 2549 676 2586 habebat
701 2563 820 2586 annos
843 2563 864 2586 a
885 2554 1002 2586 Troia
1027 2558 1136 2596 capta
1160 2553 1414 2588 DCCCLXVI.
1433 2556 1529 2588 liber
1546 2555 1642 2589 XIX.
1663 2566 1746 2588 con-

295 2611 393 2642 tinet
418 2619 536 2642 annos
564 2615 708 2643 tantum
737 2615 903 2654 septem,
948 2609 984 2642 hi
1014 2611 1131 2643 additi
1158 2614 1266 2645 annis
1292 2612 1548 2647 DCCCLXVI.
1582 2613 1747 2645 efficiunt

294 2676 414 2699 annos
447 2666 744 2700 DCCCLXXIII.
778 2679 850 2701 non
883 2668 1213 2702 DCCCLXXXIII.
1250 2676 1293 2701 ut
1324 2671 1460 2702 vitiose
1497 2669 1638 2702 editum
1674 2675 1744 2704 cst.

294 2725 494 2757 Caeterum
520 2725 684 2758 calculus
708 2727 788 2769 ipse
815 2725 1030 2769 pariformis
1057 2731 1115 2759 est
1139 2727 1472 2770 praecedentibus:
1504 2727 1637 2772 Incipit
1654 2727 1743 2761 Dio-

293 2781 408 2814 dorus
433 2781 569 2815 librum
594 2781 676 2814 XX.
709 2793 789 2815 cum
822 2784 936 2816 tertio
969 2793 1066 2816 anno
1093 2784 1328 2828 Olympiadis
1352 2774 1496 2819 CXVII.
1529 2795 1620 2829 ergo
1654 2790 1741 2819 ante

289 2838 442 2883 elapsae
469 2845 578 2873 erant
603 2829 848 2884 Olympiades
875 2840 999 2877 CXVI.
1029 2852 1111 2875 cum
1137 2842 1312 2882 dimidia3
1356 2840 1427 2875 hae
1455 2843 1648 2876 continent
1677 2853 1740 2875 an-
