1859 3326
303 234 416 266 CLVI
603 230 888 264 OECONOMIA
925 229 1191 262 HISTORIA-E
1220 230 1440 263 DIODORI.

301 331 424 366 Filiae
439 329 542 363 lovis
556 330 824 370 recensentur,
852 322 910 369 et,
938 326 1072 371 quibus
1089 317 1262 369 singulae
1279 326 1487 360 instructae
1502 325 1665 369 fuerint,
1698 326 1762 362 ‹lo-

303 391 376 423 tes.
412 387 572 430 Cap.73.
599 405 643 411 --
672 385 821 420 Musae.
844 403 888 410 --
917 383 1025 418 Filii:
1045 376 1258 423 Vulcanus,
1279 382 1406 427 Mars,
1427 384 1579 429 Apojllo,
1606 385 1763 430 eiusque

301 444 406 478 filius
428 443 685 487 Aesculapius.
724 442 812 486 Cap.
828 440 886 478 74.
931 439 1158 474 Mercurius.
1199 438 1384 476 Bacchus.
1412 441 1501 486 Cap.
1519 441 1583 478 75.
1610 434 1765 476 'Hm-cu.

301 502 373 538 les.
408 500 497 545 Cap.
515 502 572 538 76.
619 498 763 532 Plutus.
797 490 995 530 Hactenus
1014 496 1060 530 de
1077 495 1161 530 Diis
1178 496 1276 539 apud
1293 506 1335 529 se
1356 498 1460 533 ortis.
1508 496 1624 531 Sacra
1641 502 1680 532 et
1696 498 1765 532 ini-

303 560 360 592 tia
383 559 421 590 in
443 558 557 591 Creta
571 558 731 600 primum
748 555 923 587 instituta
942 562 1049 593 esse,
1082 551 1181 586 unde
1199 551 1367 586 cone-*etQ
1398 554 1484 598 Cap.
1506 557 1562 592 77.
1583 572 1629 580 --
1668 555 1762 596 Iam,

298 618 387 659 post
403 615 528 655 Deos,
562 613 699 646 heroes
716 610 971 644 celebrantur:
1002 609 1142 642 Minos.
1171 609 1260 653 Cap.
1280 611 1337 648 78.
1384 610 1695 644 Rhadamanthus
1722 617 1762 646 et

301 672 511 717 Sarpedon.
545 671 632 713 Cap.
649 671 707 706 79.
732 686 775 693 —-
809 668 869 701 De
898 666 1056 699 coloniis
1084 666 1121 698 in
1148 660 1303 700 Cretam
1330 668 1654 713 immigrantibus:
1679 660 1760 702 ’Pe-4

298 731 440 775 lasgis,
463 728 651 768 Doribus,
674 725 849 759 barbaris
864 723 1105 767 promiscuis,
1131 724 1281 768 Argivis
1301 728 1340 758 et
1357 725 1565 770 SpartaniS.
1601 726 1690 770 Cap.
1704 728 1762 761 80.

390 786 538 820 Lesbus.
587 782 704 816 Primi
728 781 879 815 incolae
906 780 1083 823 Pelasgi,
1119 781 1182 824 qui
1207 781 1301 815 duce
1317 781 1491 824 Xantho,
1521 783 1687 826 Triopae
1706 781 1759 818 fil.

296 845 461 878 insulam
480 843 671 875 desertam
690 840 932 881 occuparunt.
974 837 1070 870 Ante
1095 835 1178 869 Issa
1197 839 1409 882 appellata,
1439 850 1539 873 nunc
1561 838 1761 883 Pelasgiae

299 912 438 935 nomen
456 899 611 941 accepit.
658 896 752 930 Post
764 895 967 928 Macareus
987 897 1025 927 et
1041 891 1206 935 Lesbus‚
1239 895 1426 941 Lapithae
1444 898 1486 933 F.
1502 897 1610 930 Aeoli
1630 896 1678 931 N.
1697 907 1761 930 no-

297 969 367 992 vas
398 956 565 990 colonias
602 963 647 987 eo
680 951 938 992 deduxerunt,
979 950 1216 996 insulamque
1242 951 1409 986 Lesbum
1435 955 1761 999 cognominarunt,

295 1015 437 1049 Iisdem
453 1012 578 1052 Chius,
600 1010 746 1051 Samus,
768 1009 840 1042 Cos
860 1008 1065 1042 subiectae.
1097 1009 1186 1054 Cap.
1201 1010 1258 1045 81.
1282 1029 1327 1037 -
1349 1010 1436 1045 Hae
1454 1011 1603 1047 insulae
1621 1011 1759 1048 deinde

295 1072 417 1106 beatae
434 1069 661 1103 nominatae.
695 1067 784 1109 Cap,
807 1068 862 1101 82.

390 1125 563 1160 Tenedus.
610 1126 785 1164 Tenues,
812 1122 932 1166 Cygni
948 1121 999 1155 fil.
1014 1121 1163 1155 insulae
1188 1121 1371 1157 conditor.
1401 1124 1489 1167 Cap.
1506 1126 1563 1160 83.

383 1183 537 1218 Insulae
567 1183 733 1215 minores
761 1178 930 1224 Cyclades
957 1179 1079 1222 magis
1098 1179 1224 1211 obiter
1250 1174 1611 1224 commemorantur,
1645 1193 1757 1228 quam

294 1245 362 1277 aut
380 1240 600 1285 singulatim
622 1240 872 1272 recensentur
888 1239 956 1268 aut
972 1235 1248 1269 deseribuntur.
1293 1237 1380 1281 Cap.
1396 1239 1454 1274 84.

294 1345 346 1402 C)
394 1345 546 1386 Liber
574 1342 645 1384 VI.
677 1343 766 1396 qui
792 1340 1063 1380 historiae
1090 1339 1349 1391 mythicae
1378 1342 1591 1382 ultimus
1619 1350 1754 1393 arat,

911 1408 1137 1446 interiit.
1263 1415 1265 1417 ·

410 1705 469 1747 II.
539 1700 748 1747 OPERIS
783 1698 943 1745 PARS
974 1698 1233 1746 ALTERA
1265 1698 1380 1759 HIS
1391 1702 1627 1746 TORICA.

830 1807 1225 1875 Argumentum.-

286 1908 400 1955 PAns
421 1920 439 1954 I
465 1930 534 1954 sex
552 1919 741 1963 prioribus
755 1917 864 1952 libris
883 1918 1102 1959 'continebat
1119 1929 1212 1962 opus
1231 1916 1444 1963 mythicum,
1467 1928 1540 1963 quo
1559 1917 1750 1952 Diodorus

286 1984 457 2024 tempus,
487 1977 629 2023 mythis
652 1976 938 2017 adumbratum,
971 1980 1195 2020 persecutus
1224 1979 1294 2011 est.
1332 1975 1429 2009 -Jam
1447 1976 1574 2019 operis
1602 1974 1694 2008 Pars
1712 1976 1750 2009 ΙΙ

287 2037 478 2078 succedit,
507 2046 603 2080 quae
624 2041 682 2068 est
698 2032 891 2076 historica,
917 2033 1170 2077 complectens
1188 2037 1377 2077 tempora,
1412 2043 1548 2077 resque
1566 2032 1604 2064 in
1620 2033 1668 2066 iis
1687 2043 1751 2077 ge-

287 2095 382 2135 stas,
403 2093 484 2127 stilo
501 2091 670 2125 historico
687 2091 908 2134 descriptas,
945 2091 1099 2124 Interea
1117 2090 1216 2123 enim
1236 2091 1423 2133 scriptura
1440 2088 1677 2133 alphabetica
1696 2090 1751 2121 in-

285 2156 421 2192 venta,
454 2161 539 2184 mox
565 2150 679 2182 etiam
704 2148 843 2181 idoneo
867 2148 1056 2181 scribendi
1078 2148 1330 2180 instrumento
1357 2154 1396 2180 et
1416 2147 1576 2180 materia
1592 2147 1751 2190 scriptu-

285 2206 357 2244 rae
373 2208 488 2240 habili
506 2211 639 2248 aucta,
673 2206 935 2249 communique
959 2205 1044 2237 usui
1062 2204 1345 2236 accommodata
1362 2213 1407 2236 ac
1422 2204 1562 2236 sensim
1581 2203 1750 2247 divulga-

286 2271 329 2299 ta
346 2269 443 2299 erat:
470 2266 551 2298 eius
569 2273 661 2296 vero
679 2272 748 2305 ope
766 2263 865 2295 ratio
884 2265 922 2295 et
940 2262 1062 2295 oratio
1082 2261 1236 2301 cultior,
1269 2270 1395 2293 rerum
1416 2263 1494 2293 tum
1514 2260 1750 2303 contempla-

286 2324 340 2356 tio
359 2327 435 2356 tum
455 2320 650 2355 enarratio
671 2323 709 2352 et
727 2320 869 2352 certior
887 2322 928 2351 et>
942 2318 1091 2361 planior
1107 2316 1207 2349 facta
1227 2319 1297 2350 est.
1333 2316 1499 2350 Rudiore
1518 2320 1646 2350 aetate
1666 2327 1749 2350 ora-

286 2382 341 2414 tio
362 2383 445 2413 erat
461 2378 646 2423 mythica‚
673 2372 1169 2421 scriptura'iconographica
1191 2377 1229 2406 et
1249 2371 1552 2417 hieroglyphica:
1586 2377 1747 2419 utraque

285 2436 514 2481 imaginibus
543 2445 606 2468 res
633 2433 880 2473 adumbrans,
911 2434 1072 2475 utraque
1098 2431 1244 2463 ineerta
1264 2434 1303 2462 et
1321 2429 1450 2463 fallax.
1497 2430 1748 2471 Quemadmo-

287 2494 376 2527 dum
401 2503 513 2534 vero,
543 2502 625 2524 curn
655 2493 815 2535 primum
840 2486 973 2533 parata
999 2492 1037 2521 et
1058 2488 1097 2521 in
1120 2491 1268 2531 promtu
1289 2488 1414 2530 posita
1435 2493 1538 2521 esset
1561 2490 1747 2523 materiae

287 2552 416 2594 copia,
449 2550 508 2583 cui
534 2549 826 2588 inscriberetnr,
859 2549 898 2578 et
918 2545 1008 2577 talis
1036 2535 1211 2587 quidem,
1245 2554 1341 2588 quae
1365 2543 1512 2579 facilius
1531 2547 1748 2590 complicari

286 2618 333 2641 ac
360 2604 593 2640 circumferri
621 2607 769 2648 posset,
803 2613 938 2636 novum
956 2601 1050 2634 illud
1070 2599 1258 2634 scribendi
1275 2611 1396 2645 genus
1412 2601 1460 2634 ad
1481 2612 1543 2636 res
1562 2613 1745 2646 quascun—

286 2675 359 2710 que
378 2664 515 2697 rectius
534 2650 817 2705 percipiendas,
850 2660 990 2692 clarius
1011 2658 1280 2699 enuntiandas,
1311 2658 1499 2702 latiusque
1523 2659 1746 2703 vulgandas,

284 2722 442 2756 multum
462 2720 635 2760 valebat3
657 2720 714 2751 ita.
729 2721 808 2751 tum
827 2716 990 2756 demum,
1014 2725 1110 2755 cum,
1134 2715 1318 2758 abrogata
1337 2719 1374 2748 et
1391 2715 1557 2759 mythica
1579 2717 1744 2751 dictione

288 2783 327 2813 et
352 2774 643 2823 iconographica
666 2785 736 2810 seu
762 2771 1050 2820 hieroglyphice.
1074 2772 1280 2817 scriptura,
1315 2771 1513 2806 literarum
1538 2774 1648 2818 signa
1672 2783 1745 2807 usu
