1891 3310
375 129 442 169 IN
468 129 1518 183 LIB XV1LCAP.17.--19.153

69 242 166 289 hem.
191 243 234 281 ln
256 241 388 282 Indice
408 241 614 282 Curtiano·
638 243 775 293 quibus
797 243 901 285 haud
922 247 1109 299 refragor.
1137 247 1229 290 Non
1250 250 1352 288 enim
1372 255 1519 319 perspi-

69 302 143 347 cio,
174 313 242 338 cur
260 299 472 337 Alexandri
494 300 691 338 sacrificus
716 301 902 340 dicendus
921 301 1007 341 heic
1029 308 1092 351 sit,
1122 307 1188 354 qui
1207 318 1298 343 mox
1318 310 1392 346 τοῦ
1412 306 1518 358 μάν-

68 370 170 402 τεως
189 355 379 393 duntaxat
406 357 520 393 titulo
541 355 778 407 designatur.
806 356 927 407 Culpa
945 361 1239 398 amanuensibus
1255 360 1424 411 debetur,
1439 377 1518 402 non

67 411 274 450 admodum
294 412 502 449 dissimiles
522 425 638 449 voces
656 413 993 453 confundentibus.
1021 416 1157 455 wass.

185 479 287 520 173.
330 479 404 519 68.
450 475 527 517 'Eu
568 480 628 518 τῶ
662 480 740 533 νεῷ
773 478 966 531 κειμένων
1003 478 1143 522 ὅπλων
1178 478 1226 522 τὸ
1267 480 1517 540 κοάτιστον]

66 533 275 585 C13peum,
311 540 355 571 ut
386 547 478 571 mox
507 547 540 571 c.
571 537 646 575 21.
681 535 768 575 Vid.
802 536 955 575 Arrian.
994 535 1152 589 ‘Ar-ast
1183 537 1226 575 L.
1247 538 1275 576 Ι.
1304 543 1374 581 11.
1423 542 1520 580 Post

63 603 233 641 pugnam
261 589 310 627 ad
341 588 551 628 Granicum
576 590 716 629 Strabo
736 591 1005 630 Alexandrum
1028 596 1069 631 in
1102 593 1175 632 hoc
1199 593 1396 635 Minervae
1417 604 1517 636 tem-

63 649 170 698 plum
198 646 353 684 deducit
380 645 424 684 L.
448 645 559 683 XIII.
581 659 619 697 p-
644 649 775 697 886„
805 649 871 686 ubi
890 647 1155 688 Casaubonum
1174 653 1345 690 consule.
1374 653 1516 691 Wnss.

181 715 286 756 173.
321 714 392 755 87
437 710 526 760 Τὰς
557 710 825 764 πανταχόθεν
846 711 1075 782 δυνάμεις]
1104 715 1191 755 Hoc
1209 720 1421 768 reliquerat
1443 733 1518 759 au-

65 776 161 808 ctor.
188 770 245 808 lta
265 783 298 807 c.
316 770 389 811 31.
419 767 533 807 huius
553 770 644 808 libri
670 768 797 817 εὐθυς
819 786 892 810 ουν
910 770 1188 822 μετεπέιιπετο
1209 771 1283 821 τὰς
1304 772 1517 827 πανταχό-

65 830 117 866 &a
106 821 362 880 -νδυνάμεις,
389 824 440 862 Et
453 839 532 877 cap.
547 827 618 866 53.
642 826 907 896 συνηθροίκει
925 842 975 878 με
960 826 1001 867 ἐν
1020 826 1095 875 τὰς
1108 826 1375 896 πανταχόθεν
1389 829 1519 872 δυνά-

61 897 163 935 μεις.
195 881 296 921 Tum
316 881 359 919 L.
380 881 429 919 II.
450 883 494 923 2.
521 878 649 931 αὐτὸς
677 879 752 931 τὰς
778 879 1046 934 πανταχόθεν
1073 881 1265 937 δυνάμεις
1291 908 1340 916 -·-
1365 885 1516 942 ἀθροί-

66 953 145 986 σας
163 944 236 976 etc.
261 937 401 978 WESS.

177 995 282 1036 173
318 995 392 1036 89.
443 991 650 1063 Φρυγίας,
681 995 760 1045 τῆς
788 990 851 1061 ἐφ’
881 988 1216 1050 Ἑλλήσποντον]
1269 997 1435 1038 Inferius
1472 999 1516 1038 L.

62 1049 208 1089 XVIII.
230 1051 272 1091 3.
293 1058 332 1088 et
352 1050 425 1090 39.
452 1048 528 1102 τὴν
550 1047 611 1104 ἐφ
637 1045 938 1119 ζΕλλησπόντω
963 1051 1150 1119 Φρυγίαν
1170 1059 1298 1101 vocat,
1324 1058 1384 1093 uti
1405 1055 1517 1094 Stra-

64 1107 114 1146 bo
134 1106 178 1147 L.
199 1106 292 1144 XII.
322 1120 357 1157 p·
383 1106 488 1148 850.
512 1105 580 1154 A.,
611 1107 680 1144 alii
710 1103 786 1158 τὴν
817 1103 878 1160 ἐφ’
904 1091 1221 1159 Εὶλησπόντου
1244 1122 1331 1148 cum
1350 1111 1516 1163 Polybio

61 1162 155 1214 Leg
175 1163 357 1211 Excerpt.
378 1163 568 1213 p-1143
596 1162 664 1202 sed
684 1168 898 1214 sequuntur
916 1165 958 1205 in
978 1162 1039 1202 his
1059 1164 1260 1204 arbitrium
1279 1179 1392 1206 suum
1413 1171 1516 1207 scri-

64 1226 206 1268 ptores.
234 1219 377 1258 Wnss.

178 1276 282 1317 174.
315 1276 391 1316 94.
431 1273 518 1316 Καὶ
545 1270 782 1328 σύντομον]
821 1273 925 1315 Malo
952 1270 1165 1317 σύντονον.
1204 1275 1293 1318 Vid.
1324 1277 1374 1318 ad
1403 1277 1516 1318 huius

3 1363 5 1370 .
63 1331 131 1370 lib.
158 1345 191 1370 c.
216 1333 290 1372 32.
319 1331 457 1370 Wnss.

177 1400 282 1442 174.
308 1400 350 1439 3.
384 1393 490 1450 ‘Apa'
520 1393 657 1455 ἡμέρᾳ
688 1393 954 1452 περαιώσας]
996 1394 1130 1451 Longe
1162 1400 1243 1439 abit
1273 1401 1376 1441 Plut.
1405 1402 1516 1441 Alex.

0 1430 2 1434 *
61 1467 98 1505 1)-
121 1456 226 1497 672.
244 1455 307 1504 D.‚
330 1461 369 1493 et
388 1455 576 1493 Arrianus
601 1455 644 1495 L.
669 1455 699 1494 I.
728 1456 797 1496 14.
818 1469 854 1506 p.
877 1457 967 1504 30„
991 1458 1057 1506 qui
1077 1457 1138 1494 die
1160 1458 1201 1494 in
1223 1471 1423 1508 vesperam
1448 1460 1515 1497 in-

62 1513 232 1550 clinante
262 1511 474 1550 Granicum
501 1513 665 1550 tramitti
695 1518 874 1562 coeptum
903 1513 1024 1550 fuisse
1053 1512 1317 1561 prodiderunt.
1376 1515 1514 1553 Paullo

61 1574 151 1605 ante
180 1570 214 1607 si
243 1570 310 1618 qui
340 1565 642 1620 διεσπασμὲνης
667 1589 714 1597 --
740 1563 952 1622 φάλαγγος
970 1569 1199 1617 maluerint,
1230 1571 1413 1609 cumillis
1436 1585 1516 1609 non

3 1655 5 1664 ,
60 1625 250 1676 pugnabo.
279 1624 337 1662 Ita
355 1624 510 1664 Arrian.
532 1624 576 1664 L.
598 1624 646 1663 ΙΙ.
669 1625 757 1673 10.,
786 1636 901 1676 quem
930 1625 1150 1664 exscribere
1176 1626 1407 1666 conmodum
1434 1640 1516 1666 non

0 1687 4 1753 ἑ

64 1688 135 1719 est.
159 1681 294 1720 Wnss.

182 1749 286 1789 174
317 1751 358 1790 8.
382 1745 664 1815 Ἀρσαμένης]
689 1747 768 1786 Ηίο
783 1743 1042 1813 Ἀρσαμένης
1058 1746 1286 1786 ArrianoL.
1306 1747 1335 1786 Ι.
1362 1748 1433 1790 15.
1455 1756 1516 1787 est

59 1799 300 1871 Ἀοσάμης,
322 1812 359 1841 et
380 1801 683 1858 Σπιθροβάτης
701 1803 826 1843 eidem
844 1798 1132 1858 Μιθριδάτης.
1160 1803 1257 1844 Item
1273 1801 1518 1860 Ἀῥρεωμί-

61 1861 174 1914 θοης
196 1868 255 1898 est
272 1856 544 1914 Ῥεωμίθρης.
575 1859 733 1897 STEPH.

179 1928 385 1969 174.11.
427 1922 754 1980 Σπιθροβάτης]
793 1926 840 1965 Ιη
858 1925 1025 1965 Arriano
1056 1939 1162 1966 nune
1189 1927 1316 1966 editur
1335 1926 1518 1982 Σπιθρι-

63 1978 214 2034 ὃατης,
256 1997 280 2022 a
309 1996 384 2033 quo
406 1984 552 2035 Lydiae
575 1991 614 2021 et
632 1983 763 2021 Ioniae
791 1990 944 2033 satrapa
971 1983 1227 2035 distinguitur
1256 1983 1516 2050 Mithridates,

62 2039 176 2077 Darii
202 2053 343 2091 gener,
375 2040 424 2078 ab
446 2040 670 2078 Alexandro
692 2045 909 2089 prostratus
928 2038 971 2076 L.
994 2039 1023 2077 1.
1047 2041 1119 2081 15.
1110 2067 1133 2088 .,
1155 2053 1286 2089 prave,
1309 2042 1344 2077 si
1366 2039 1515 2079 Diodo-

61 2109 149 2133 rum
169 2098 384 2145 sequimur.
414 2097 515 2136 idem
535 2099 638 2134 enim
656 2102 694 2132 et
714 2095 844 2133 Ioniae
865 2096 1083 2146 praefectus
1105 2102 1145 2134 et
1165 2095 1275 2134 Darii
1293 2109 1435 2147 gener,
1464 2097 1512 2134 ab

61 2151 287 2190 Alexandro
305 2153 517 2191 confectus.
555 2152 686 2190 Taxat
702 2151 865 2202 proinde
883 2151 914 2190 F
916 2151 1121 2191 reinshem.
1140 2154 1183 2190 in
1203 2151 1386 2190 Curtiano
1410 2152 1517 2192 Indi-

64 2221 107 2246 ce
137 2215 199 2257 et,
223 2211 305 2246 eius
325 2212 502 2261 vestigiis
522 2208 750 2256 inhaerens,
778 2206 1016 2246 Blancardus
1044 2209 1412 2247 inconsiderantiam
1439 2209 1516 2247 Ar-

62 2266 186 2304 riani:
225 2266 265 2303 id
286 2266 461 2314 equidem
478 2268 556 2314 pati
577 2274 755 2314 possum3
794 2275 1044 2314 quamquam,
1083 2271 1127 2302 ut
1146 2265 1277 2302 sedulo
1298 2265 1445 2313 dicam,
1471 2267 1515 2302 in

65 2321 245 2372 ambiguo
264 2321 364 2370 apud
383 2335 445 2359 me
465 2329 617 2369 manet,
653 2327 742 2358 uter
763 2323 913 2360 errarit.
961 2320 1104 2359 Noster
1123 2320 1361 2359 Mithridatis
1379 2322 1516 2371 generi

63 2374 176 2414 Darii
204 2390 283 2414 non
303 2380 492 2416 meminit.
532 2378 721 2415 Arrianus
742 2383 781 2415 et
801 2376 1065 2415 Mithridatem
1086 2384 1124 2414 et
1146 2376 1424 2427 Spithridatem
1443 2377 1516 2414 hoc

65 2435 215 2481 proelio
235 2435 373 2481 partim
395 2433 607 2471 Alexandri
627 2446 765 2481 manu,
806 2436 946 2482 partim
966 2431 1060 2471 Cliti
1078 2436 1221 2471 virtute
1243 2433 1410 2471 deiectos
1430 2446 1516 2482 per-

65 2488 192 2536 hibet,
221 2496 382 2537 nactus,
413 2490 516 2539 quod
535 2491 752 2541 neglectum
775 2502 799 2527 a
818 2492 916 2528 viris
935 2488 1061 2527 doctis
1080 2492 1222 2536 miror,
1261 2489 1516 2537 adstipulato-

65 2557 148 2582 rem
175 2546 277 2583 Plut.
309 2545 376 2583 Or.
402 2545 432 2582 l.
464 2546 509 2582 de
532 2545 644 2584 Alex.
667 2545 774 2584 Fort
804 2558 841 2594 p.
863 2547 968 2585 326.
989 2544 1034 2584 F.
1067 2546 1134 2582 ubi
1159 2545 1377 2582 Alexander
1398 2544 1515 2584 Κιλι-

66 2599 159 2640 κίαν
187 2599 233 2640 ὁὲ
262 2598 453 2656 (ἀνέωξε)
483 2598 708 2654 Γρανικὸς,
739 2596 786 2640 ὃν
807 2597 1060 2654 Μιθριδάτῃ
1078 2600 1147 2640 καὶ
1167 2595 1431 2652 Σπιθοιὸάτῃ
1451 2614 1515 2638 νε-

67 2661 180 2707 κροῖς
199 2655 344 2707 ἐπιβὰς
364 2643 597 2708 διεπέρασα.
633 2657 742 2695 Adde
762 2655 994 2705 Diodorum,
1011 2656 1222 2696 Alexandri
1242 2658 1356 2693 armis
1378 2655 1515 2692 confo-

67 2712 156 2750 dere
179 2711 480 2762 Spithridatcm,
509 2727 623 2763 quem
643 2712 830 2751 Arrianus
850 2720 888 2750 et
907 2712 1010 2752 Plut.
1029 2712 1139 2752 Alex
1161 2725 1199 2763 p.
1226 2712 1331 2754 673.
1356 2710 1403 2751 A.
1434 2709 1514 2749 Gli

68 2775 110 2807 to
128 2770 473 2809 contrucidandum
496 2771 731 2810 obiecerunt.
764 2768 902 2808 wass.
