1875 3310
414 207 700 239 OECONOMIA
736 209 1008 243 HISTORIAE
1039 213 1267 247 Dionem.
1383 217 1563 249 CLXXXI

104 305 184 339 nati
198 305 212 324 ¹
226 328 237 347 ,
266 305 469 347 apparatus
488 306 528 337 et
549 304 708 343 initium,
765 305 1011 341 Pedestribus
1031 311 1147 353 copiis
1164 311 1380 356 Evagon-as,
1413 315 1560 347 navali-

103 363 173 396 bus
190 361 400 395 'l‘eribazus
415 361 428 378 ²
450 365 611 403 praee-st.
663 362 880 406 Evagoraffi
915 365 1036 398 navali
1057 367 1200 409 proelio
1221 373 1441 410 superatus,
1474 381 1557 403 cum

98 420 241 454 Persae
259 417 486 450 Salaminem
504 424 784 462 oppugnarent,
817 421 855 453 in
874 422 1086 466 Aegyptum
1113 422 1301 467 confugit,
1332 436 1429 459 nora
1455 429 1558 468 auxi-

97 476 151 509 lia
169 479 314 519 petens.
346 484 376 507 c.
396 475 512 508 2—4.

188 532 216 564 A
245 530 372 563 Persis
397 531 473 563 itur
499 530 545 563 ad
574 530 755 565 Graecos.
810 531 1122 577 Lacedaemonii,
1155 547 1248 580 quos
1275 540 1377 581 pacis
1403 541 1554 584 iniquae

95 588 301 632 poenituit,
334 591 465 620 contra
495 587 651 629 foedus,
683 589 855 622 civitates
880 591 1067 632 Graecas,
1103 594 1140 625 in
1159 593 1373 628 libertatem
1391 597 1554 630 vindica-

95 650 169 686 tas,
187 644 422 687 imperiosuo
436 643 622 677 subiicere
638 650 840 685 conantum
866 657 938 690 quo
960 658 1093 681 novum
1109 649 1247 683 bellum
1261 653 1454 687 suscitant.
1478 664 1507 688 c.
1520 656 1554 690 5.

183 703 353 735 Annuum
374 711 520 733 cursum
546 700 628 734 linit
644 702 782 736 Sicilia.
830 701 1037 746 Dionysius
1062 705 1236 740 diuturno
1262 709 1338 741 otio
1367 709 1552 753 languens

94 759 322 791 carminibus
353 761 474 790 certat
495 767 576 789 cum
608 759 742 802 poetis.
788 757 1019 792 Philoxenus
1048 764 1159 804 po‘c'ta
1189 767 1227 796 et
1255 762 1361 798 Plato
1389 765 1551 809 philoso-

92 814 188 860 phus
213 816 249 847 in
276 814 451 846 invidiam
476 815 641 850 veniunt.
691 815 746 847 Ob
766 817 932 849 carmina
956 818 992 848 in
1011 817 1107 851 ludis
1126 820 1359 864 Olympiacis
1376 824 1550 864 recitata,

92 877 133 906 et
159 873 255 904 sicut
284 872 371 903 olim
401 871 478 916 (lib.
497 871 600 913 XIV,
626 881 659 904 c.
678 873 769 914 109.)
797 872 908 906 sibilo
934 879 1111 918 excepta,
1144 877 1182 909 in
1206 879 1373 911 furorem
1396 884 1434 912 et
1451 881 1549 912 insa-

89 930 191 962 niam
207 928 348 963 incidit.
381 938 411 962 ο.
432 930 465 962 6.
489 932 522 964 7.
666 929 669 932 ”

179 984 274 1018 Anu.
297 987 330 1021 4,
379 983 505 1018 Primo
525 986 693 1019 narratio
714 985 760 1019 (le
779 985 880 1019 bello
900 987 1038 1030 Cyprio
1057 990 1307 1022 continuatur.
1351 991 1550 1035 Evagoras

88 1043 211 1078 redux
238 1053 283 1076 ex
306 1044 499 1085 Aegypto,
541 1052 623 1075 cum
649 1047 826 1086 acceptae
848 1044 1029 1087 pecuniae
1055 1056 1126 1078 non
1146 1047 1382 1089 sufficerent,
1417 1058 1548 1091 pacem

89 1101 206 1144 petit,
242 1104 281 1133 et
299 1098 453 1132 favente
470 1099 592 1132 altero
610 1099 704 1133 duce
723 1100 943 1141 Persarum,
971 1101 1136 1144 Oronte,
1171 1105 1301 1146 aequis
1321 1105 1550 1138 conditioni-

90 1158 162 1189 bus
182 1159 371 1200 impetrat.
421 1157 481 1190 lta
498 1156 644 1189 finitum
666 1158 817 1192 bellum.
837 1157 1060 1190 ·'1·eribazus
1081 1162 1120 1192 et
1138 1159 1302 1193 Orontes
1319 1161 1386 1193 rei.
1433 1162 1548 1203 Gaos,

88 1214 267 1247 'Peribazi
293 1224 433 1257 gener,
464 1215 638 1246 iniuriam
664 1215 833 1254 ulturus,
864 1215 1077 1258 Aegyptios
1095 1220 1134 1248 et
1151 1214 1475 1251 Lacedaemonios
1496 1218 1547 1251 ad

86 1270 228 1305 bellum
247 1271 284 1302 in
303 1281 430 1314 regem
452 1272 652 1305 Persarum
672 1272 824 1304 excitat.
845 1281 890 1319 ⁴c.
909 1274 1051 1307 8—11.

177 1328 218 1360 ln
248 1327 410 1360 Graecia
437 1327 751 1369 Lacedaemonii,
794 1327 895 1360 bello
926 1329 1098 1371 occupati
1122 1329 1161 1361 in
1188 1335 1337 1362 ceteras
1361 1331 1546 1373 civitates,

85 1384 320 1417 Blantineam
342 1385 539 1417 obsidione
559 1385 604 1417 ad
625 1385 854 1417 deditionem
875 1389 1023 1427 cogunt.
1060 1395 1089 1420 e.
1115 1388 1170 1421 12.

176 1442 218 1474 ln
244 1439 373 1473 Sicilia
395 1441 605 1484 Dionysius
630 1442 743 1474 urbes
771 1442 978 1474 maritimas
1006 1441 1169 1475 condere
1190 1447 1320 1486 parat,
1346 1444 1544 1487 imperium

86 1499 203 1530 maris
232 1497 326 1530 lonii
353 1503 623 1541 occupaturus,
656 1503 694 1530 et
719 1499 1002 1541 expeditionem
1025 1499 1062 1530 in
1084 1499 1239 1541 Epirum
1258 1504 1370 1543 atquc
1390 1501 1435 1533 ad
1453 1506 1545 1533 tem-

83 1555 186 1598 plum
206 1553 427 1598 Delphicum
447 1555 685 1598 expilamlum
704 1565 791 1587 mox
812 1559 1068 1598 suscepturus.
1116 1555 1236 1599 Illyrii
1257 1559 1361 1598 socii,
1385 1559 1466 1590 cius
1485 1569 1545 1591 co-

82 1613 156 1656 piis
183 1612 323 1653 adiuti,
358 1613 395 1644 in
419 1613 573 1655 Epirum
600 1616 753 1644 movent
778 1612 826 1644 all
856 1612 1110 1645 reducendum
1135 1615 1170 1645 in
1190 1624 1345 1656 rognum
1364 1614 1544 1656 Alcetam,

83 1674 168 1702 tum*
184 1668 383 1712 Syracusis
400 1669 590 1709 exsulem,
612 1668 868 1714 Molottosque
886 1669 1030 1712 proelio
1050 1669 1229 1709 i'undunt3
1256 1669 1312 1701 liis
1331 1675 1455 1702 autem
1471 1670 1543 1702 La-

84 1725 318 1758 cedaemonii
339 1726 481 1759 auxilio
500 1727 667 1760 veniunt.
715 1726 810 1758 Tum
839 1727 953 1759 etiam
979 1724 1142 1767 Pharus,
1174 1728 1375 1759 adiuvante
1393 1726 1542 1770 Diony-

83 1783 163 1822 sio,
191 1792 214 1814 a
235 1781 358 1815 Pariis
383 1783 544 1816 condita.
591 1782 815 1824 Naralffius,
849 1784 955 1816 novis
974 1784 1186 1826 moenibus,
1224 1783 1397 1826 templis,
1428 1783 1542 1826 Syra-

83 1849 198 1873 cusae
217 1844 404 1885 augentur
420 1845 458 1874 et
476 1845 721 1874 exornantur.
754 1851 782 1875 c,
802 1842 857 1878 13.

653 1916 824 1962 Olymp.
842 1917 975 1951 XCIX.

170 1974 266 2008 Anu.
285 1977 318 2013 1,
362 1974 578 2019 Illyriorum
599 1977 819 2019 repentinus
834 1977 997 2019 impetus
1011 1975 1048 2007 in
1065 1973 1227 2008 Pliarum
1247 1974 1430 2016 insulam,
1449 1984 1540 2009 mox

77 2033 334 2078 propulsatus.
380 2031 606 2076 Dionysius,
633 2033 843 2075 exspoliato
865 2033 1005 2075 templo
1023 2034 1060 2065 in
1079 2032 1273 2072 Heu-uria,
1302 2032 1348 2065 de
1365 2032 1539 2075 pecunia,

80 2100 102 2125 e
117 2089 248 2134 spoliis
269 2090 399 2123 coacta
413 2114 421 2130 ‚
443 2101 577 2122 novum
595 2091 633 2122 in
653 2089 986 2133 Carthaginienses
1001 2089 1140 2122 bellum
1159 2089 1322 2125 molitur.
1349 2088 1446 2127 c.14,

169 2149 261 2180 Anu.
282 2149 319 2181 2.
359 2145 508 2179 Bellum
527 2147 699 2190 Dionysii
719 2157 799 2179 cum
820 2145 1204 2190 CartliaginiensibuS.
1252 2147 1410 2179 Causam
1430 2155 1538 2190 prae-

77 2203 216 2237 buerat
235 2203 441 2246 Dionysius
474 2213 519 2236 eo
532 2228 542 2244 ,
578 2203 676 2247 quod
694 2205 864 2236 civitates
877 2227 884 2241 ,
920 2213 941 2235 a
960 2202 1334 2247 Carthaginiensibus
1353 2203 1536 2236 deficien-

78 2264 158 2303 tes,
191 2261 230 2292 in
255 2259 366 2291 iidem
391 2261 546 2304 recepit.
593 2259 671 2293 Pax
698 2261 848 2293 tandem
868 2261 1027 2304 pecunia
1048 2261 1232 2293 redemta.
1266 2271 1296 2294 c.
1315 2263 1370 2299 15,
1400 2262 1454 2297 16.
1482 2263 1535 2296 17.

170 2317 212 2349 ln
230 2317 318 2349 Asia
335 2326 396 2348 res
417 2317 641 2360 tranquillae
663 2327 847 2352 mansere.
897 2317 1049 2349 mulium
1073 2317 1119 2349 ab
1136 2319 1332 2361 Aegyptiis
1354 2323 1392 2351 et
1419 2317 1535 2350 Lace-

77 2374 288 2409 daemoniis
306 2371 445 2406 bellum
467 2378 610 2414 ortum,
640 2373 749 2407 Gao‘3
781 2374 874 2407 clam
905 2374 1040 2408 occiso.
1092 2374 1381 2407 Controversiae
1399 2374 1534 2408 Clazo-

77 2433 289 2465 meniorum
309 2433 347 2464 et
363 2431 611 2463 Cumaeorum
630 2430 676 2464 de
693 2440 792 2464 nova
809 2431 902 2464 urbe
920 2430 1051 2465 Leuca
1066 2431 1148 2464 sine
1168 2430 1270 2465 bello
1289 2431 1533 2474 compositae.

77 2500 108 2524 e.
130 2491 184 2526 18.

168 2661 187 2693 1
218 2656 302 2688 vid.
321 2667 421 2698 snpra
441 2655 499 2686 Ol.
513 2653 660 2693 XCVII,
689 2665 743 2689 an.
761 2655 793 2688 2.
818 2654 881 2686 lib.
896 2654 995 2694 XIV,
1020 2667 1050 2690 c.
1066 2655 1124 2691 98.

167 2705 192 2737 2
222 2703 443 2743 Quamquam
463 2701 513 2731 rei
533 2701 645 2732 navali
665 2701 759 2734 Gaos
779 2712 806 2733 s.
824 2702 913 2733 (J'lus
930 2712 960 2733 c.
975 2704 1011 2738 3.
1033 2699 1226 2746 praefuisse
1245 2697 1383 2731 dicitur.

167 2751 190 2785 3
217 2749 322 2782 Cous.
341 2759 443 2790 supra
460 2757 534 2789 cap.
551 2749 586 2782 9,
