1859 3326
254 168 358 213 ⁷304
609 215 613 218 ,
727 170 1262 223 ΑΝΝΟΤΑΤΙΟΝΕΒ

263 299 309 324 ea
329 284 544 324 eruditione
563 281 698 324 floruit
715 285 759 325 P.
779 285 913 339 Scipio
934 289 978 327 in
998 295 1184 341 provecta
1203 296 1345 342 aetate,
1377 291 1424 332 de
1447 307 1524 347 quo
1546 294 1649 346 apud
1665 293 1732 338 Ci-
1755 291 1784 342 εἰ.

264 357 443 381 ceronem
464 341 572 380 Cato.
619 342 756 382 VVESS.

379 401 485 440 606.
517 400 593 439 35.
621 396 749 452 Ἅπερ
770 396 938 441 ἅπαντα
961 399 1114 456 συνέβη
1137 406 1188 460 τῇ
1204 399 1375 461 Ῥώμῃ]
1427 406 1513 447 Neo
1534 421 1620 446 eum
1642 421 1734 447 sen-

266 459 394 494 tentia
413 455 604 504 fefellit:
639 470 685 496 re
710 459 806 509 ipsa
823 458 1041 509 probatum
1071 467 1152 508 est,
1188 475 1307 513 quam
1328 477 1465 502 verum
1494 464 1558 518 (P.
1580 465 1733 516 Scipio)

264 515 431 552 diceret.
479 512 625 550 Deleta
649 515 793 566 quippe
818 514 1090 565 Carthagine,
1119 532 1263 569 magno
1293 522 1453 559 scilicet
1470 527 1627 560 terrore
1647 523 1735 561 Ro..

263 584 409 608 manae
430 572 493 607 rei
506 569 696 620 publicae
714 572 874 623 depulso
897 579 939 609 et
955 575 1176 623 exstincto,
1220 583 1338 615 tanta
1362 579 1410 616 de
1428 579 1546 617 rebus
1560 592 1734 631 prospe-

262 630 323 666 ris
344 634 435 664 crta
452 627 561 663 mala
580 629 766 665 continuo
784 627 996 667 subsecuta
1012 638 1116 680 sunt,
1145 639 1193 670 ut
1210 641 1358 686 erupta
1378 637 1619 688 diruptaque
1640 648 1735 675 con-

264 686 429 731 cordia,
452 684 570 735 prius
592 685 726 722 saevis
749 690 1004 739 cruentisque
1024 690 1306 737 seditionibus,
1337 693 1477 731 deinde
1500 706 1616 740 mox,
1647 706 1736 730 ma-

263 742 394 779 larum
419 741 660 778 connexione
683 754 942 791 caussarum,
978 743 1091 783 bellis
1110 748 1232 785 etiam
1258 749 1441 787 civilibus
1465 756 1606 788 tantae
1625 757 1737 788 stra-

264 811 336 848 ges
360 799 599 844 ederentur,
636 804 675 835 et
703 806 853 847 cetera,
890 811 986 848 quae
1007 802 1054 839 ad
1078 801 1182 840 hunc
1202 802 1366 843 Diodori
1386 807 1511 844 locum
1530 807 1739 858 adpositis-

266 857 363 892 sium
386 854 433 890 ab
454 852 675 905 Augustino
696 855 742 892 de
763 854 883 895 Civit.
906 856 954 894 D.
976 858 1040 899 lib.
1053 858 1081 897 1.
1101 860 1174 899 30.
1205 863 1347 912 scripta
1368 863 1541 901 fuerunt.
1600 863 1736 904 VVESS.

381 912 488 950 606·
519 912 594 950 ‘ll-
627 906 676 949 ‘O
694 908 846 952 τούτου
867 912 911 952 δὲ
935 911 1057 967 υἱὸς]
1103 915 1182 954 Hic
1204 931 1298 956 vero
1319 931 1396 956 non
1423 922 1618 957 assentior
1637 919 1740 958 Dio-

265 966 384 1013 doro,
416 969 482 1015 qui
505 966 729 1015 Scipionem
749 968 945 1017 Nasicam,
975 985 1085 1019 eum,
1117 975 1185 1023 qui
1208 977 1383 1024 privatus
1406 975 1492 1014 Tib.
1518 976 1739 1014 Gracchum

264 1025 487 1071 interfecit,
522 1023 646 1061 filium
668 1027 725 1066 ait
750 1039 834 1063 esse
859 1026 1056 1075 Scipionis
1076 1029 1264 1078 Nasicae,
1295 1034 1377 1069 eius
1400 1034 1467 1084 qui
1488 1036 1550 1071 vir
1571 1036 1739 1082 optimus

266 1094 289 1117 a
321 1080 468 1117 Senatu
501 1081 697 1118 iudicatus
729 1089 799 1120 est.
857 1082 948 1121 Fuit
969 1088 1071 1123 enim
1093 1100 1230 1124 revera
1252 1089 1356 1125 illius
1377 1102 1519 1139 nepos,
1560 1090 1665 1127 filius
1692 1089 1739 1127 P.

268 1136 469 1184 Scipionis
490 1137 679 1186 Nasicae,
721 1141 804 1175 eius
824 1143 889 1189 qui
909 1139 1114 1179 Corcu1um
1137 1145 1430 1194 cognominatus
1453 1153 1535 1194 est,
1563 1153 1607 1183 ut
1629 1147 1743 1185 docet

264 1193 439 1231 Velleius
463 1192 695 1231 Paterculus
716 1196 778 1232 lib⁴
795 1195 841 1233 H.
865 1210 946 1246 cap.
962 1199 1003 1237 3.
1036 1206 1073 1235 et
1092 1197 1227 1237 Cicero
1253 1203 1292 1237 in
1311 1200 1432 1240 Bruto
1457 1216 1537 1256 cap.
1555 1204 1631 1246 20.
1662 1205 1742 1244 nisi

265 1251 369 1288 forte
391 1250 599 1299 adoptatus
619 1264 642 1288 a
661 1250 845 1300 Scipione
866 1253 1011 1292 Nasica
1030 1269 1104 1293 avo
1125 1256 1215 1297 fuit.
1275 1257 1429 1299 VALES.
1750 1283 1752 1286 >

383 1309 492 1347 606.
526 1309 598 1347 53.
634 1302 684 1347 ‘O
706 1308 751 1347 δὲ
772 1305 896 1359 ὄχλος
920 1333 968 1340 --
992 1307 1201 1363 ἧστ”χασεν
1222 1310 1436 1367 &spumig-
1455 1313 1548 1368 πα]
1598 1315 1643 1354 Id
1670 1330 1742 1355 ve-

265 1376 353 1400 rum
371 1377 454 1400 esse
478 1370 605 1411 potest
625 1364 671 1400 de
693 1371 887 1414 tempore,
929 1369 1028 1417 quod
1052 1369 1221 1407 Gracchi
1249 1371 1404 1409 caedem
1427 1375 1601 1421 proxime
1625 1387 1741 1412 exce-

267 1422 341 1469 pit.
382 1420 542 1469 Alioqui
562 1421 712 1459 invidia
731 1423 919 1460 facinoris
945 1427 1027 1462 eius
1047 1425 1218 1477 flagrans
1230 1425 1377 1479 Scipio,
1400 1438 1443 1466 ut
1457 1431 1590 1479 populi
1610 1430 1742 1469 odium

269 1478 504 1525 declinaret,
546 1478 615 1514 sub
646 1479 761 1516 titulo
788 1480 933 1517 liberae
964 1483 1171 1532 legationis
1194 1482 1422 1536 Pergamum
1454 1487 1669 1534 concessit,
1700 1493 1741 1525 et·

266 1534 369 1584 quod
391 1537 493 1571 vitae
517 1535 730 1584 superfuit,
762 1538 957 1585 superfuit
978 1547 1104 1576 autem
1130 1553 1291 1590 parum,
1318 1543 1459 1580 ibidem
1482 1546 1650 1595 peregit,
1680 1550 1741 1581 te-

267 1592 391 1627 stibus
415 1589 600 1627 Cicerone
632 1590 701 1628 Or.
733 1604 803 1640 pro
834 1592 976 1632 Flacco
1007 1610 1039 1634 c.
1062 1597 1162 1646 41„
1196 1596 1300 1635 Plut.
1320 1600 1363 1637 in
1381 1598 1546 1639 Graceh.
1576 1601 1739 1653 p.834.

263 1654 303 1685 et
325 1647 410 1684 Val.
435 1647 540 1687 Max.
564 1646 664 1686 L.V.
687 1649 729 1689 3.
750 1651 795 1689 2.
856 1650 996 1689 ΨΕεε.

380 1705 489 1744 606.
528 1705 599 1745 56.
643 1703 770 1745 Κατὰ
790 1703 864 1747 τὸν
885 1703 1156 1761 ὑποκειᾷιενοι’
1177 1707 1395 1763 ἒνιαυτόν]
1436 1711 1479 1751 P.
1500 1711 1634 1764 Scipio
1655 1712 1741 1752 Na·-

265 1762 344 1797 sica
365 1759 510 1797 Consul
530 1763 570 1798 in
593 1764 824 1813 magistratu
844 1772 1020 1803 mortuus
1044 1774 1103 1803 est
1126 1780 1229 1806 anno
1253 1769 1360 1806 urbis
1384 1771 1491 1810 642.
1511 1774 1513 1780 ’
1532 1769 1648 1807 Hunc
1677 1773 1741 1808 in-

265 1820 400 1865 primis
432 1817 618 1855 disertum
652 1820 776 1856 fuisse
812 1828 852 1859 et
882 1829 1044 1861 cunctos
1077 1825 1156 1861 sale
1196 1825 1423 1877 facetiisque
1456 1839 1659 1877 superasse
1687 1829 1743 1866 ait

266 1873 403 1911 Cicero
425 1875 465 1910 in
487 1873 608 1911 Bruto
631 1887 712 1923 cap.
728 1877 803 1917 34.
862 1878 1010 1916 VALES.
1221 1888 1224 1892 “

381 1932 488 1971 606.
519 1933 593 1970 62.
630 1928 908 1984 ὶΑντιόχοςὸ
944 1934 1066 1988 Κυζ.]
1116 1936 1303 1975 Antiochi
1334 1936 1494 1976 Sidetae
1528 1940 1633 1978 filius
1663 1937 1744 1991 Cy-

264 1987 424 2024 zicenus
458 1987 545 2024 ideo
576 1987 729 2037 dictus,
769 1991 871 2039 quod
894 1989 1027 2042 Cyzici
1047 1994 1146 2043 apud
1163 1993 1364 2032 Craterum
1385 1994 1576 2046 hospitem
1596 1997 1743 2040 educa-.-

264 2050 328 2080 tus
346 2050 442 2083 erat.
505 2042 683 2095 Regnum
706 2048 798 2084 iniit
819 2047 1142 2099 Olymp.c1,xvn.
1162 2064 1266 2088 anno
1290 2055 1426 2102 primo.
1489 2053 1642 2094 VALES.

380 2102 488 2141 606.
521 2102 594 2140 65.
638 2102 805 2153 Ιίῐῖᾲιοις
833 2104 901 2143 καὶ
933 2105 1198 2158 προόίκταις]
1243 2107 1371 2161 Magis
1392 2109 1512 2157 probo
1535 2112 1743 2150 lectionem

268 2154 436 2204 Suidae,
467 2159 532 2206 qui
552 2156 655 2195 hunc
679 2160 806 2197 locum
827 2162 1026 2209 proferens
1048 2164 1144 2214 legit
1162 2163 1437 2215 προδείκταις.
1468 2173 1528 2203 est
1549 2168 1652 2204 enim
1674 2167 1742 2204 de·-

266 2212 425 2251 ductum
457 2210 538 2252 ἀπὸ
572 2217 648 2253 τοῦ
681 2212 888 2255 δεικνύειν.
937 2216 1040 2255 Sunt
1061 2227 1188 2257 autem
1210 2219 1471 2272 προδεῒκται,
1508 2225 1660 2273 proprie
1680 2221 1742 2260 hi-

266 2271 437 2306 striones
458 2282 502 2306 ac
526 2272 659 2318 mimi,
699 2274 765 2321 qui
782 2273 949 2311 ridicula
970 2288 1015 2311 ac
1039 2277 1228 2314 iocularia
1247 2277 1432 2325 quaedam
1453 2281 1495 2316 in
1516 2292 1630 2316 scena
1649 2280 1743 2317 fun·-

265 2325 434 2372 debnnt,
464 2337 560 2373 quae
584 2324 794 2380 ὄεικτήρια
815 2329 1058 2369 dicebantur.
1117 2333 1264 2381 Varro,
1297 2330 1393 2381 ὄνος
1413 2330 1561 2386 Ripae:
1600 2335 1742 2386 Neque

266 2382 599 2433 orllmpsalte'czcm
620 2386 1041 2437 attalitpsalterium,
1077 2389 1217 2440 quibus
1236 2398 1384 2428 sonant
1401 2393 1441 2428 in
1467 2392 1647 2430 Graecia
1677 2394 1742 2430 di-

267 2442 412 2476 cteria.
459 2438 564 2476 Hinc
585 2438 864 2494 d'etrstypccid'eg
885 2453 1077 2482 vocantur
1095 2448 1231 2483 mimae
1252 2460 1274 2484 a
1295 2447 1461 2498 Polybio
1485 2449 1527 2485 in
1548 2448 1737 2490 lib.XlV.

266 2496 368 2543 apud
388 2494 632 2534 Athenaeum
655 2498 740 2540 (lib.
755 2498 865 2536 xm.
890 2514 927 2550 p.
945 2503 1072 2548 576.)
1113 2498 1310 2553 ,ΤΙΤύρτιον
1342 2502 1386 2542 δὲ
1418 2503 1495 2557 μία
1525 2508 1609 2544 τῶν
1635 2503 1741 2545 ἀπο-

267 2550 536 2604 &masticina-,r
557 2552 624 2591 καὶ
644 2557 793 2593 κοινῶν
814 2554 1124 2609 ὁέικτηριιῗὸυψ.
1180 2559 1239 2598 Ab
1269 2561 1400 2598 eadem
1432 2563 1584 2612 origine
1614 2562 1738 2600 dictos

267 2620 420 2659 quoque
439 2622 578 2646 censeo
598 2622 621 2646 a
641 2608 960 2651 Lacedaemoniis
980 2613 1257 2666 ι)“εικηλισ”τὰς,
1292 2630 1359 2654 seu
1379 2616 1610 2668 ὄικηλίτας,
1641 2629 1738 2666 quos

264 2664 489 2716 Hesychius
510 2667 672 2714 exponit
688 2665 955 2722 μιμολόγους.
992 2671 1140 2708 VALES.
1198 2673 1301 2717 Quid
1322 2673 1517 2726 significet
1536 2687 1614 2712 vox
1634 2689 1738 2726 προ-

264 2720 449 2772 όίκταις,
498 2734 579 2759 nou
602 2722 699 2760 adeo
720 2724 878 2764 obvium
909 2734 968 2763 cst
994 2728 1182 2765 affirmare
1208 2741 1330 2778 posse.
1387 2729 1504 2767 Hunc
1531 2731 1660 2768 locum
1680 2733 1737 2768 ci-

264 2781 369 2815 tavit
391 2780 528 2828 procul
549 2778 665 2818 dubio
684 2778 829 2819 suidas
850 2785 890 2820 in
913 2783 1048 2821 iisdem
1067 2786 1221 2833 verbis,
1262 2788 1340 2824 nisi
1366 2785 1469 2837 quod
1490 2786 1604 2824 habet
1633 2802 1735 2840 προ-

269 2833 474 2883 ὃείκταις,
496 2842 542 2872 ut
560 2843 676 2886 puto,
706 2838 866 2877 melius:
898 2847 938 2878 nt
956 2841 1037 2878 eius
1059 2844 1167 2880 vocis
1185 2843 1543 2894 interpretationem
1564 2857 1644 2881 non
1668 2856 1736 2892 ap-
