1859 3326
264 162 323 205 10
725 152 1253 195 ANNOTATIONES

247 282 292 314 ut
321 273 468 326 gratitie
497 277 537 308 et
559 267 747 308 conmoda
775 270 879 318 sint,
904 281 999 319 quae
1031 269 1079 308 ob
1100 271 1240 307 merita
1268 269 1311 307 in
1330 280 1461 320 regem
1500 265 1717 304 abstulerat

249 331 479 372 Teribazus.
505 326 645 365 wass.

368 389 440 428 12.
461 387 535 426 36.
578 385 666 423 Τοῦ
687 378 802 436 παρὰ
824 379 901 435 τὴν
923 379 1184 422 Μαντίνειαν
1205 380 1426 432 ποταμοῦ]
1463 379 1589 431 Ophis
1608 378 1713 416 dice-

250 445 388 491 batur,
419 449 517 480 teste
540 440 758 485 Pausania,
779 442 845 487 qui
874 439 977 489 regis
1000 438 1271 489 Agesipolidos
1301 437 1371 475 hoc
1393 443 1625 487 strategema
1646 449 1712 472 eo-

249 503 399 551 piosius
418 499 642 546 exsequitur
659 495 702 533 L.
723 496 754 533 V
759 495 827 535 111.
854 498 895 537 8.
916 509 952 546 p.
975 497 1080 536 614
1073 522 1097 543 ,
1120 497 1236 533 sicuti
1256 501 1294 532 et
1312 493 1536 544 Xenophon
1553 491 1709 532 Hellen.

250 558 298 598 L.
321 557 367 595 V.
389 569 426 605 p.
447 556 555 595 43“).
585 553 721 591 Wnss.

370 615 441 654 12.
464 613 539 651 45.
566 609 639 656 Εἲς
658 606 734 655 τὰς
756 605 933 661 ἀρχαίας
953 601 1098 658 κώμας
1119 602 1460 659 μετοικισθῆναι]
1487 603 1576 642 vid.
1596 617 1713 654 supra

253 685 287 709 o.
311 670 351 710 5.
379 677 416 706 et
446 668 583 718 Polyb.
604 666 666 705 lV.
690 667 763 707 27.
795 672 834 702 et
861 664 1068 702 Aristidem
1100 662 1149 701 T.
1170 663 1239 703 111.
1271 676 1306 713 p.
1328 663 1437 703 476.
1483 661 1714 699 Manserunt

251 734 381 765 autem
411 725 676 763 Mantinenses
706 723 748 760 in
779 735 896 773 pagos
918 721 1121 771 descripti,
1147 720 1270 757 donec
1300 720 1347 758 ab
1373 718 1640 770 Epaminonda
1669 720 1713 757 in

250 785 450 835 integrum
472 783 708 830 patriamque
724 779 858 816 urbem
877 780 1190 825 restituerentur,
1213 776 1378 814 Pausan.
1400 775 1471 815 lX.
1491 776 1561 815 14.
1574 774 1712 812 wass.

371 840 444 881 13.
478 840 552 878 51.
597 834 684 876 Τὸν
711 831 855 876 Ἰόνιον
882 830 1137 885 καλούμενοι
1167 829 1325 884 πόρον]
1368 832 1436 870 Sic
1465 832 1574 869 bene.
1610 830 1713 869 Male

252 894 296 937 ἓν
317 893 541 935 115''I‹0m‹0
572 887 734 945 πελάγει
765 891 915 930 Aelian.
945 890 1047 928 Hist.
1076 890 1242 928 Animal.
1261 889 1304 928 L.
1327 888 1438 927 Xlll.
1463 890 1535 930 19.
1565 894 1604 925 et
1627 884 1709 930 ἀπὸ

249 955 326 993 τοῦ
344 951 498 992 Ἰωνιόυ
518 948 637 1001 μέχρι
661 951 736 1002 τῆς
756 948 913 1002 Συρίας
935 948 1100 997 Appian.
1119 946 1215 985 Bell.
1236 945 1351 986 Civil.
1370 946 1414 985 L.
1438 945 1500 984 lV.
1517 959 1555 997 p.
1576 946 1713 986 1030-

250 1009 358 1049 Nota
376 1022 438 1045 res
457 1020 505 1045 ex
532 1005 732 1055 Stephano
751 1004 970 1056 Byzantino
990 1011 1060 1042 est.
1092 1004 1235 1042 Wess.

368 1066 441 1106 13.
470 1064 541 1104 55.
571 1062 655 1103 Καὶ
691 1059 909 1113 σιλήσειν]
952 1061 1041 1100 Νοη
1071 1061 1186 1099 video
1216 1073 1286 1098 cur
1315 1055 1485 1100 ἴσπευὸε
1516 1052 1712 1111 συλήσειν

249 1121 425 1160 dicturus
454 1122 572 1158 fuerit
598 1119 794 1156 Diodorus
821 1131 890 1168 pro
919 1115 1086 1158 ἔσπευδε
1118 1118 1318 1169 συλῆσαι,
1349 1119 1574 1166 praesertim
1594 1127 1712 1164 quum

247 1180 520 1229 praecessisset
546 1175 800 1215 ἐπιπλεῦσαι.
835 1187 980 1224 repono
1008 1188 1101 1226 ergo
1129 1175 1320 1226 συλῆσαι.
1350 1173 1506 1211 STEPH.
1534 1172 1715 1212 Mutandi

250 1239 393 1275 iustam
411 1233 629 1284 Stephanus
647 1246 682 1269 c:
681 1246 822 1270 ..ssam
839 1245 918 1269 non
941 1231 1085 1269 habuit.
1105 1230 1256 1269 Multa
1246 1244 1286 1269 m
1300 1231 1369 1268 hoc
1389 1243 1532 1282 genere
1550 1230 1658 1267 sibi
1648 1242 1712 1266 in-

252 1292 415 1361 dulgent
434 1298 600 1330 veteres.
632 1288 771 1341 Lysias
797 1302 865 1339 pro
886 1287 1009 1326 Callia
1022 1288 1121 1337 apud
1141 1287 1438 1337 Harpocration.
1459 1288 1501 1325 in
1523 1286 1712 1353 Timum·

249 1364 363 1390 ουτοι
384 1347 428 1388 δὲ
445 1344 676 1400 ᾳάσκοντες
697 1344 864 1385 πλειἭοια
882 1341 1206 1396 μισθωσασθαι,
1234 1344 1301 1383 καὶ
1323 1359 1400 1395 τιμ
1401 1358 1486 1395 ,mua
1505 1338 1715 1395 καταστή-

251 1407 417 1446 σεσθαι.
446 1404 548 1453 quod
578 1407 723 1452 optime
746 1409 878 1439 tuetur
908 1401 956 1441 Ἰ.
978 1400 1316 1448 Hemsterhusius,
1348 1402 1458 1449 plura
1488 1399 1627 1437 dehoc
1645 1413 1714 1451 ge-

250 1476 344 1501 nere
375 1467 644 1499 conmentatus
677 1460 726 1497 ad
746 1459 1046 1508 Xenophontem
1074 1457 1281 1508 Ephesium
1318 1458 1534 1495 Miscellan.
1568 1457 1714 1494 Obser-

249 1526 332 1558 vat.
366 1517 452 1557 Vol.
475 1517 539 1556 lV.
562 1529 598 1565 p.
622 1518 729 1558 286.
757 1516 873 1553 Aliud
895 1522 974 1563 est,
1007 1516 1109 1566 quod
1130 1528 1200 1552 nos
1222 1522 1405 1554 moratur.
1436 1513 1543 1551 Dicit
1563 1522 1713 1561 auctor,

248 1575 485 1625 Dionysium
505 1577 657 1624 magnis
679 1575 801 1622 copiis
820 1573 979 1622 Epirum
1000 1572 1183 1610 invadere
1204 1573 1387 1618 voluisse,
1414 1578 1458 1608 nt
1478 1571 1713 1608 ditissimum

250 1631 413 1680 Delphis
434 1633 615 1680 templum
636 1632 831 1680 spoliaret.
866 1630 985 1679 Atqui
1014 1629 1053 1666 id
1077 1631 1116 1666 in
1135 1628 1254 1678 Epiro
1276 1641 1353 1666 non
1385 1635 1489 1675 erat,
1517 1627 1584 1665 sed
1604 1627 1712 1665 Phu-

250 1690 349 1728 cide.
379 1688 490 1732 Quod
510 1701 595 1724 cum
618 1700 696 1724 non
717 1689 853 1724 lateret
875 1686 1064 1735 Amyoto,
1095 1685 1247 1723 Gallico
1267 1687 1495 1734 interpreti,
1522 1698 1592 1734 pro
1618 1683 1714 1721 Del-

250 1745 366 1797 phico
396 1745 591 1793 Apollinis
622 1745 765 1792 templo
787 1742 1041 1779 Dodonaeum
1071 1742 1174 1780 lovis
1204 1743 1382 1779 versione
1412 1755 1480 1779 sua
1509 1744 1713 1791 expressit,

249 1804 511 1841 coniecturam
535 1800 650 1839 credo
671 1807 846 1837 secutus:
875 1812 963 1837 nam
984 1797 1250 1864 seriptiCodd.
1273 1800 1396 1836 nostri
1416 1798 1569 1848 quidem
1591 1805 1711 1846 certe,

248 1863 291 1899 in
312 1857 503 1908 Delphico
533 1857 737 1894 retinendo
767 1858 1027 1894 consentiunt.
1072 1854 1189 1893 Hos
1180 1870 1205 1891 ι’
1214 1867 1308 1904 aque
1336 1866 1496 1903 sequar,
1528 1862 1712 1903 tantoque

250 1918 397 1966 magis,
423 1914 524 1964 quod
548 1928 715 1964 τέμενος
740 1911 865 1966 γέμον
888 1913 1052 1951 πολλῶν
1077 1907 1307 1965 χρημάτων
1339 1915 1471 1949 verius
1492 1911 1643 1949 dicatur
1666 1911 1713 1949 de

250 1971 462 2020 Delphica,
491 1982 605 2019 quam
637 1970 739 2008 lovis
770 1969 971 2007 Dodonaei
1001 1969 1107 2006 aede.
1152 1968 1249 2005 Vide
1278 1969 1392 2006 modo
1422 1967 1465 2005 L.
1494 1967 1606 2008 XVI.
1641 1970 1713 2008 57.

251 2030 407 2068 Fuisset
426 2041 518 2064 sane
539 2027 756 2076 expeditius
774 2027 820 2063 ad
846 2026 882 2062 id
905 2028 1149 2076 sacrilegium
1171 2027 1243 2062 iter
1260 2032 1442 2075 tyranno,
1467 2027 1500 2063 si
1512 2024 1714 2064 Crisaeum

252 2089 295 2125 in
318 2088 444 2122 sinum
473 2087 651 2121 invectus
672 2085 1002 2131 exscensioneque
1034 2084 1137 2120 facta
1159 2081 1331 2131 Delphos
1360 2089 1621 2132 properasset:
1645 2082 1713 2119 sed

255 2144 383 2192 potuit
399 2142 465 2177 ille
482 2141 609 2177 animo
629 2142 726 2186 alia,
756 2153 825 2177 cur
847 2139 919 2176 hoc
940 2141 1178 2191 negligeret,
1208 2141 1370 2189 agitare.
1409 2138 1552 2176 Confer
1582 2145 1713 2176 tamen

253 2199 309 2237 Cl.
330 2197 650 2247 Barbeyracium,
679 2209 747 2245 pro
770 2196 982 2234 Dodonaeo
1016 2196 1120 2234 lovis
1154 2197 1297 2244 templo
1336 2208 1415 2233 non
1447 2198 1531 2233 sine
1550 2195 1714 2244 quadam

252 2257 339 2295 veri
358 2256 482 2302 specie
503 2261 759 2304 pugnantem,
789 2253 936 2291 Hister.
959 2252 1076 2290 Foed.
1100 2252 1139 2289 P.
1163 2252 1190 2289 1.
1222 2265 1257 2302 p.
1284 2254 1386 2293 192.
1407 2252 1545 2290 WESS.

374 2312 441 2351 13.
475 2311 544 2350 58.
585 2308 650 2349 AB
678 2308 871 2349 Ἀλκέτου
890 2310 965 2349 τοῦ
989 2310 1216 2349 ΠΊολοττοῧ
1238 2312 1338 2357 ete.]
1377 2309 1570 2358 Principis
1599 2307 1713 2346 huius

252 2382 378 2421 genus
406 2374 444 2404 et
461 2367 647 2404 familiam
676 2367 847 2404 declarat
875 2366 1042 2406 Pausan.
1068 2365 1110 2403 L.
1137 2365 1167 2406 1.
1197 2368 1269 2406 11.
1311 2366 1356 2404 ln
1384 2368 1565 2404 exsilium
1595 2378 1714 2415 quare

254 2427 414 2471 abierit,
448 2425 636 2461 incertum
666 2431 748 2470 est3
776 2424 1031 2461 certissimum
1065 2436 1182 2470 vero,
1221 2425 1444 2461 restitutum
1473 2426 1515 2461 in
1547 2425 1715 2472 priorem

254 2483 482 2533 dignitatem
504 2479 797 2518 Atheniensium
818 2493 974 2517 caussae
997 2482 1148 2528 saepius
1169 2482 1283 2517 enixe
1303 2479 1507 2518 studuisse.
1527 2479 1615 2517 Vid.
1629 2478 1714 2517 Xe·-

254 2535 624 2587 nophont.1ie11en.
656 2536 698 2574 L.
729 2536 793 2574 vl.
821 2548 858 2585 p.
878 2537 985 2576 457.
1018 2543 1056 2574 et
1088 2537 1193 2574 infra
1224 2535 1297 2574 hoc
1325 2537 1426 2575 libro
1453 2550 1487 2575 c.
1518 2536 1592 2577 36
1631 2535 1713 2574 Νο-

253 2603 388 2633 strum.
417 2592 465 2630 W
471 2602 550 2629 Ess.

373 2650 442 2691 13
471 2651 544 2690 78.
562 2644 806 2688 ’Έκτισαν
787 2662 830 2686 εν
850 2643 963 2703 αὐτῷ
986 2650 1115 2700 τῆσον
1140 2669 1188 2678 ·-
1216 2643 1379 2702 Φάρον]
1404 2648 1569 2687 Dicendi
1588 2659 1712 2699 genus

253 2708 536 2746 illustravimus
565 2705 614 2743 ad
636 2704 679 2742 L.
702 2704 748 2742 V.
773 2706 844 2745 80
880 2689 1007 2741 Reiu
997 2718 1141 2753 ipsam,
1172 2704 1288 2742 dubia
1310 2708 1343 2743 si
1361 2707 1483 2753 foret,
1515 2705 1714 2742 firmarent

253 2763 351 2801 haec
373 2762 577 2800 Strabonis
597 2761 639 2798 L.
661 2760 744 2798 Vll.
766 2773 801 2810 p.
824 2761 933 2801 484.
966 2757 1132 2828 Φάρος,
1159 2756 1184 2813 ἡ
1209 2758 1411 2814 πρότερον
1430 2758 1593 2814 Πάρος,
1618 2761 1714 2800 Πα-

258 2819 357 2873 ρίων
382 2817 547 2870 κτίσμα.
585 2816 637 2855 Et
658 2816 878 2868 Stephanus
905 2820 947 2854 in
971 2813 1139 2871 Φάρος,
1166 2821 1309 2868 optime
1331 2818 1378 2856 ab
1405 2819 1457 2855 ls.
1487 2817 1714 2856 Casaubono
