1891 3310
378 197 453 229 DE
492 195 804 228 FONTIBUS
840 194 992 226 HIST.
1028 195 1305 228 D10DOR1.
1434 195 1588 242 ¹LXVII

131 294 270 337 fuerit,
293 305 340 329 ex
363 296 446 339 ipso
463 294 633 328 Diodoro
661 304 730 327 nos
755 294 905 338 assequi
931 302 1043 338 posse
1068 296 1180 338 puto,
1212 293 1254 339 (Ι,
1276 293 1354 330 lo.)
1381 292 1585 326 tradidisse

133 361 217 385 eum
261 354 362 386 inter
403 354 574 396 primos,
624 352 841 395 Aegyptum
893 351 939 384 ob
980 351 1184 394 benignam
1224 351 1319 383 coeli
1360 351 1585 394 temperiem

132 411 296 442 omnium
323 411 461 453 optime
492 414 678 443 terrarum
706 408 753 441 ad
785 409 1023 452 generandas
1049 419 1111 442 res
1138 407 1256 441 fuisse
1280 406 1479 450 idoneam,
1502 409 1585 442 iure

130 467 258 512 itaque
284 469 528 501 animantium
556 467 723 510 origines
751 466 798 497 ad
828 476 910 498 eam
939 465 1076 499 referri
1094 470 1124 500 1.

220 526 325 558 Inter
349 535 414 558 eos
459 525 520 568 qui
560 528 645 567 post
670 524 907 557 Herodotum
933 524 1087 564 vixere,
1119 522 1270 555 invenio
1297 520 1491 554 Philistum
1516 521 1586 568 Sy„

127 590 374 623 racusanun1‚
409 582 680 614 nobilissimum
716 582 961 624 scriptorem,
998 581 1060 625 qui
1090 580 1232 624 primus
1269 589 1317 612 ex
1352 580 1446 612 artis
1470 590 1585 624 prae-

129 640 249 682 ceptis
272 639 465 672 historiam
494 639 707 672 condidisse
734 638 876 680 fertur,
901 637 1173 681 Dionysiorum
1197 640 1346 678 aetate3
1380 637 1587 681 scripserat

129 696 162 728 is
189 700 342 739 praeter
366 706 427 729 res
455 694 601 728 Siculas
625 697 860 740 Aegyptiaca
893 695 960 727 Xll
987 694 1115 736 libris,
1143 695 1257 727 etiam
1281 693 1417 727 librum
1443 694 1490 728 de
1518 694 1586 740 Sy-

129 753 187 785 ria
213 757 251 786 et
275 753 416 797 Libya:
446 763 542 796 quae
570 753 711 798 absque
738 753 881 785 notitiis
906 753 942 783 in
971 751 1087 784 Suida
1113 753 1276 786 servatis
1300 762 1455 795 prorsus
1480 754 1585 796 igno-

125 819 320 852 raremus,
358 811 562 844 secundum
597 810 715 852 hunc,
754 808 1042 852 Theopompwn,
1075 810 1195 854 quiin
1219 809 1430 842 Hellenicis
1454 821 1521 844 seu
1546 812 1586 845 in

127 867 346 911 Philippicis
377 867 619 901 historiarum
645 868 919 911 Aegyptiarum
947 868 1259 900 memorationem
1298 866 1461 909 fecerat3
1497 879 1586 903 nam

127 926 166 958 in
191 926 287 958 libro
306 927 420 959 tertio
445 926 491 958 de
513 925 729 958 Sesostride
753 927 886 968 egerat
908 931 946 965 23
973 925 1133 957 eundem
1154 924 1200 957 de
1219 924 1307 958 Nilo
1328 923 1586 968 disputantem

128 981 260 1015 laudat
285 983 482 1016 Diodorus
510 983 624 1028 [102]
655 982 790 1025 (1,37.)
820 982 910 1014 item
938 981 1036 1024 (eod.
1049 982 1072 1015 1.
1094 986 1131 1015 et
1152 981 1234 1025 39)
1259 980 1464 1025 Ephorum,
1489 994 1584 1027 quos

127 1043 256 1073 tamen
286 1041 453 1074 locorum
484 1041 723 1084 ignoratione
758 1040 812 1072 ait
845 1049 1043 1082 peccasse3
1086 1037 1184 1072 hunc
1217 1040 1366 1084 quidem
1404 1041 1501 1075 libro
1530 1042 1585 1077 XI

127 1095 372 1132 historiarum
398 1099 435 1131 in
470 1097 567 1131 hanc
600 1099 859 1131 narrationem
898 1097 1096 1138 incidisse,
1130 1097 1266 1141 colligo
1292 1108 1311 1130 e
1335 1097 1493 1132 'l'heone
1519 1097 1586 1134 So-

128 1153 254 1198 phista
279 1159 310 1189 3.
357 1156 485 1190 Nilum
512 1166 658 1201 quoque
684 1159 989 1189 memoraverant
1016 1159 1054 1187 et
1079 1154 1253 1188 sabulosa
1273 1155 1319 1188 de
1349 1165 1393 1188 eo
1420 1156 1586 1190 tradide-

127 1217 215 1246 rant
247 1212 480 1256 Hellanicus,
519 1212 693 1256 Cadmus,
727 1211 930 1246 Hecataeus
965 1211 1109 1254 (ibid.);
1142 1215 1184 1243 ut
1219 1215 1364 1244 taceam
1391 1211 1584 1257 physicoS‚

124 1269 413 1317 Anaxagoram,
445 1271 712 1313 Democritum,
737 1268 960 1310 Aristonem,
995 1270 1111 1310 alios,
1139 1270 1200 1314 qui
1227 1269 1272 1302 de
1298 1271 1441 1302 caussis
1467 1271 1587 1305 incre-

127 1335 340 1363 mentorum
371 1329 448 1362 Nili
479 1331 585 1362 varia
613 1334 722 1363 erant
745 1328 936 1361 hariolati.
970 1329 1021 1370 (v.
1040 1326 1163 1360 Schol.
1188 1326 1359 1370 Apollon.
1385 1328 1448 1369 IV,
1473 1328 1584 1373 279.)

127 1384 382 1420 Dicaearchus
418 1387 458 1420 de
491 1386 665 1420 institutis
699 1385 877 1419 Graeciae
918 1387 967 1429 (ἓν
994 1385 1042 1428 τῷ
1073 1386 1152 1429 περὶ
1186 1385 1249 1426 τῆς
1276 1383 1453 1424 Ἕλλιὶδος
1487 1389 1583 1430 βίου)

127 1447 243 1479 etiam
276 1446 322 1478 de
359 1444 574 1478 Sesostride
620 1448 772 1489 egerat,
819 1443 1053 1486 temporibus
1096 1452 1243 1486 quoque
1278 1441 1484 1487 diligenter
1521 1445 1585 1478 ad.

126 1505 276 1547 scriptis
301 1503 406 1544 (ibid.
435 1503 530 1536 adv.
548 1503 642 1537 272.
667 1502 777 1545 276.)
811 1501 850 1535 In
879 1501 1009 1544 primis
1032 1510 1123 1533 vero
1150 1500 1211 1544 qui
1239 1498 1398 1543 periples
1423 1503 1587 1546 scripse-

125 1565 231 1600 rant,
264 1560 310 1593 de
341 1561 514 1604 Aegypto
547 1560 655 1602 plura
680 1560 893 1592 accuratius
925 1557 1179 1600 investigasse
1210 1557 1330 1590 videri
1361 1558 1522 1602 debent.-
1545 1562 1585 1594 in

124 1617 184 1652 his
209 1617 386 1651 Eudoxus
416 1614 582 1659 Cnidius,
615 1616 765 1650 Platoni
789 1620 916 1649 aetate
939 1625 1100 1658 suppar,
1131 1615 1193 1658 γῆς
1214 1615 1374 1660 περίοδον
1400 1617 1586 1662 ediderat,

124 1677 163 1709 in
185 1687 257 1721 qua
281 1676 328 1708 de
354 1675 527 1718 Aegypto
560 1681 752 1708 narratum
787 1675 905 1707 fuisse
941 1683 960 1707 e
987 1670 1190 1705 Plutarcho
1224 1670 1347 1704 discas
1376 1674 1465 1714 (To.
1489 1675 1532 1708 ΙΙ.
1550 1686 1585 1720 p.

128 1733 224 1767 353.
251 1737 290 1766 et
320 1732 413 1766 359.
433 1736 480 1775 c)
515 1730 806 1776 Agatharchides
831 1736 958 1765 autem
981 1729 1134 1763 Cnidius
1166 1728 1460 1772 geographicum
1490 1744 1583 1777 opus

123 1792 201 1836 περὶ
221 1786 347 1827 Ἀσίας
368 1790 425 1822 καὶ
448 1790 618 1835 Εὐρώπης
651 1789 894 1830 condiderat,
927 1799 946 1821 e
975 1798 1048 1832 quo
1074 1788 1263 1819 veriorem
1290 1788 1336 1822 de
1364 1788 1440 1822 Nili
1463 1792 1585 1825 incre-

124 1851 335 1880 mentorum
363 1848 507 1879 caussis
528 1848 743 1890 opinionem
768 1849 906 1880 recitat
930 1845 1121 1879 Diodorus
1144 1844 1288 1888 (Lan.)
1315 1847 1475 1880 eundem
1500 1859 1582 1882 cum

124 1904 371 1946 Artemidoro,
404 1903 669 1947 Geographiae
708 1909 884 1947 auctore,
920 1905 1071 1938 veriora
1103 1902 1307 1936 tradidisse
1334 1903 1380 1938 de
1409 1907 1582 1949 Aegypto

126 1967 166 1997 et
198 1962 417 2006 Aethiopia,
451 1972 531 1993 eum
570 1962 633 1994 alii
667 1964 872 2007 voluptatis
905 1971 1041 1994 caussa
1068 1970 1135 1993 sua
1161 1962 1381 2002 finxissent,
1420 1966 1584 1996 testatur

123 2020 315 2054 Diodorus
351 2020 438 2064 (ΙΙΙ,
469 2019 554 2062 11.)
599 2021 701 2055 Alios
745 2022 785 2054 in
826 2019 954 2054 Indice
1000 2016 1184 2063 Stephani
1224 2017 1322 2062 Byz.
1365 2029 1501 2054 eruere
1544 2022 1582 2054 in

121 2082 272 2122 promtu
301 2080 371 2112 est,

213 2134 440 2168 Successere
464 2138 649 2179 tempora,
679 2135 812 2180 quibus
838 2135 938 2168 victa
963 2134 1008 2167 ab
1035 2132 1252 2167 Alexandro
1276 2133 1472 2177 Aegyptus
1496 2143 1583 2166 mox

122 2194 160 2226 in
194 2192 501 2226 Ptolemaeorum
530 2198 760 2237 potestatem
789 2194 916 2225 cessit.
962 2191 1050 2224 Fuit
1084 2193 1122 2224 in
1154 2190 1212 2223 his
1251 2191 1373 2236 primo
1398 2190 1480 2224 loco
1508 2189 1586 2222 He-

123 2255 269 2284 cataeus
294 2248 484 2292 Abderita,
518 2249 728 2284 Ptolemaei
764 2249 861 2295 Lagi
894 2260 1041 2290 conum,
1069 2251 1131 2292 qui
1157 2254 1310 2293 praeter
1333 2249 1429 2289 alia,
1454 2251 1508 2281 uti
1536 2249 1583 2281 de

121 2308 292 2349 ludaeis,
317 2309 432 2340 etiam
456 2307 704 2353 Aegyptiac-as
729 2307 898 2342 historias
923 2307 1145 2351 reliquerat.
1186 2306 1362 2340 Meminit
1390 2309 1471 2340 eius
1497 2308 1585 2340 Dio-

123 2365 239 2399 dorus
271 2366 353 2409 ipse
394 2367 533 2410 partim
559 2368 599 2402 in
630 2368 699 2409 iis,
736 2376 832 2413 quae
858 2366 904 2401 de
932 2365 1019 2400 Nilo
1042 2365 1282 2410 disputantur
1313 2364 1360 2406 (1,
1388 2364 1472 2406 37.)
1503 2372 1585 2406 par-

216 2560 233 2592 1
262 2555 371 2589 Diod.
405 2556 431 2597 Ῑ,
461 2559 516 2592 10.
569 2558 656 2610 φασὶ
689 2557 805 2590 τοίιυν
837 2553 1046 2599 Hyantiae»,
1087 2553 1176 2588 κατά
1211 2552 1273 2596 τὴν
1307 2554 1341 2591 ἐξ
1379 2552 1484 2598 ἀρχῆς
1516 2553 1584 2585 τῶν

129 2595 212 2632 olom
233 2605 382 2645 γείεσιν,
419 2601 576 2646 novimus·
609 2600 817 2660 ἁιθξώποις
849 2604 1012 2645 γὲνέοθαι
1037 2600 1126 2633 κατὰ
1157 2600 1220 2643 τὴν
1244 2602 1314 2643 Ιῖγ
1308 2612 1437 2639 varon,
1469 2598 1524 2631 0ιά
1545 2611 1583 2630 ἰε

127 2657 190 2685 ’ῑηι
217 2646 397 2691 ἔυκιηισίαι
422 2662 485 2688 τις
506 2660 622 2693 χωοας
640 2652 696 2681 καὶ
719 2648 778 2681 διὰ
806 2647 868 2689 τὴι
894 2659 999 2692 φυσιν
1024 2647 1087 2679 ἰοῦ
1113 2652 1162 2680 N
1168 2651 1252 2682 [lov.
1281 2647 1404 2677 [autor
1426 2657 1491 2689 γαρ
1516 2657 1584 2677 πο·-

127 2693 387 2733 ³-1'7‘W01'1'5vl‘k
424 2696 482 2725 καὶ
507 2694 570 2731 τὰς
601 2707 739 2740 τροφιις
770 2694 956 2739 ιιύιοᾳυιῖς
989 2696 1222 2739 πιιυεχόμειον
1257 2693 1382 2737 ρᾳὰίως
1411 2692 1584 2735 εκτυειμιν

126 2735 170 2769 τὰ
192 2737 455 2779 ζωογοιηθειτιι
480 2748 544 2771 etc.

217 2788 238 2817 2
265 2782 384 2814 &chol
406 2786 571 2826 Apollon.
594 2786 652 2826 IV,
677 2788 758 2821 272.

216 2830 239 2864 3
263 2839 348 2872 prog
354 2841 528 2873 yniuasm
554 2843 583 2867 c
607 2835 639 2868 2.
665 2834 778 2875 Ρ.1ϋ-
1272 2873 1296 2906 2

1225 2883 1245 2907 Θ
