1859 3326
275 166 370 207 296
748 167 1275 209 ANNOTATION-ES

274 280 367 317 liam
388 285 426 317 et
446 278 597 317 infelici
618 287 760 320 eventu
781 282 916 321 Livius
937 282 980 321 L.
1000 283 1104 321 VIII.
1122 284 1200 324 24.
1241 283 1364 322 Porro
1382 286 1555 325 πλεῖστα
1580 282 1742 337 καῖ-μέ-

274 350 395 388 γιστα
413 339 454 374 ἰιι
476 337 690 377 Alexandri
711 342 841 391 magni
861 342 984 393 gestis
1005 341 1120 378 rebus
1142 343 1327 393 optimum
1345 342 1506 391 fuisset,
1534 343 1613 382 nisi
1628 343 1742 382 ‘aliud

277 393 430 431 eaedem
450 392 612 431 schedae
638 395 847 436 dedissent.
879 397 1010 434 WESS.

392 451 499 489 357.
534 452 607 490 32.
634 448 923 502 Ἀλεξάνδρου
947 452 990 492 δὲ
1009 450 1195 506 ἀδελφὴν
1221 449 1506 507 ὁμοπάτριον]
1539 454 1744 505 Iustinum,

279 508 345 554 qui
364 515 508 556 patrem
540 506 840 546 Thessalonicae
869 510 975 546 dedit
999 510 1219 548 Aridaeum
1248 510 1289 547 L.
1311 511 1418 548 XIV.
1432 514 1483 556 ,6.
1515 519 1642 549 ‘errare
1671 521 1744 551 ησ-

277 565 469 600 tissimum
492 572 560 600 est.
593 564 794 613 Philippus
813 573 1069 604 consueverat
1089 581 1175 604 cum
1188 567 1404 617 Nicesipoli
1422 567 1607 615 Pheraea,
1633 582 1653 606 e
1669 583 1745 620 qua.

268 619 397 657 'filiam
424 622 514 657 tulit
543 619 862 659 Thessalonicen.
910 622 1000 664 Vid.
1030 622 1273 662 Athenaeum
1303 623 1346 662 L.
1366 624 1476 662 XIII.
1508 637 1546 675 p.
1571 626 1676 666 557.
1703 624 1748 666 C.

278 682 317 713 et
335 675 502 714 Pausan.
523 677 563 713 L.
587 677 661 716 IX.
689 680 728 717 7.
756 678 894 715 Wess.

395 734 501 772 357.
523 734 597 772 34.
625 731 712 771 Ἐπὶ
732 737 806 786 τῆς
818 730 1050 788 Πελλήνης]
1075 737 1176 788 Lege
1197 739 1294 775 citra
1312 736 1611 775 haesitationem
1622 738 1745 778 Παλ-

279 783 416 841 λῆνης.
443 789 548 826 Haec
569 792 670 827 enim
685 789 875 828 Thraciae
895 793 986 829 urbs
1009 802 1079 840 est,
1101 806 1185 830 cum
1201 794 1358 831 Pellene
1380 796 1431 830 sit
1453 795 1544 831 urbs
1565 794 1746 833 Achaiae.

280 843 446 882 Consule
468 845 720 895 Stephanum.
745 847 881 885 Rnon.
905 846 1002 887 ’Eni
1025 852 1100 901 τῆς
1118 847 1376 902 Παλλήνης]
1408 851 1499 888 Non
1520 853 1632 889 aliter
1652 854 1749 890 scri-

279 901 445 939 bendum
468 902 540 938 hoc
562 904 644 940 loco
659 912 893 942 censuerunt
915 908 992 943 viri
1016 907 1223 943 clarissimi
1238 906 1545 945 ls.Casaubonus
1564 911 1603 946 in
1617 907 1750 949 Strab-

279 957 322 994 L.
338 958 421 996 Vll.
443 973 475 1008 p.
495 961 598 1000 510.
622 968 659 998 et
673 959 855 998 Dukerus
866 962 914 999 ad
926 961 1145 1012 Thucydid.
1161 963 1202 1000 L.
1219 963 1281 1003 IV.
1303 966 1405 1004 120.
1424 964 1569 1013 Estque
1581 979 1642 1002 res
1664 979 1750 1002 cer-

276 1015 429 1052 tissima
451 1029 498 1052 ex
519 1015 721 1054 Strabonis
740 1019 839 1066 loco,
864 1019 1029 1056 Pausan.
1050 1019 1091 1057 L.
1114 1019 1246 1060 V.23.
1272 1027 1310 1056 et
1323 1020 1435 1059 Livio
1457 1021 1499 1057 L.
1521 1020 1660 1058 XLIV.
1676 1024 1694 1062 l
1709 1024 1749 1062 l.

277 1071 387 1110 Adde
410 1071 698 1122 philargyrium
718 1076 759 1111 in
776 1075 932 1126 Virgilii
955 1075 1096 1127 Georg.
1116 1076 1159 1115 L.
1185 1077 1248 1114 IV.
1274 1078 1397 1125 391„
1431 1078 1560 1125 ibique
1583 1089 1651 1125 pro
1676 1078 1751 1116 Co-

280 1141 381 1167 rone
403 1131 487 1180 lege
514 1129 697 1169 Toronen
718 1132 766 1168 ob
788 1132 1015 1182 Apollodor.
1039 1132 1082 1170 1..
1106 1132 1154 1170 II.
1180 1134 1219 1174 5.
1249 1145 1285 1183 p.
1312 1134 1415 1174 113.
1444 1140 1482 1171 et
1504 1133 1687 1186 Stephan.
1707 1137 1753 1173 in

281 1181 474 1239 Ίόρώνη.
509 1185 650 1224 ⁷ivl-283.

396 1243 503 1283 358.
533 1245 606 1283 57.
627 1241 715 1282 ’Έτι
737 1242 782 1283 δὲ
805 1241 975 1284 Κύνναν
998 1267 1046 1275 -—-
1069 1241 1235 1296 ἔθαψεν
1255 1242 1297 1284 ἓν
1319 1244 1503 1300 Αἶγαΐς]
1533 1246 1595 1284 Ex
1615 1245 1752 1299 Diyllo

279 1296 512 1335 Atheniensi
546 1299 638 1337 haec
662 1308 788 1338 sumta
807 1302 1012 1344 videntur,
1043 1304 1110 1350 qui
1142 1303 1242 1352 apud
1263 1302 1506 1341 Athenaeum
1525 1303 1568 1341 L.
1589 1304 1653 1341 lv.
1678 1305 1750 1345 14.

279 1367 319 1405 p.
346 1357 448 1395 155.
477 1351 759 1410 Κάσσανδρος
790 1356 834 1396 ἐκ
855 1358 1063 1405 Βοιωτίας
1087 1357 1267 1398 ἐπανιὼν
1294 1359 1362 1398 καὶ
1395 1356 1547 1409 θάψας
1571 1358 1645 1400 τὸν
1667 1363 1752 1411 βα-

280 1410 395 1450 σιλέα
419 1412 485 1450 καὶ
509 1410 584 1464 τὴν
600 1413 853 1463 βασίλισσαν
873 1413 1116 1467 (Eurydicen
1137 1422 1176 1452 et
1196 1414 1436 1469 Philippum)
1455 1416 1496 1456 ἐν
1508 1417 1662 1469 Αἰγαῖς
1682 1416 1752 1456 καὶ

277 1465 366 1519 μετ’
392 1466 532 1508 αὐτῶν
554 1467 630 1521 τὴν
651 1466 821 1509 Κύνναν
840 1469 916 1523 τὴν
938 1471 1172 1525 Εὐρυδίκης
1199 1472 1385 1526 μητέρα,
1416 1472 1484 1512 καὶ
1503 1477 1591 1520 τοῖς
1611 1471 1753 1520 ἄλλοις

278 1520 461 1576 τιμήσας
481 1521 542 1571 οἷς
562 1523 782 1578 προσήκει,
805 1527 873 1566 καὶ
894 1529 1157 1580 μονομαχίας
1178 1528 1318 1582 ἀγῶνα
1341 1527 1480 1581 ἔθηκε.
1507 1531 1630 1568 Periit
1646 1528 1754 1581 Cyn·-

279 1593 354 1627 na,
384 1583 556 1634 ingentis
578 1585 699 1621 animi
727 1586 888 1632 mulier,
915 1585 1085 1636 Philippi
1118 1592 1155 1623 et
1176 1587 1350 1624 Audatae
1375 1586 1532 1637 Illyriae
1562 1586 1632 1634 Ε,
1660 1599 1753 1625 mox

281 1650 304 1673 a
324 1638 457 1675 fratris
481 1640 694 1677 Alexandri
717 1648 839 1679 morte
867 1655 1015 1679 summo
1035 1643 1189 1680 Alcetae
1221 1645 1387 1690 scelere,
1418 1650 1464 1680 ut
1484 1651 1633 1694 praeter
1653 1643 1754 1680 Dio-

279 1693 416 1731 dorum
446 1702 639 1733 testantur
671 1696 890 1748 Polyaenus
923 1698 965 1736 L.
990 1699 1093 1738 VIII.
1117 1702 1190 1740 60.
1220 1707 1257 1736 et
1279 1699 1468 1737 Arrianus
1501 1703 1541 1737 in
1564 1698 1753 1751 Biblioth.

278 1749 410 1788 Photii
431 1765 467 1802 p.
487 1754 594 1793 220.
630 1752 769 1802 Plura,
789 1767 886 1803 quae
907 1758 1028 1794 vitam
1057 1757 1139 1793 eius
1164 1758 1411 1804 illuminant,
1440 1752 1520 1795 viri
1539 1756 1755 1795 doctissimi

279 1807 329 1844 ud
350 1808 553 1847 Aelianum
586 1810 676 1848 Var.
698 1810 801 1849 Hist.
827 1812 871 1852 L.
902 1811 1012 1850 XIII.
1043 1814 1133 1860 36.,
1165 1826 1243 1850 non
1276 1815 1484 1862 praeterito
1513 1813 1754 1862 Interpretis,

279 1865 346 1914 qui
366 1863 427 1902 hic
450 1873 620 1904 verterat
644 1868 823 1916 Cinnam,
846 1883 957 1920 quem
978 1869 1142 1908 Alcetas
1162 1871 1395 1918 sustulerat,
1420 1876 1591 1920 peccato.
1610 1869 1754 1907 WVESS.

397 1922 503 1963 358.
534 1925 607 1963 63.
639 1922 1006 1977 Πολιορκοῦμενος
1029 1926 1070 1965 ἐν
1091 1926 1238 1982 Ναξίῳ
1261 1923 1627 1980 τῆςΠεῤῥαιβίας]
1656 1926 1758 1964 Nul-

278 1977 356 2014 lam
377 1979 554 2026 equidem
583 1980 737 2028 Naxio.,
766 1982 1020 2020 Perrhaebiae
1042 1983 1182 2033 oppido
1198 2011 1209 2031 ‚
1242 1984 1344 2032 quod
1367 1986 1631 2030 meminerim,
1660 1983 1757 2021 alibi

271 2046 360 2070 -non
389 2037 512 2081 lecto,
541 2042 848 2075 controversiam
878 2041 1110 2086 movissem,
1139 2043 1215 2077 nisi
1237 2043 1270 2077 si
1293 2039 1388 2090 Reg.
1416 2043 1454 2080 l.
1482 2041 1587 2078 viam
1610 2039 1662 2076 ad
1685 2053 1756 2078 ve-

277 2101 365 2127 rum
386 2100 653 2131 monstrasset.
677 2093 840 2145 Refinge
861 2098 942 2133 eius
965 2095 1007 2134 ἐν
1024 2092 1203 2150 Ἀξιώρῳ
1227 2098 1269 2132 ἱη
1291 2095 1332 2134 ἐν
1347 2092 1536 2150 Ἀζώρῳ,
1563 2103 1602 2133 et
1621 2092 1756 2133 urbe-m

277 2144 460 2195 habebis,
489 2161 603 2198 quam
628 2149 772 2188 Strabo
792 2150 975 2204 Ἄζωρον
1010 2155 1086 2203 τῆς
1124 2151 1415 2203 Τριπολίτιὸὀς
1446 2159 1561 2190 vooat
1591 2151 1635 2189 L.
1668 2151 1754 2189 VII.

276 2214 316 2252 p.
343 2205 449 2243 504.
496 2205 732 2245 Distinctius
765 2207 901 2245 Livius
924 2207 966 2244 L.
987 2208 1113 2247 XLII.
1141 2210 1213 2248 53.
1255 2208 1414 2246 Deinde
1443 2210 1551 2246 saltu
1582 2214 1755 2258 angusto

278 2263 485 2310 superatis
515 2264 709 2301 montibus
733 2286 781 2292 —
804 2266 1009 2302 descendit
1035 2266 1090 2304 ad
1117 2262 1338 2316 (Tripolim
1367 2265 1534 2319 vocant)
1562 2276 1756 2314 AzoRUM,

280 2315 468 2365 Pythium
492 2326 534 2354 et
548 2319 745 2358 Dolichen
767 2322 996 2358 incolentes.
1027 2320 1130 2369 Tum
1149 2322 1191 2359 L.
1211 2321 1356 2361 XLIV.
1374 2324 1446 2362 11.
1480 2322 1530 2360 In
1550 2321 1757 2360 Perrhae-

279 2371 384 2410 biam
413 2375 503 2412 inde
527 2377 656 2424 ducit,
696 2384 737 2414 et
762 2379 869 2415 inter
897 2388 1074 2416 AZORUM
1105 2385 1147 2415 et
1181 2378 1379 2416 Dolichen
1410 2381 1563 2416 stativa
1598 2379 1751 2417 habuit.

212 2472 216 2475 .
275 2429 403 2477 Atque
431 2428 503 2466 hoc
531 2446 602 2483 ego
637 2435 822 2483 tantisper
853 2436 1070 2484 legitimum
1099 2436 1264 2485 putabo,
1305 2435 1428 2473 donec
1458 2435 1594 2474 Naxio
1628 2436 1755 2473 bonae

278 2485 370 2522 fidei
390 2493 577 2535 patronus
598 2490 755 2526 aliunde
778 2491 1011 2528 suboriatur.
1040 2491 1178 2532 VVESS.

393 2543 500 2582 359·
525 2546 605 2585 89.
635 2543 722 2585 Τὸν
741 2542 805 2583 ἐπὶ
826 2546 1121 2594 Δευκαλίωνος
1142 2544 1459 2601 κατακλυσμὸν]
1494 2548 1756 2598 Praepositio-

276 2608 366 2636 nem
387 2601 567 2650 stigmate
588 2603 730 2639 inussit
753 2601 901 2652 steph„
929 2617 1001 2641 nec
1022 2611 1081 2641 est
1101 2607 1143 2642 in
1170 2602 1267 2656 Reg.
1285 2607 1328 2646 2.
1360 2604 1457 2643 Ven.
1477 2603 1597 2643 Basil.
1622 2603 1755 2642 Habet

278 2656 362 2703 ipse
383 2653 583 2694 Diodorus
606 2658 649 2697 L.
676 2658 703 2695 I.
729 2660 800 2699 10.
825 2660 962 2696 Wssss.

393 2713 500 2753 359.
541 2715 616 2754 92.
652 2711 729 2754 ‘'Ov
757 2726 863 2761 τινες
892 2714 969 2767 μὲν
1006 2714 1205 2770 Σπαρτὸν
1235 2713 1608 2770 προσηγόρευσαν]
1655 2717 1754 2756 Vide

277 2764 412 2805 schol.
444 2770 485 2806 in
516 2769 695 2822 Euripid.
725 2771 929 2811 Phoeniss.
960 2785 1000 2812 v.
1025 2777 1130 2816 802.
1164 2781 1205 2812 et
1234 2773 1408 2812 Tzetzen
1438 2773 1488 2812 ad
1515 2773 1687 2826 Lycoph.
1716 2787 1763 2814 v..

283 2825 422 2866 1204.
453 2825 589 2866 Wnss.
