1891 3310
408 146 474 189 [Ν
505 146 614 187 LlB.
644 145 797 186 xvn.
828 145 1065 204 CAR-90.
1097 149 1172 190 91.
1451 154 1544 194 203

99 261 369 310 consobrinum
409 259 735 314 autrpatruelem.
776 257 880 311 Bene
913 258 1088 312 quidem,
1115 261 1148 298 si
1171 259 1374 311 interpreti
1396 266 1546 302 consti-

99 322 228 356 tut'uin
246 318 405 364 fuisset,
434 315 633 354 Ciceronis
656 314 863 354 dictionem
889 315 1247 370 ubique-aemulari.
1278 317 1340 362 Tu
1361 319 1407 357 de
1426 334 1546 372 nepo-

99 366 202 412 tibics
227 369 542 422 exsbatrevide
560 365 774 409 casaubon.
796 370 852 408 'ad
874 369 1066 420 Spartian.
1085 371 1205 411 Hadr.
1230 377 1328 425 ·c.=2.
1367 375 1506 425 ll'ssss.

92 430 96 433 Δ
211 430 317 470 230.
335 429 422 470 93.
461 430 554 468 Τῶν
580 425 850 480 Γανδαριδῶν
870 424 1007 479 ἔθνος]
1016 427 1061 465 ln
1072 428 1174 469 Plut.
1187 430 1297 470 Alex.
1316 445 1353 482 p.
1369 432 1545 482 699 E„

95 484 255 537 'prorsus
274 493 318 522 ut
338 482 434 536 Reg.
451 497 526 521 sec.
546 482 827 536 Γανδαριῗῶν.
845 482 923 522 Sed
942 483 1031 522 vide
1052 497 1166 537 supra
1187 485 1229 523 L.
1251 486 1301 525 11.
1324 489 1398 537 37.
1412 489 1546 535 Wuss.

98 547 101 550 ’
212 543 319 583 231.
343 543 418 582 97.
447 540 521 587 Εἷς
540 537 586 580 τὸ
608 542 691 579 τῶν
709 537 990 592 Ἀὁ”ρηστῶν]
1024 539 1111 580 Hoc
1131 554 1181 580 ex
1199 541 1295 594 Reg.
1316 546 1354 585 1.
1374 545 1547 582 fideliore

97 601 288 648 scriptura
319 592 610 635 adsciscendum
639 596 754 634 duxi:
791 608 909 646 prope
939 597 1079 635 absunt
1102 594 1358 650 Ἀδραισταὶ
1391 601 1549 653 Arriani

96 655 310 706 L.'V.2·2.,
332 661 370 690 et
388 653 520 691 Orosii
533 653 719 690 Adrestae
739 653 822 691 sive
834 653 1110 708 Adraestae,ut
1125 655 1228 693 vidit
1238 658 1548 707 accuratissimus

94 710 236 749 Franc.
261 709 473 749 Fabricius,
505 709 645 747 Statim
665 707 929 761 καλουμέιζων
949 723 998 747 ex
1017 709 1151 760 Steph.
1172 714 1415 763 correctione,
1428 715 1550 763 recipi

97 769 252 818 poterit.
275 766 415 805 YVESS.
437 763 671 818 Stephanus
691 765 766 802 'siet
786 760 1062 818 4καλούμενον]
1088 768 1550 822 Rectiusxastovpce'vwv.

99 829 101 831 ’
210 823 320 864 231.
358 825 408 864 1.’
429 822 501 868 Εἷς
520 817 596 874 vigit
614 823 699 861 τῶν
724 818 933 861 Καθαίων
949 818 1114 877 χώραν]
1148 819 1310 862 Correx'i
1332 826 1551 878 Kampai:

96 880 327 928 vocabulum
351 891 401 917 ex
418 879 570 916 Arrian.
590 878 631 915 L.
650 878 695 930 V.
717 880 792 918 22.
832 876 1042 927 Stephano,
1063 894 1082 917 e
1102 883 1255 934 seriptis
1275 881 1395 933 qud.
1418 883 1551 921 adiuto

97 936 150 972 ab.
165 934 359 985 Holsten.,
390 941 427 972 et
449 935 591 972 Orosio
612 933 679 974 Ill.
708 936 791 982 19..)
812 934 878 972 ubi
899 929 1098 977 Fabricius
1117 936 1157 978 id
1174 939 1261 979 fieri
1283 931 1458 987 oportere
1480 939 1551 981 du-

95 983 188 1029 'du'm
217 992 479 1033 admonuerat.
516 990 708 1029 Vitiosum
729 990 857 1043 gentis
885 1004 1024 1028 nomen
1040 995 1197 1046 serat-in
1216 993 1411 1047 Polyaeno
1433 995 1554 1034 Strat.

99 1047 163 1086 lv.
185 1048 225 1087 3.
251 1049 324 1088 30.
354 1047 547 1085 Strabone
569 1059 717 1098 quoque
738 1048 781 1086 L.
799 1046 885 1085 XV.
906 1049 1118 1097 p.1024.‚
1141 1043 1204 1091 cui
1223 1053 1374 1101 utrique
1392 1052 1553 1089 medici-

100 1117 188 1141 nam
218 1105 393 1142 fecerunt
413 1104 492 1142 viri
521 1104 736 1143 eruditione
759 1110 1009 1154 praestantes.
1050 1104 1156 1156 Satis
1183 1108 1312 1155 itaque
1341 1108 1555 1151 excusabor

101 1174 232 1198 eorum
249 1162 476 1211 patrocinio.
514 1159 650 1212 Restat
677 1161 723 1198 de
743 1162 912 1212 regionis
940 1163 1015 1198 situ
1030 1165 1323 1214 ,controversi-fi,
1351 1166 1415 1201 cui
1433 1166 1555 1215 origi-

100 1229 188 1254 nem
210 1217 361 1255 dedisse
381 1216 430 1255 N.
452 1214 696 1267 Trigautium
713 1215 860 1268 Exped.
883 1216 1005 1256 Sinic.
1024 1213 1066 1254 L.
1088 1217 1152 1255 IV.
1165 1219 1223 1269 3„
1241 1219 1464 1270 *Gtctltrciam
1475 1233 1557 1258 non

99 1275 215 1310 aliam
245 1273 459 1311 ac'Sinam
498 1272 625 1311 videri
652 1274 964 1323 pertendentem,
1006 1274 1183 1312 adfirmat
1212 1275 1314 1315 And.
1349 1277 1556 1315 Mullerus:

98 1325 269 1369 'traxisse
287 1332 390 1367 enim
412 1332 452 1367 in
471 1336 598 1378 partes
621 1330 735 1368 Mart.
760 1329 1008 1379 Martinium,
1035 1326 1174 1368 Ath'an.
1197 1331 1449 1381 Kircherum,
1477 1332 1554 1374 Iac.

103 1384 282 1435 Golium,
313 1388 515 1435 pluresque
535 1387 655 1435 alios,
683 1399 792 1424 secus
815 1394 944 1424 tamen
962 1400 1042 1425 rem
1061 1386 1220 1426 habere:
1252 1401 1442 1439 nunquam
1465 1389 1557 1426 Ale-

100 1442 293 1479 xandrum
321 1444 498 1480 victricia
517 1455 622 1480 arma
646 1446 687 1480 in
716 1442 756 1480 id
784 1439 946 1493 regnum
967 1445 1166 1482 intulisse:
1195 1457 1318 1494 neque
1345 1448 1387 1482 in
1418 1446 1558 1483 ‚Sinam

102 1499 198 1535 bene
220 1512 456 1550 congruere,
487 1510 583 1548 quae
606 1506 759 1538 veteres
787 1500 977 1548 mediique
999 1502 1088 1538 aevi
1108 1503 1336 1550 scriptores,
1367 1501 1418 1539 M.
1443 1502 1559 1539 Paul-

101 1555 163 1592 lus
183 1554 375 1604 Venetus,
403 1553 618 1604 Haitonus,
646 1555 778 1598 ethoc
800 1555 847 1593 de
872 1569 1014 1607 genere
1032 1557 1100 1594 alii
1115 1558 1390 1608 prodiderunt:
1421 1565 1560 1597 contra

102 1624 148 1648 ea
168 1613 209 1648 in
230 1611 472 1659 Tartariam,
503 1613 611 1649 cuius
637 1608 1086 1663 Cambala'metropolis‚
1111 1617 1282 1662 optime..
1301 1614 1408 1652 Haec
1427 1616 1492 1652 ille
1515 1615 1558 1652 in

101 1667 278 1716 Disquis.
299 1667 447 1706 Histor.
465 1674 503 1705 et
523 1667 740 1720 Geograph.
768 1669 815 1705 de
835 1667 996 1706 Cathaia
1020 1681 1058 1718 p.
1081 1672 1153 1710 80.
1196 1678 1234 1707 et
1261 1682 1364 1721 seqq.
1405 1671 1450 1708 ln
1473 1673 1560 1720 qui-

102 1724 174 1762 bus
203 1724 250 1762 de
279 1723 502 1762 Alexandro
530 1735 627 1772 quae
647 1732 865 1772 asseverat,
896 1723 997 1763 haud
1025 1725 1138 1763 dubie
1166 1740 1258 1764 vera
1287 1735 1398 1765 sunt:
1428 1735 1560 1766 cetera

103 1793 183 1818 non
207 1781 377 1818 eiusdem
396 1780 553 1819 valoris.
597 1780 699 1818 Nam
719 1794 814 1831 quae
834 1779 886 1818 M.
916 1780 961 1820 P.
982 1781 1152 1819 Venetus
1173 1782 1216 1821 L.
1237 1783 1285 1820 ll.
1306 1784 1381 1823 25.
1411 1783 1457 1820 de
1477 1782 1560 1819 Re-

104 1830 213 1887 gion.
244 1837 396 1882 Orient.
428 1843 467 1872 et
496 1835 691 1875 Haitonus
721 1838 766 1874 de
798 1836 951 1875 Tartar.
980 1851 1013 1874 c.
1050 1840 1111 1885 l.,
1141 1852 1186 1877 ea
1215 1841 1563 1889 septemtrionalem

106 1894 267 1942 Sinam,
293 1907 316 1930 a
336 1891 511 1930 Tartaris
534 1896 609 1932 iam
629 1901 709 1931 tum
727 1894 923 1940 domitam,
952 1895 1166 1933 clarissime
1183 1895 1422 1933 describunt:
1452 1898 1561 1934 cuius

105 1952 348 2000 praecipuam
366 1949 497 1987 urbem
521 1949 729 1999 Cmnbalu,
756 1944 839 1988 sive
863 1944 1160 2000 Clzan-Bczlelc,
1187 1951 1296 1989 Sinis
1319 1966 1401 1989 esse
1422 1952 1563 2000 Pelcin,

108 2006 282 2044 dubitare
294 2005 496 2054 prohibent
506 2007 710 2045 observata
721 2005 935 2047 doctissimi
948 2006 1563 2057 loseph.Simon.,AssemaniDis-

108 2069 199 2099 sert.
212 2062 257 2100 de
271 2061 383 2112 Syris
393 2061 612 2101 Nestorian.
625 2075 660 2113 p.
675 2064 698 2103 5
709 2065 728 2104 l
739 2063 779 2102 3.
791 2062 925 2112 Neque
939 2058 1087 2101 officere
1101 2063 1188 2101 huic
1199 2066 1412 2102 sententiae
1424 2068 1566 2114 poterit

107 2118 322 2156 Alexandri
351 2119 538 2157 transitus
565 2118 622 2165 ε-ἲς
652 2115 729 2171 τὴν
757 2117 969 2159 Καθαίων
993 2115 1158 2172 χώραν,
1190 2121 1303 2158 modo
1327 2122 1565 2169 observetur,

106 2176 223 2212 latius
244 2176 335 2213 olim
355 2174 394 2213 id
415 2187 555 2217 nomen
578 2177 1026 2225 patuisse„conplexum
1045 2176 1163 2214 Asiae
1182 2190 1264 2215 eam
1284 2185 1442 2227 partem,
1469 2190 1566 2226 quae

107 2233 212 2269 ultra
233 2227 378 2269 imaum
396 2233 570 2269 'montem
590 2232 776 2269 latissime
796 2232 838 2269 in
870 2235 1185 2281 septemtrionem
1204 2234 1398 2284 ipsamque
1428 2233 1568 2272 Tarta-

107 2289 205 2325 riam
231 2289 466 2338 porrigitur,
493 2288 595 2338 quod
615 2287 662 2326 N.
685 2286 912 2339 Trigautius
932 2301 1011 2326 non
1038 2296 1155 2340 negat
1175 2296 1214 2326 et
1234 2290 1376 2327 Athan.
1404 2289 1569 2328 Kirche-

111 2357 178 2381 rus
198 2343 372 2382 defendit
392 2338 591 2382 Prodrom'.
611 2342 719 2396 Copt.
740 2358 772 2383 c.
792 2344 836 2385 4.
855 2344 990 2384 WEss.
1021 2346 1244 2400 Καθαριῖν
1263 2354 1390 2385 tuetur
1401 2346 1568 2385 Heeren.

111 2400 228 2438 ldeen
250 2400 279 2439 1.
302 2401 345 2439 2.
376 2412 412 2449 p.
434 2401 544 2441 401.
752 2435 756 2438 .

226 2458 335 2497 231.
366 2459 409 2496 2.
441 2458 578 2496 Τοῦτο
599 2452 643 2495 δ’
669 2451 865 2511 ἐκυρώθη
885 2453 932 2498 τὸ
954 2453 1089 2512 δόγμα
1110 2453 1213 2510 etc.]
1251 2457 1362 2497 Conf.
1385 2458 1568 2500 Strabon.

113 2514 157 2552 L.
174 2513 264 2552 XV.
297 2525 334 2561 p.
360 2514 496 2554 1024.
517 2511 559 2550 C.
590 2518 630 2549 et
652 2524 747 2561 quae
775 2514 879 2551 infra
906 2515 1089 2566 leguntur
1120 2514 1164 2552 L.
1184 2514 1298 2553 XIX.
1321 2517 1394 2556 33.
1426 2517 1568 2555 wssss.

229 2569 337 2609 231.
361 2570 403 2610 4.
427 2565 477 2609 ‘O
499 2565 540 2608 δ’
565 2561 639 2609 οὖν
656 2566 852 2619 βασιλεὺς
870 2567 945 2622 τὴν
964 2570 1161 2624 μεγίστην
1174 2571 1270 2622 etc.]
1305 2571 1388 2610 Hac
1411 2573 1457 2610 dc
1477 2574 1571 2609 urbe

116 2632 156 2663 et
185 2632 366 2674 sequente
389 2625 544 2664 uberius
573 2622 730 2664 Curtius
759 2624 802 2663 L.
821 2624 893 2664 IX.
929 2628 967 2668 1.
990 2628 1063 2675 14.
1091 2635 1130 2666 et
1148 2627 1333 2680 Polyaen.
1363 2628 1483 2667 Strat.
1505 2628 1569 2669 lV.

120 2683 161 2722 3.
185 2683 259 2722 30.
289 2681 430 2718 Wssss.
455 2712 459 2716 ,

231 2738 340 2779 231.
373 2738 444 2779 13.
491 2733 650 2788 Διόπερ
682 2735 726 2778 ἔκ
756 2735 905 2790 νηπίου
934 2735 1029 2792 παρ’
1065 2735 1208 2787 αὐτοῖς
1237 2738 1290 2780 τὰ
1318 2738 1453 2796 βρέφη
1476 2743 1575 2788 etc.]

121 2791 280 2832 Curtius
309 2796 366 2832 sic
394 2793 531 2833 Latine
560 2792 685 2834 dedit:
711 2796 869 2849 genitos
889 2795 1036 2835 liberos
1066 2809 1144 2836 non
1158 2803 1377 2851 parentum
1404 2798 1576 2837 arbitrio
