<?xml version="1.0" encoding="UTF-8"?>
<!DOCTYPE html PUBLIC "-//W3C//DTD XHTML 1.0 Transitional//EN"
    "http://www.w3.org/TR/xhtml1/DTD/xhtml1-transitional.dtd">
<html xmlns="http://www.w3.org/1999/xhtml" xml:lang="en" lang="en">
 <head>
  <title>
</title>
<meta http-equiv="Content-Type" content="text/html;charset=utf-8" />
  <meta name='ocr-system' content='tesseract 3.04.00' />
  <meta name='ocr-capabilities' content='ocr_page ocr_carea ocr_par ocr_line ocrx_word'/>
</head>
<body>
  <div class='ocr_page' id='page_1' title='image "./bibliothecahisto05dioduoft_0446.png"; bbox 0 0 1859 3326; ppageno 0'>
   <div class='ocr_carea' id='block_1_1' title="bbox 312 211 1309 259">
    <p class='ocr_par' dir='ltr' id='par_1_1' title="bbox 312 211 1309 259">
     <span class='ocr_line' id='line_1_1' title="bbox 312 211 1309 259; baseline -0.001 -2"><span class='ocrx_word' id='word_1_1' title='bbox 312 216 409 259; x_wconf 76' lang='lat'>434</span> <span class='ocrx_word' id='word_1_2' title='bbox 781 211 1309 257; x_wconf 74' lang='lat' dir='ltr'><strong>ANNOTATIONES</strong></span> 
     </span>
    </p>
   </div>
   <div class='ocr_carea' id='block_1_2' title="bbox 296 326 1807 2922">
    <p class='ocr_par' dir='ltr' id='par_1_2' title="bbox 317 326 1775 490">
     <span class='ocr_line' id='line_1_2' title="bbox 319 326 1772 382; baseline 0 -14"><span class='ocrx_word' id='word_1_3' title='bbox 319 331 360 368; x_wconf 90' lang='lat' dir='ltr'>in</span> <span class='ocrx_word' id='word_1_4' title='bbox 381 328 611 378; x_wconf 78' lang='lat' dir='ltr'><strong>spectaculis</strong></span> <span class='ocrx_word' id='word_1_5' title='bbox 627 326 824 366; x_wconf 79' lang='lat' dir='ltr'>luxuriose</span> <span class='ocrx_word' id='word_1_6' title='bbox 846 341 887 366; x_wconf 88' lang='lat' dir='ltr'>se</span> <span class='ocrx_word' id='word_1_7' title='bbox 910 340 1045 380; x_wconf 83' lang='lat' dir='ltr'>gerere</span> <span class='ocrx_word' id='word_1_8' title='bbox 1065 334 1180 377; x_wconf 87' lang='lat' dir='ltr'>atque</span> <span class='ocrx_word' id='word_1_9' title='bbox 1199 328 1435 376; x_wconf 83' lang='lat' dir='ltr'>insolenter,</span> <span class='ocrx_word' id='word_1_10' title='bbox 1471 329 1572 380; x_wconf 88' lang='lat' dir='ltr'>quod</span> <span class='ocrx_word' id='word_1_11' title='bbox 1593 331 1640 369; x_wconf 85' lang='lat' dir='ltr'>ab</span> <span class='ocrx_word' id='word_1_12' title='bbox 1663 333 1772 382; x_wconf 82' lang='lat' dir='ltr'>inge-</span> 
     </span>
     <span class='ocr_line' id='line_1_3' title="bbox 321 384 1775 437; baseline 0.002 -14"><span class='ocrx_word' id='word_1_13' title='bbox 321 388 387 423; x_wconf 92' lang='lat' dir='ltr'>nio</span> <span class='ocrx_word' id='word_1_14' title='bbox 409 385 534 422; x_wconf 81' lang='lat' dir='ltr'>Salvii</span> <span class='ocrx_word' id='word_1_15' title='bbox 557 387 670 423; x_wconf 90' lang='lat' dir='ltr'>istius</span> <span class='ocrx_word' id='word_1_16' title='bbox 691 398 768 422; x_wconf 87' lang='lat' dir='ltr'>non</span> <span class='ocrx_word' id='word_1_17' title='bbox 792 385 987 422; x_wconf 89' lang='lat' dir='ltr'>abhorret</span> <span class='ocrx_word' id='word_1_18' title='bbox 1047 384 1226 422; x_wconf 86' lang='lat' dir='ltr'>Viderint</span> <span class='ocrx_word' id='word_1_19' title='bbox 1255 392 1383 424; x_wconf 86' lang='lat' dir='ltr'>tamen</span> <span class='ocrx_word' id='word_1_20' title='bbox 1416 388 1643 436; x_wconf 82' lang='lat' dir='ltr'>peritiores,</span> <span class='ocrx_word' id='word_1_21' title='bbox 1680 400 1775 437; x_wconf 77' lang='lat' dir='ltr'>quo·</span> 
     </span>
     <span class='ocr_line' id='line_1_4' title="bbox 317 442 1317 490; baseline -0.003 -9"><span class='ocrx_word' id='word_1_22' title='bbox 317 456 404 481; x_wconf 78' lang='lat' dir='ltr'>rum</span> <span class='ocrx_word' id='word_1_23' title='bbox 426 443 588 480; x_wconf 87' lang='lat' dir='ltr'>arbitrio</span> <span class='ocrx_word' id='word_1_24' title='bbox 608 442 700 480; x_wconf 85' lang='lat' dir='ltr'>haec</span> <span class='ocrx_word' id='word_1_25' title='bbox 721 443 878 479; x_wconf 86' lang='lat' dir='ltr'>stabunt</span> <span class='ocrx_word' id='word_1_26' title='bbox 898 442 1123 490; x_wconf 77' lang='lat' dir='ltr'>cadentque.</span> <span class='ocrx_word' id='word_1_27' title='bbox 1180 442 1317 480; x_wconf 59' lang='lat' dir='ltr'>WVEss.</span> 
     </span>
    </p>

    <p class='ocr_par' dir='ltr' id='par_1_3' title="bbox 319 478 1777 651">
     <span class='ocr_line' id='line_1_5' title="bbox 436 478 1777 551; baseline 0 -13"><span class='ocrx_word' id='word_1_28' title='bbox 436 500 540 538; x_wconf 90' lang='grc'>533.</span> <span class='ocrx_word' id='word_1_29' title='bbox 580 501 655 539; x_wconf 89' lang='grc'>41.</span> <span class='ocrx_word' id='word_1_30' title='bbox 703 495 857 544; x_wconf 55' lang='lat' dir='ltr'>Home</span> <span class='ocrx_word' id='word_1_31' title='bbox 884 496 1032 551; x_wconf 81' lang='grc' dir='ltr'><em>ἀργίας</em></span> <span class='ocrx_word' id='word_1_32' title='bbox 1063 497 1131 537; x_wconf 85' lang='grc' dir='ltr'>καὶ</span> <span class='ocrx_word' id='word_1_33' title='bbox 1160 501 1326 569; x_wconf 39' lang='grc' dir='ltr'><em>τρυφᾶῆς</em></span> <span class='ocrx_word' id='word_1_34' title='bbox 1349 496 1549 550; x_wconf 75' lang='grc' dir='ltr'><em>νομίζων]</em></span> <span class='ocrx_word' id='word_1_35' title='bbox 1598 498 1704 537; x_wconf 88' lang='lat' dir='ltr'>Defit</span> <span class='ocrx_word' id='word_1_36' title='bbox 1729 478 1777 538; x_wconf 85' lang='lat' dir='ltr'>ad</span> 
     </span>
     <span class='ocr_line' id='line_1_6' title="bbox 319 553 1777 606; baseline 0.001 -14"><span class='ocrx_word' id='word_1_37' title='bbox 319 558 532 604; x_wconf 78' lang='lat' dir='ltr'>pleniorem</span> <span class='ocrx_word' id='word_1_38' title='bbox 559 562 794 593; x_wconf 85' lang='lat' dir='ltr'>structuram</span> <span class='ocrx_word' id='word_1_39' title='bbox 824 556 1032 606; x_wconf 83' lang='lat' dir='ltr'>quidpiam.</span> <span class='ocrx_word' id='word_1_40' title='bbox 1088 554 1204 593; x_wconf 84' lang='lat' dir='ltr'>Forte</span> <span class='ocrx_word' id='word_1_41' title='bbox 1234 553 1374 602; x_wconf 78' lang='grc' dir='ltr'><em>αἰτίας</em></span> <span class='ocrx_word' id='word_1_42' title='bbox 1402 562 1470 593; x_wconf 82' lang='lat' dir='ltr'>aut</span> <span class='ocrx_word' id='word_1_43' title='bbox 1501 557 1626 594; x_wconf 86' lang='lat' dir='ltr'>simile</span> <span class='ocrx_word' id='word_1_44' title='bbox 1658 558 1777 595; x_wconf 84' lang='lat' dir='ltr'>aliud.</span> 
     </span>
     <span class='ocr_line' id='line_1_7' title="bbox 320 612 457 651; baseline -0.016 -1"><span class='ocrx_word' id='word_1_45' title='bbox 320 612 457 651; x_wconf 78' lang='lat' dir='ltr'>WEss.</span> 
     </span>
    </p>

    <p class='ocr_par' dir='ltr' id='par_1_4' title="bbox 319 660 1779 1001">
     <span class='ocr_line' id='line_1_8' title="bbox 437 660 1774 734; baseline 0.001 -27"><span class='ocrx_word' id='word_1_46' title='bbox 437 668 540 708; x_wconf 89' lang='grc'>533.</span> <span class='ocrx_word' id='word_1_47' title='bbox 570 668 643 708; x_wconf 88' lang='grc'>63.</span> <span class='ocrx_word' id='word_1_48' title='bbox 680 664 866 714; x_wconf 74' lang='grc' dir='ltr'><em>Εὐθυς</em></span> <span class='ocrx_word' id='word_1_49' title='bbox 848 666 912 706; x_wconf 72' lang='grc' dir='ltr'>επὶ</span> <span class='ocrx_word' id='word_1_50' title='bbox 935 661 1250 734; x_wconf 60' lang='grc' dir='ltr'><em>προτερήματος</em></span> <span class='ocrx_word' id='word_1_51' title='bbox 1277 660 1415 720; x_wconf 50' lang='grc' dir='ltr'><em>ἦσαν]</em></span> <span class='ocrx_word' id='word_1_52' title='bbox 1458 663 1716 720; x_wconf 78' lang='lat' dir='ltr'>Legebatur‘</span> <span class='ocrx_word' id='word_1_53' title='bbox 1693 665 1774 710; x_wconf 77' lang='grc' dir='ltr'>υπὸ</span> 
     </span>
     <span class='ocr_line' id='line_1_9' title="bbox 322 720 1775 777; baseline -0.001 -12"><span class='ocrx_word' id='word_1_54' title='bbox 322 720 659 776; x_wconf 65' lang='grc' dir='ltr'><em>προτερήαατος,</em></span> <span class='ocrx_word' id='word_1_55' title='bbox 686 725 787 772; x_wconf 85' lang='lat' dir='ltr'>quod</span> <span class='ocrx_word' id='word_1_56' title='bbox 810 725 869 761; x_wconf 84' lang='grc' dir='ltr'>ΙΙΙ.</span> <span class='ocrx_word' id='word_1_57' title='bbox 891 723 1067 777; x_wconf 82' lang='lat' dir='ltr'>Scaliger</span> <span class='ocrx_word' id='word_1_58' title='bbox 1085 726 1289 763; x_wconf 87' lang='lat' dir='ltr'>verissime</span> <span class='ocrx_word' id='word_1_59' title='bbox 1306 727 1494 762; x_wconf 85' lang='lat' dir='ltr'>correxit.</span> <span class='ocrx_word' id='word_1_60' title='bbox 1552 724 1618 763; x_wconf 87' lang='lat' dir='ltr'>Sic</span> <span class='ocrx_word' id='word_1_61' title='bbox 1642 726 1684 763; x_wconf 92' lang='lat' dir='ltr'>L.</span> <span class='ocrx_word' id='word_1_62' title='bbox 1707 726 1775 766; x_wconf 83' lang='grc' dir='ltr'>ΙΙΙ.</span> 
     </span>
     <span class='ocr_line' id='line_1_10' title="bbox 325 776 1779 850; baseline -0.002 -29"><span class='ocrx_word' id='word_1_63' title='bbox 325 784 400 822; x_wconf 91' lang='grc'>70.</span> <span class='ocrx_word' id='word_1_64' title='bbox 429 780 500 819; x_wconf 70' lang='grc' dir='ltr'><em>τοι</em></span> <span class='ocrx_word' id='word_1_65' title='bbox 519 780 594 824; x_wconf 70' lang='grc' dir='ltr'>μὲι</span> <span class='ocrx_word' id='word_1_66' title='bbox 617 777 783 850; x_wconf 47' lang='lat' dir='ltr'>[scopon</span> <span class='ocrx_word' id='word_1_67' title='bbox 800 780 865 819; x_wconf 75' lang='grc' dir='ltr'>ἐπὶ</span> <span class='ocrx_word' id='word_1_68' title='bbox 886 784 960 820; x_wconf 80' lang='grc' dir='ltr'>τοῦ</span> <span class='ocrx_word' id='word_1_69' title='bbox 982 795 1296 847; x_wconf 74' lang='grc' dir='ltr'><em>προτερηματος</em></span> <span class='ocrx_word' id='word_1_70' title='bbox 1329 776 1521 834; x_wconf 71' lang='grc' dir='ltr'>ἱπάρξαι.</span> <span class='ocrx_word' id='word_1_71' title='bbox 1561 789 1601 819; x_wconf 89' lang='lat' dir='ltr'>et</span> <span class='ocrx_word' id='word_1_72' title='bbox 1627 783 1668 820; x_wconf 89' lang='lat' dir='ltr'>L.</span> <span class='ocrx_word' id='word_1_73' title='bbox 1687 782 1779 820; x_wconf 89' lang='lat' dir='ltr'>XV.</span> 
     </span>
     <span class='ocr_line' id='line_1_11' title="bbox 323 834 1777 905; baseline 0.001 -28"><span class='ocrx_word' id='word_1_74' title='bbox 323 839 398 877; x_wconf 97' lang='grc'>35.</span> <span class='ocrx_word' id='word_1_75' title='bbox 437 851 652 889; x_wconf 58' lang='grc' dir='ltr'><em>μνομειος</em></span> <span class='ocrx_word' id='word_1_76' title='bbox 681 835 720 876; x_wconf 73' lang='grc' dir='ltr'>δ’</span> <span class='ocrx_word' id='word_1_77' title='bbox 758 836 822 876; x_wconf 74' lang='grc' dir='ltr'>ἐπὶ</span> <span class='ocrx_word' id='word_1_78' title='bbox 856 840 930 877; x_wconf 81' lang='grc' dir='ltr'>τοῦ</span> <span class='ocrx_word' id='word_1_79' title='bbox 959 834 1286 905; x_wconf 74' lang='grc' dir='ltr'><em>προτερήματος.</em></span> <span class='ocrx_word' id='word_1_80' title='bbox 1338 845 1420 875; x_wconf 80' lang='lat' dir='ltr'>tum</span> <span class='ocrx_word' id='word_1_81' title='bbox 1448 838 1490 875; x_wconf 91' lang='lat' dir='ltr'>L.</span> <span class='ocrx_word' id='word_1_82' title='bbox 1505 838 1613 875; x_wconf 82' lang='lat' dir='ltr'>XVI.</span> <span class='ocrx_word' id='word_1_83' title='bbox 1638 839 1677 879; x_wconf 86' lang='lat'>5.</span> <span class='ocrx_word' id='word_1_84' title='bbox 1708 838 1777 878; x_wconf 82' lang='grc' dir='ltr'>καὶ</span> 
     </span>
     <span class='ocr_line' id='line_1_12' title="bbox 319 890 1779 949; baseline 0 -16"><span class='ocrx_word' id='word_1_85' title='bbox 319 899 412 940; x_wconf 80' lang='grc' dir='ltr'><em>ταῖς</em></span> <span class='ocrx_word' id='word_1_86' title='bbox 431 893 681 940; x_wconf 62' lang='grc' dir='ltr'><em>τεκευταίαις</em></span> <span class='ocrx_word' id='word_1_87' title='bbox 699 890 853 945; x_wconf 79' lang='grc' dir='ltr'><em>μάχαις</em></span> <span class='ocrx_word' id='word_1_88' title='bbox 874 893 938 933; x_wconf 77' lang='grc' dir='ltr'>ἐπι</span> <span class='ocrx_word' id='word_1_89' title='bbox 959 910 1033 934; x_wconf 81' lang='grc' dir='ltr'>του</span> <span class='ocrx_word' id='word_1_90' title='bbox 1050 909 1367 949; x_wconf 70' lang='grc' dir='ltr'><em>προτερηματος</em></span> <span class='ocrx_word' id='word_1_91' title='bbox 1388 890 1620 947; x_wconf 72' lang='grc' dir='ltr'>γενόμενος.</span> <span class='ocrx_word' id='word_1_92' title='bbox 1674 894 1779 933; x_wconf 76' lang='lat' dir='ltr'>Bene</span> 
     </span>
     <span class='ocr_line' id='line_1_13' title="bbox 323 952 877 1001; baseline -0.004 -13"><span class='ocrx_word' id='word_1_93' title='bbox 323 964 415 1001; x_wconf 81' lang='lat' dir='ltr'>crgo</span> <span class='ocrx_word' id='word_1_94' title='bbox 438 952 683 988; x_wconf 75' lang='lat' dir='ltr'>mutavimus.</span> <span class='ocrx_word' id='word_1_95' title='bbox 740 952 788 988; x_wconf 86' lang='lat' dir='ltr'>W</span> <span class='ocrx_word' id='word_1_96' title='bbox 793 961 877 988; x_wconf 79' lang='lat' dir='ltr'>Ess.</span> 
     </span>
    </p>

    <p class='ocr_par' dir='ltr' id='par_1_5' title="bbox 322 1004 1779 1112">
     <span class='ocr_line' id='line_1_14' title="bbox 437 1004 1779 1060; baseline -0.001 -14"><span class='ocrx_word' id='word_1_97' title='bbox 437 1007 541 1046; x_wconf 88' lang='grc'>533.</span> <span class='ocrx_word' id='word_1_98' title='bbox 575 1009 646 1046; x_wconf 87' lang='grc'>77.</span> <span class='ocrx_word' id='word_1_99' title='bbox 687 1004 775 1058; x_wconf 68' lang='grc' dir='ltr'>Την</span> <span class='ocrx_word' id='word_1_100' title='bbox 799 1004 1131 1060; x_wconf 63' lang='grc' dir='ltr'><em>ΖΙῖῙοργαντίναν]</em></span> <span class='ocrx_word' id='word_1_101' title='bbox 1175 1004 1254 1044; x_wconf 88' lang='lat' dir='ltr'>Cur</span> <span class='ocrx_word' id='word_1_102' title='bbox 1273 1019 1353 1045; x_wconf 87' lang='lat' dir='ltr'>non</span> <span class='ocrx_word' id='word_1_103' title='bbox 1376 1004 1700 1060; x_wconf 74' lang='grc' dir='ltr'><em>Μοργαντίνην,</em></span> <span class='ocrx_word' id='word_1_104' title='bbox 1736 1014 1779 1045; x_wconf 87' lang='lat' dir='ltr'>ut</span> 
     </span>
     <span class='ocr_line' id='line_1_15' title="bbox 322 1060 1778 1112; baseline -0.001 -10"><span class='ocrx_word' id='word_1_105' title='bbox 322 1066 366 1102; x_wconf 90' lang='lat' dir='ltr'>in</span> <span class='ocrx_word' id='word_1_106' title='bbox 386 1060 671 1112; x_wconf 62' lang='lat' dir='ltr'>superioribus?</span> <span class='ocrx_word' id='word_1_107' title='bbox 709 1064 808 1100; x_wconf 89' lang='lat' dir='ltr'>Vide</span> <span class='ocrx_word' id='word_1_108' title='bbox 829 1063 1071 1102; x_wconf 68' lang='lat' dir='ltr'>P11.Cluver.</span> <span class='ocrx_word' id='word_1_109' title='bbox 1094 1063 1174 1102; x_wconf 86' lang='lat' dir='ltr'>Sic.</span> <span class='ocrx_word' id='word_1_110' title='bbox 1195 1064 1285 1100; x_wconf 89' lang='lat' dir='ltr'>Ant.</span> <span class='ocrx_word' id='word_1_111' title='bbox 1310 1063 1411 1100; x_wconf 88' lang='lat' dir='ltr'>L.ll.</span> <span class='ocrx_word' id='word_1_112' title='bbox 1437 1076 1473 1112; x_wconf 86' lang='lat' dir='ltr'>p.</span> <span class='ocrx_word' id='word_1_113' title='bbox 1495 1065 1602 1103; x_wconf 87' lang='lat'>335.</span> <span class='ocrx_word' id='word_1_114' title='bbox 1644 1063 1778 1101; x_wconf 77' lang='lat' dir='ltr'>WEss.</span> 
     </span>
    </p>

    <p class='ocr_par' dir='ltr' id='par_1_6' title="bbox 318 1113 1780 1398">
     <span class='ocr_line' id='line_1_16' title="bbox 437 1113 1780 1173; baseline -0.001 -15"><span class='ocrx_word' id='word_1_115' title='bbox 437 1119 539 1158; x_wconf 77' lang='lat' dir='ltr'>Ibid.</span> <span class='ocrx_word' id='word_1_116' title='bbox 590 1113 797 1172; x_wconf 64' lang='grc' dir='ltr'><em>Κηρυγμα</em></span> <span class='ocrx_word' id='word_1_117' title='bbox 828 1118 927 1166; x_wconf 63' lang='lat' dir='ltr'>dot-9</span> <span class='ocrx_word' id='word_1_118' title='bbox 956 1126 1042 1167; x_wconf 80' lang='grc' dir='ltr'><em>τοῖς</em></span> <span class='ocrx_word' id='word_1_119' title='bbox 1071 1120 1113 1159; x_wconf 71' lang='grc' dir='ltr'>ἐν</span> <span class='ocrx_word' id='word_1_120' title='bbox 1135 1118 1245 1173; x_wconf 71' lang='grc' dir='ltr'><em>αὐτῆ</em></span> <span class='ocrx_word' id='word_1_121' title='bbox 1271 1115 1431 1165; x_wconf 77' lang='grc' dir='ltr'><em>ὁουλοις</em></span> <span class='ocrx_word' id='word_1_122' title='bbox 1454 1119 1544 1172; x_wconf 85' lang='lat' dir='ltr'>etc.]</span> <span class='ocrx_word' id='word_1_123' title='bbox 1583 1118 1684 1157; x_wconf 84' lang='lat' dir='ltr'>Ante</span> <span class='ocrx_word' id='word_1_124' title='bbox 1704 1117 1780 1172; x_wconf 56' lang='grc' dir='ltr'>κί-</span> 
     </span>
     <span class='ocr_line' id='line_1_17' title="bbox 323 1172 1778 1229; baseline 0 -14"><span class='ocrx_word' id='word_1_125' title='bbox 323 1191 461 1228; x_wconf 60' lang='grc' dir='ltr'><em>ρυῃια</em></span> <span class='ocrx_word' id='word_1_126' title='bbox 492 1175 608 1212; x_wconf 79' lang='lat' dir='ltr'>refice</span> <span class='ocrx_word' id='word_1_127' title='bbox 638 1174 767 1223; x_wconf 72' lang='grc' dir='ltr'><em>κατὰ,</em></span> <span class='ocrx_word' id='word_1_128' title='bbox 808 1179 873 1214; x_wconf 85' lang='lat' dir='ltr'>vel</span> <span class='ocrx_word' id='word_1_129' title='bbox 897 1183 1007 1214; x_wconf 87' lang='lat' dir='ltr'>muta</span> <span class='ocrx_word' id='word_1_130' title='bbox 1034 1172 1223 1229; x_wconf 54' lang='grc' dir='ltr'><em>κήρυςμα</em></span> <span class='ocrx_word' id='word_1_131' title='bbox 1252 1178 1294 1213; x_wconf 81' lang='lat' dir='ltr'>in</span> <span class='ocrx_word' id='word_1_132' title='bbox 1331 1176 1507 1213; x_wconf 88' lang='lat' dir='ltr'>dativum</span> <span class='ocrx_word' id='word_1_133' title='bbox 1535 1190 1778 1228; x_wconf 76' lang='grc' dir='ltr'>κηρυγματι.</span> 
     </span>
     <span class='ocr_line' id='line_1_18' title="bbox 322 1228 1780 1284; baseline 0.001 -14"><span class='ocrx_word' id='word_1_134' title='bbox 322 1232 375 1270; x_wconf 89' lang='lat' dir='ltr'>Et</span> <span class='ocrx_word' id='word_1_135' title='bbox 393 1233 533 1270; x_wconf 82' lang='lat' dir='ltr'>ibidem</span> <span class='ocrx_word' id='word_1_136' title='bbox 552 1235 654 1269; x_wconf 87' lang='lat' dir='ltr'>inter</span> <span class='ocrx_word' id='word_1_137' title='bbox 670 1230 817 1279; x_wconf 77' lang='grc' dir='ltr'><em>αὐτοῖς</em></span> <span class='ocrx_word' id='word_1_138' title='bbox 833 1241 873 1269; x_wconf 86' lang='lat' dir='ltr'>et</span> <span class='ocrx_word' id='word_1_139' title='bbox 893 1248 1048 1284; x_wconf 73' lang='grc' dir='ltr'><em>ταυτην</em></span> <span class='ocrx_word' id='word_1_140' title='bbox 1068 1236 1230 1271; x_wconf 86' lang='lat' dir='ltr'>restitue</span> <span class='ocrx_word' id='word_1_141' title='bbox 1251 1228 1340 1284; x_wconf 70' lang='grc' dir='ltr'>τήν.</span> <span class='ocrx_word' id='word_1_142' title='bbox 1396 1231 1533 1270; x_wconf 68' lang='lat' dir='ltr'>imon.</span> <span class='ocrx_word' id='word_1_143' title='bbox 1600 1232 1691 1270; x_wconf 89' lang='lat' dir='ltr'>Non</span> <span class='ocrx_word' id='word_1_144' title='bbox 1714 1247 1780 1271; x_wconf 88' lang='lat' dir='ltr'>ve-</span> 
     </span>
     <span class='ocr_line' id='line_1_19' title="bbox 320 1285 1780 1343; baseline 0.001 -17"><span class='ocrx_word' id='word_1_145' title='bbox 320 1291 435 1337; x_wconf 82' lang='lat' dir='ltr'>tabo,</span> <span class='ocrx_word' id='word_1_146' title='bbox 465 1291 496 1326; x_wconf 92' lang='lat' dir='ltr'>si</span> <span class='ocrx_word' id='word_1_147' title='bbox 520 1290 586 1337; x_wconf 87' lang='lat' dir='ltr'>qui</span> <span class='ocrx_word' id='word_1_148' title='bbox 606 1285 840 1343; x_wconf 58' lang='grc' dir='ltr'><em>κνρί·)ιιατι</em></span> <span class='ocrx_word' id='word_1_149' title='bbox 861 1292 1166 1339; x_wconf 81' lang='lat' dir='ltr'>praeoptaverit:</span> <span class='ocrx_word' id='word_1_150' title='bbox 1210 1295 1339 1326; x_wconf 78' lang='lat' dir='ltr'>cetera</span> <span class='ocrx_word' id='word_1_151' title='bbox 1356 1292 1531 1327; x_wconf 84' lang='lat' dir='ltr'>auctario</span> <span class='ocrx_word' id='word_1_152' title='bbox 1547 1291 1657 1328; x_wconf 86' lang='lat' dir='ltr'>nullo</span> <span class='ocrx_word' id='word_1_153' title='bbox 1675 1289 1780 1327; x_wconf 80' lang='lat' dir='ltr'>indi·</span> 
     </span>
     <span class='ocr_line' id='line_1_20' title="bbox 318 1345 617 1398; baseline -0.004 -15"><span class='ocrx_word' id='word_1_154' title='bbox 318 1345 617 1398; x_wconf 82' lang='lat' dir='ltr'>geut.W1·:ss.</span> 
     </span>
    </p>

    <p class='ocr_par' dir='ltr' id='par_1_7' title="bbox 318 1397 1807 1790">
     <span class='ocr_line' id='line_1_21' title="bbox 437 1397 1776 1455; baseline -0.001 -13"><span class='ocrx_word' id='word_1_155' title='bbox 437 1403 540 1442; x_wconf 85' lang='lat'>534.</span> <span class='ocrx_word' id='word_1_156' title='bbox 585 1403 657 1443; x_wconf 86' lang='grc'>84.</span> <span class='ocrx_word' id='word_1_157' title='bbox 707 1400 794 1441; x_wconf 84' lang='grc' dir='ltr'>Καὶ</span> <span class='ocrx_word' id='word_1_158' title='bbox 821 1400 1099 1453; x_wconf 66' lang='grc' dir='ltr'>Λιὶυβαϊτῶν</span> <span class='ocrx_word' id='word_1_159' title='bbox 1131 1397 1302 1455; x_wconf 75' lang='grc' dir='ltr'><em>χώραν]</em></span> <span class='ocrx_word' id='word_1_160' title='bbox 1362 1399 1524 1452; x_wconf 82' lang='lat' dir='ltr'>Syllaba</span> <span class='ocrx_word' id='word_1_161' title='bbox 1562 1402 1776 1452; x_wconf 86' lang='lat' dir='ltr'>penultima</span> 
     </span>
     <span class='ocr_line' id='line_1_22' title="bbox 321 1458 1776 1508; baseline 0 -12"><span class='ocrx_word' id='word_1_162' title='bbox 321 1459 486 1496; x_wconf 85' lang='lat' dir='ltr'>diaeresi</span> <span class='ocrx_word' id='word_1_163' title='bbox 520 1458 768 1506; x_wconf 80' lang='lat' dir='ltr'>distrahitur,</span> <span class='ocrx_word' id='word_1_164' title='bbox 805 1462 1026 1497; x_wconf 88' lang='lat' dir='ltr'>auctorisne</span> <span class='ocrx_word' id='word_1_165' title='bbox 1056 1460 1201 1497; x_wconf 81' lang='lat' dir='ltr'>iudicio</span> <span class='ocrx_word' id='word_1_166' title='bbox 1229 1472 1280 1495; x_wconf 87' lang='lat' dir='ltr'>an</span> <span class='ocrx_word' id='word_1_167' title='bbox 1308 1461 1611 1508; x_wconf 77' lang='lat' dir='ltr'>exscriptorum,</span> <span class='ocrx_word' id='word_1_168' title='bbox 1650 1461 1776 1496; x_wconf 85' lang='lat' dir='ltr'>incer-</span> 
     </span>
     <span class='ocr_line' id='line_1_23' title="bbox 318 1515 1807 1555; baseline 0.001 -2"><span class='ocrx_word' id='word_1_169' title='bbox 318 1522 413 1553; x_wconf 86' lang='lat' dir='ltr'>tum.</span> <span class='ocrx_word' id='word_1_170' title='bbox 473 1515 589 1553; x_wconf 79' lang='lat' dir='ltr'>Numi</span> <span class='ocrx_word' id='word_1_171' title='bbox 619 1517 659 1552; x_wconf 91' lang='lat' dir='ltr'>in</span> <span class='ocrx_word' id='word_1_172' title='bbox 690 1516 857 1552; x_wconf 86' lang='lat' dir='ltr'>Parutae</span> <span class='ocrx_word' id='word_1_173' title='bbox 887 1515 983 1553; x_wconf 88' lang='lat' dir='ltr'>&#39;lab.</span> <span class='ocrx_word' id='word_1_174' title='bbox 1009 1527 1122 1552; x_wconf 73' lang='lat' dir='ltr'>xmv.</span> <span class='ocrx_word' id='word_1_175' title='bbox 1159 1515 1599 1554; x_wconf 83' lang='lat' dir='ltr'><em>AIAYBAIITAN</em></span> <span class='ocrx_word' id='word_1_176' title='bbox 1618 1522 1656 1553; x_wconf 82' lang='lat' dir='ltr'>et</span> <span class='ocrx_word' id='word_1_177' title='bbox 1681 1516 1777 1555; x_wconf 86' lang='lat' dir='ltr'>AI·</span> <span class='ocrx_word' id='word_1_178' title='bbox 1805 1519 1807 1521; x_wconf 75' lang='grc'><strong>’</strong></span> 
     </span>
     <span class='ocr_line' id='line_1_24' title="bbox 318 1571 1776 1623; baseline -0.001 -13"><span class='ocrx_word' id='word_1_179' title='bbox 318 1571 659 1611; x_wconf 77' lang='grc' dir='ltr'>ΛΥΒΑΙΊἈΝ.</span> <span class='ocrx_word' id='word_1_180' title='bbox 720 1571 942 1622; x_wconf 86' lang='lat' dir='ltr'>Stephanus</span> <span class='ocrx_word' id='word_1_181' title='bbox 966 1571 1254 1623; x_wconf 74' lang='grc' dir='ltr'><em>Λιλυβαίτης,</em></span> <span class='ocrx_word' id='word_1_182' title='bbox 1290 1572 1392 1608; x_wconf 84' lang='lat' dir='ltr'>unde</span> <span class='ocrx_word' id='word_1_183' title='bbox 1413 1572 1640 1609; x_wconf 84' lang='lat' dir='ltr'>Latinorum</span> <span class='ocrx_word' id='word_1_184' title='bbox 1664 1582 1776 1609; x_wconf 78' lang='lat' dir='ltr'><strong>LlLY-</strong></span> 
     </span>
     <span class='ocr_line' id='line_1_25' title="bbox 319 1627 1774 1679; baseline 0.001 -15"><span class='ocrx_word' id='word_1_185' title='bbox 319 1638 514 1664; x_wconf 61' lang='grc' dir='ltr'>ΒΑΜ-ΑΜ.</span> <span class='ocrx_word' id='word_1_186' title='bbox 553 1629 650 1666; x_wconf 70' lang='lat' dir='ltr'>Vide</span> <span class='ocrx_word' id='word_1_187' title='bbox 674 1627 744 1665; x_wconf 78' lang='lat' dir='ltr'>Ph.</span> <span class='ocrx_word' id='word_1_188' title='bbox 761 1628 915 1666; x_wconf 86' lang='lat' dir='ltr'>Cluver.</span> <span class='ocrx_word' id='word_1_189' title='bbox 931 1629 1014 1666; x_wconf 86' lang='lat' dir='ltr'>Sic.</span> <span class='ocrx_word' id='word_1_190' title='bbox 1045 1629 1090 1667; x_wconf 89' lang='lat' dir='ltr'>A.</span> <span class='ocrx_word' id='word_1_191' title='bbox 1122 1629 1253 1668; x_wconf 87' lang='lat' dir='ltr'>lib.ll.</span> <span class='ocrx_word' id='word_1_192' title='bbox 1286 1629 1448 1676; x_wconf 85' lang='lat' dir='ltr'>p.234.</span> <span class='ocrx_word' id='word_1_193' title='bbox 1499 1629 1611 1672; x_wconf 74' lang='lat' dir='ltr'>Quod</span> <span class='ocrx_word' id='word_1_194' title='bbox 1646 1631 1774 1679; x_wconf 88' lang='lat' dir='ltr'>sequi-</span> 
     </span>
     <span class='ocr_line' id='line_1_26' title="bbox 318 1680 1776 1737; baseline 0.001 -16"><span class='ocrx_word' id='word_1_195' title='bbox 318 1692 382 1722; x_wconf 84' lang='lat' dir='ltr'>tur</span> <span class='ocrx_word' id='word_1_196' title='bbox 410 1687 594 1722; x_wconf 86' lang='lat' dir='ltr'>continuo</span> <span class='ocrx_word' id='word_1_197' title='bbox 622 1680 749 1724; x_wconf 70' lang='grc' dir='ltr'>ἐνόσει</span> <span class='ocrx_word' id='word_1_198' title='bbox 783 1683 888 1737; x_wconf 82' lang='grc' dir='ltr'><em>πρὸς</em></span> <span class='ocrx_word' id='word_1_199' title='bbox 917 1682 1149 1725; x_wconf 77' lang='grc' dir='ltr'><em>ἀπόστασιν</em></span> <span class='ocrx_word' id='word_1_200' title='bbox 1169 1687 1339 1723; x_wconf 83' lang='lat' dir='ltr'>illustrat</span> <span class='ocrx_word' id='word_1_201' title='bbox 1359 1685 1408 1722; x_wconf 88' lang='lat' dir='ltr'>N.</span> <span class='ocrx_word' id='word_1_202' title='bbox 1429 1685 1617 1722; x_wconf 84' lang='lat' dir='ltr'>Abramus</span> <span class='ocrx_word' id='word_1_203' title='bbox 1640 1685 1688 1723; x_wconf 86' lang='lat' dir='ltr'>ad</span> <span class='ocrx_word' id='word_1_204' title='bbox 1711 1684 1776 1723; x_wconf 84' lang='lat' dir='ltr'>Ci-</span> 
     </span>
     <span class='ocr_line' id='line_1_27' title="bbox 318 1741 1588 1790; baseline 0 -12"><span class='ocrx_word' id='word_1_205' title='bbox 318 1754 447 1778; x_wconf 86' lang='lat' dir='ltr'>ceron.</span> <span class='ocrx_word' id='word_1_206' title='bbox 474 1755 542 1790; x_wconf 90' lang='lat' dir='ltr'>pro</span> <span class='ocrx_word' id='word_1_207' title='bbox 564 1742 698 1779; x_wconf 80' lang='lat' dir='ltr'>Milon.</span> <span class='ocrx_word' id='word_1_208' title='bbox 720 1744 841 1781; x_wconf 82' lang='lat' dir='ltr'>c.25.</span> <span class='ocrx_word' id='word_1_209' title='bbox 863 1750 900 1779; x_wconf 89' lang='lat' dir='ltr'>et</span> <span class='ocrx_word' id='word_1_210' title='bbox 920 1755 991 1780; x_wconf 73' lang='lat' dir='ltr'>vnos</span> <span class='ocrx_word' id='word_1_211' title='bbox 1018 1755 1133 1790; x_wconf 85' lang='lat' dir='ltr'>supra</span> <span class='ocrx_word' id='word_1_212' title='bbox 1154 1741 1282 1778; x_wconf 83' lang='lat' dir='ltr'>L.X{.</span> <span class='ocrx_word' id='word_1_213' title='bbox 1312 1744 1385 1782; x_wconf 84' lang='lat'>86.</span> <span class='ocrx_word' id='word_1_214' title='bbox 1447 1742 1588 1780; x_wconf 61' lang='lat' dir='ltr'>VVESS.</span> 
     </span>
    </p>

    <p class='ocr_par' dir='ltr' id='par_1_8' title="bbox 312 1790 1775 2232">
     <span class='ocr_line' id='line_1_28' title="bbox 435 1790 1775 1851; baseline -0.001 -14"><span class='ocrx_word' id='word_1_215' title='bbox 435 1799 539 1837; x_wconf 78' lang='grc'>534.</span> <span class='ocrx_word' id='word_1_216' title='bbox 570 1801 642 1838; x_wconf 89' lang='grc'>88.</span> <span class='ocrx_word' id='word_1_217' title='bbox 693 1790 829 1845; x_wconf 66' lang='grc' dir='ltr'><em>Οὗτος</em></span> <span class='ocrx_word' id='word_1_218' title='bbox 848 1795 1066 1847; x_wconf 72' lang='grc' dir='ltr'><em>οἰκονόμος</em></span> <span class='ocrx_word' id='word_1_219' title='bbox 1088 1795 1144 1838; x_wconf 74' lang='grc' dir='ltr'>ὢν</span> <span class='ocrx_word' id='word_1_220' title='bbox 1166 1798 1281 1837; x_wconf 74' lang='grc' dir='ltr'><em>δυοῖν</em></span> <span class='ocrx_word' id='word_1_221' title='bbox 1300 1795 1523 1851; x_wconf 68' lang='grc' dir='ltr'><em>ἀδελφοῖν]</em></span> <span class='ocrx_word' id='word_1_222' title='bbox 1563 1797 1775 1847; x_wconf 85' lang='lat' dir='ltr'>Dispensa-</span> 
     </span>
     <span class='ocr_line' id='line_1_29' title="bbox 317 1853 1774 1906; baseline 0.001 -16"><span class='ocrx_word' id='word_1_223' title='bbox 317 1860 381 1891; x_wconf 66' lang='grc' dir='ltr'><em>τοι·</em></span> <span class='ocrx_word' id='word_1_224' title='bbox 414 1861 518 1900; x_wconf 72' lang='lat' dir='ltr'>erat,</span> <span class='ocrx_word' id='word_1_225' title='bbox 556 1862 598 1891; x_wconf 87' lang='lat' dir='ltr'>ut</span> <span class='ocrx_word' id='word_1_226' title='bbox 622 1856 686 1891; x_wconf 86' lang='lat' dir='ltr'>ille</span> <span class='ocrx_word' id='word_1_227' title='bbox 707 1855 747 1890; x_wconf 87' lang='lat' dir='ltr'>in</span> <span class='ocrx_word' id='word_1_228' title='bbox 770 1854 813 1891; x_wconf 85' lang='lat' dir='ltr'>S.</span> <span class='ocrx_word' id='word_1_229' title='bbox 835 1855 961 1892; x_wconf 85' lang='lat' dir='ltr'>Lucae</span> <span class='ocrx_word' id='word_1_230' title='bbox 986 1855 1137 1906; x_wconf 82' lang='lat' dir='ltr'>Evang.</span> <span class='ocrx_word' id='word_1_231' title='bbox 1160 1854 1295 1892; x_wconf 80' lang='lat' dir='ltr'>c.X11.</span> <span class='ocrx_word' id='word_1_232' title='bbox 1316 1856 1390 1894; x_wconf 80' lang='lat'>42.</span> <span class='ocrx_word' id='word_1_233' title='bbox 1416 1862 1454 1891; x_wconf 83' lang='lat' dir='ltr'>et</span> <span class='ocrx_word' id='word_1_234' title='bbox 1474 1854 1583 1892; x_wconf 75' lang='lat' dir='ltr'>XVI.</span> <span class='ocrx_word' id='word_1_235' title='bbox 1609 1857 1647 1895; x_wconf 88' lang='grc'>1.</span> <span class='ocrx_word' id='word_1_236' title='bbox 1672 1853 1774 1891; x_wconf 87' lang='lat' dir='ltr'>Con-</span> 
     </span>
     <span class='ocr_line' id='line_1_30' title="bbox 316 1910 1773 1961; baseline 0.001 -14"><span class='ocrx_word' id='word_1_237' title='bbox 316 1911 376 1947; x_wconf 86' lang='lat' dir='ltr'>fer</span> <span class='ocrx_word' id='word_1_238' title='bbox 402 1911 442 1946; x_wconf 86' lang='lat' dir='ltr'>L.</span> <span class='ocrx_word' id='word_1_239' title='bbox 465 1911 621 1961; x_wconf 83' lang='lat' dir='ltr'>Pignor.</span> <span class='ocrx_word' id='word_1_240' title='bbox 651 1912 696 1948; x_wconf 85' lang='lat' dir='ltr'>(le</span> <span class='ocrx_word' id='word_1_241' title='bbox 731 1910 844 1950; x_wconf 76' lang='lat' dir='ltr'>Serv.</span> <span class='ocrx_word' id='word_1_242' title='bbox 878 1926 915 1961; x_wconf 85' lang='lat' dir='ltr'>p.</span> <span class='ocrx_word' id='word_1_243' title='bbox 939 1913 1046 1952; x_wconf 91' lang='grc'>330.</span> <span class='ocrx_word' id='word_1_244' title='bbox 1102 1914 1201 1956; x_wconf 76' lang='lat' dir='ltr'>Quia</span> <span class='ocrx_word' id='word_1_245' title='bbox 1228 1924 1320 1949; x_wconf 87' lang='lat' dir='ltr'>vero</span> <span class='ocrx_word' id='word_1_246' title='bbox 1339 1912 1505 1948; x_wconf 83' lang='lat' dir='ltr'>Athenio</span> <span class='ocrx_word' id='word_1_247' title='bbox 1530 1912 1694 1960; x_wconf 85' lang='lat' dir='ltr'>bellum,</span> <span class='ocrx_word' id='word_1_248' title='bbox 1725 1912 1773 1948; x_wconf 85' lang='lat' dir='ltr'>ab</span> 
     </span>
     <span class='ocr_line' id='line_1_31' title="bbox 315 1967 1774 2017; baseline 0.002 -15"><span class='ocrx_word' id='word_1_249' title='bbox 315 1968 403 2003; x_wconf 83' lang='lat' dir='ltr'>aliis</span> <span class='ocrx_word' id='word_1_250' title='bbox 432 1967 674 2015; x_wconf 80' lang='lat' dir='ltr'>inchoatum,</span> <span class='ocrx_word' id='word_1_251' title='bbox 709 1967 929 2005; x_wconf 78' lang='lat' dir='ltr'>incredibili</span> <span class='ocrx_word' id='word_1_252' title='bbox 956 1970 1168 2017; x_wconf 81' lang='lat' dir='ltr'>pertinacia</span> <span class='ocrx_word' id='word_1_253' title='bbox 1195 1970 1462 2015; x_wconf 78' lang='lat' dir='ltr'>continuavit,</span> <span class='ocrx_word' id='word_1_254' title='bbox 1514 1967 1604 2005; x_wconf 89' lang='lat' dir='ltr'>hinc</span> <span class='ocrx_word' id='word_1_255' title='bbox 1639 1968 1706 2005; x_wconf 83' lang='lat' dir='ltr'>fax</span> <span class='ocrx_word' id='word_1_256' title='bbox 1735 1974 1774 2005; x_wconf 83' lang='lat' dir='ltr'>et</span> 
     </span>
     <span class='ocr_line' id='line_1_32' title="bbox 316 2021 1771 2074; baseline 0.001 -15"><span class='ocrx_word' id='word_1_257' title='bbox 316 2025 479 2073; x_wconf 83' lang='lat' dir='ltr'>signifer</span> <span class='ocrx_word' id='word_1_258' title='bbox 509 2025 668 2061; x_wconf 82' lang='lat' dir='ltr'>secundi</span> <span class='ocrx_word' id='word_1_259' title='bbox 698 2027 854 2061; x_wconf 83' lang='lat' dir='ltr'>servilis</span> <span class='ocrx_word' id='word_1_260' title='bbox 880 2021 1074 2062; x_wconf 66' lang='lat' dir='ltr'>insin-ilia</span> <span class='ocrx_word' id='word_1_261' title='bbox 1103 2026 1195 2062; x_wconf 88' lang='lat' dir='ltr'>belli</span> <span class='ocrx_word' id='word_1_262' title='bbox 1217 2024 1410 2074; x_wconf 84' lang='lat' dir='ltr'>perhiberi</span> <span class='ocrx_word' id='word_1_263' title='bbox 1432 2026 1532 2062; x_wconf 87' lang='lat' dir='ltr'>solet</span> <span class='ocrx_word' id='word_1_264' title='bbox 1552 2038 1574 2061; x_wconf 87' lang='lat' dir='ltr'>a</span> <span class='ocrx_word' id='word_1_265' title='bbox 1592 2023 1707 2062; x_wconf 75' lang='lat' dir='ltr'>floro</span> <span class='ocrx_word' id='word_1_266' title='bbox 1728 2024 1771 2061; x_wconf 92' lang='lat' dir='ltr'>L.</span> 
     </span>
     <span class='ocr_line' id='line_1_33' title="bbox 314 2076 1771 2133; baseline 0.002 -18"><span class='ocrx_word' id='word_1_267' title='bbox 314 2078 381 2115; x_wconf 90' lang='lat' dir='ltr'>Ill.</span> <span class='ocrx_word' id='word_1_268' title='bbox 419 2082 487 2119; x_wconf 85' lang='lat'>19.</span> <span class='ocrx_word' id='word_1_269' title='bbox 526 2082 698 2129; x_wconf 85' lang='lat' dir='ltr'>aliisque.</span> <span class='ocrx_word' id='word_1_270' title='bbox 769 2079 958 2131; x_wconf 81' lang='lat' dir='ltr'>Tangunt</span> <span class='ocrx_word' id='word_1_271' title='bbox 997 2076 1242 2133; x_wconf 67' lang='grc' dir='ltr'><em>ὀλιγῆμερον</em></span> <span class='ocrx_word' id='word_1_272' title='bbox 1273 2079 1375 2117; x_wconf 85' lang='lat' dir='ltr'>hunc</span> <span class='ocrx_word' id='word_1_273' title='bbox 1403 2079 1579 2130; x_wconf 72' lang='grc' dir='ltr'><em>βασιλέα</em></span> <span class='ocrx_word' id='word_1_274' title='bbox 1607 2081 1771 2128; x_wconf 84' lang='lat' dir='ltr'>Appian.</span> 
     </span>
     <span class='ocr_line' id='line_1_34' title="bbox 314 2134 1769 2186; baseline 0.002 -15"><span class='ocrx_word' id='word_1_275' title='bbox 314 2134 488 2173; x_wconf 86' lang='lat' dir='ltr'>Mithrid.</span> <span class='ocrx_word' id='word_1_276' title='bbox 505 2149 541 2184; x_wconf 88' lang='lat' dir='ltr'>p.</span> <span class='ocrx_word' id='word_1_277' title='bbox 556 2138 663 2177; x_wconf 86' lang='lat'>355.</span> <span class='ocrx_word' id='word_1_278' title='bbox 690 2144 727 2173; x_wconf 93' lang='lat' dir='ltr'>et</span> <span class='ocrx_word' id='word_1_279' title='bbox 746 2135 822 2173; x_wconf 89' lang='lat' dir='ltr'>Dio</span> <span class='ocrx_word' id='word_1_280' title='bbox 842 2137 1000 2174; x_wconf 87' lang='lat' dir='ltr'>Cassius</span> <span class='ocrx_word' id='word_1_281' title='bbox 1019 2137 1205 2186; x_wconf 79' lang='lat' dir='ltr'>Excerpt.</span> <span class='ocrx_word' id='word_1_282' title='bbox 1224 2137 1392 2174; x_wconf 86' lang='lat' dir='ltr'>Peiresc.</span> <span class='ocrx_word' id='word_1_283' title='bbox 1416 2149 1453 2186; x_wconf 82' lang='lat' dir='ltr'>p.</span> <span class='ocrx_word' id='word_1_284' title='bbox 1468 2139 1575 2178; x_wconf 84' lang='grc'>637.</span> <span class='ocrx_word' id='word_1_285' title='bbox 1628 2138 1769 2175; x_wconf 65' lang='lat' dir='ltr'>wass.</span> 
     </span>
     <span class='ocr_line' id='line_1_35' title="bbox 312 2189 883 2232; baseline 0.005 -5"><span class='ocrx_word' id='word_1_286' title='bbox 312 2189 408 2229; x_wconf 87' lang='lat' dir='ltr'>Mox</span> <span class='ocrx_word' id='word_1_287' title='bbox 431 2194 505 2232; x_wconf 82' lang='lat'>92.</span> <span class='ocrx_word' id='word_1_288' title='bbox 536 2191 672 2232; x_wconf 69' lang='grc' dir='ltr'><em>ἔπειτα</em></span> <span class='ocrx_word' id='word_1_289' title='bbox 692 2192 737 2232; x_wconf 66' lang='grc' dir='ltr'>δὲ</span> <span class='ocrx_word' id='word_1_290' title='bbox 759 2192 883 2230; x_wconf 78' lang='lat' dir='ltr'>Rhod.</span> 
     </span>
    </p>

    <p class='ocr_par' dir='ltr' id='par_1_9' title="bbox 311 2245 1769 2353">
     <span class='ocr_line' id='line_1_36' title="bbox 430 2245 1769 2302; baseline -0.001 -13"><span class='ocrx_word' id='word_1_291' title='bbox 430 2250 536 2289; x_wconf 71' lang='lat'>534.</span> <span class='ocrx_word' id='word_1_292' title='bbox 583 2252 652 2290; x_wconf 88' lang='grc'>10.</span> <span class='ocrx_word' id='word_1_293' title='bbox 688 2245 1123 2300; x_wconf 71' lang='grc' dir='ltr'><em>Παρασκευαζομένου</em></span> <span class='ocrx_word' id='word_1_294' title='bbox 1143 2246 1188 2288; x_wconf 71' lang='grc' dir='ltr'>δὲ</span> <span class='ocrx_word' id='word_1_295' title='bbox 1209 2245 1339 2288; x_wconf 58' lang='grc' dir='ltr'><em>αὐτοῦ</em></span> <span class='ocrx_word' id='word_1_296' title='bbox 1362 2245 1439 2302; x_wconf 71' lang='grc' dir='ltr'>τὴν</span> <span class='ocrx_word' id='word_1_297' title='bbox 1460 2246 1552 2301; x_wconf 64' lang='lat' dir='ltr'>etc]</span> <span class='ocrx_word' id='word_1_298' title='bbox 1594 2248 1656 2286; x_wconf 79' lang='lat' dir='ltr'>Ex</span> <span class='ocrx_word' id='word_1_299' title='bbox 1675 2249 1769 2287; x_wconf 87' lang='lat' dir='ltr'>Am-</span> 
     </span>
     <span class='ocr_line' id='line_1_37' title="bbox 311 2305 1549 2353; baseline 0 -12"><span class='ocrx_word' id='word_1_300' title='bbox 311 2306 445 2342; x_wconf 85' lang='lat' dir='ltr'>stelod.</span> <span class='ocrx_word' id='word_1_301' title='bbox 464 2307 624 2353; x_wconf 79' lang='lat' dir='ltr'>refinxi,</span> <span class='ocrx_word' id='word_1_302' title='bbox 655 2305 819 2343; x_wconf 84' lang='lat' dir='ltr'>Diodori</span> <span class='ocrx_word' id='word_1_303' title='bbox 846 2305 999 2342; x_wconf 73' lang='lat' dir='ltr'>secutus</span> <span class='ocrx_word' id='word_1_304' title='bbox 1022 2305 1352 2342; x_wconf 82' lang='lat' dir='ltr'>consuetudinem.</span> <span class='ocrx_word' id='word_1_305' title='bbox 1411 2306 1549 2345; x_wconf 67' lang='lat' dir='ltr'>Wass.</span> 
     </span>
    </p>

    <p class='ocr_par' dir='ltr' id='par_1_10' title="bbox 311 2357 1766 2524">
     <span class='ocr_line' id='line_1_38' title="bbox 427 2357 1765 2414; baseline -0.002 -13"><span class='ocrx_word' id='word_1_306' title='bbox 427 2363 531 2402; x_wconf 86' lang='grc'>534-</span> <span class='ocrx_word' id='word_1_307' title='bbox 572 2365 642 2403; x_wconf 86' lang='grc'>16.</span> <span class='ocrx_word' id='word_1_308' title='bbox 682 2364 782 2408; x_wconf 76' lang='grc' dir='ltr'><em>Τοῖς</em></span> <span class='ocrx_word' id='word_1_309' title='bbox 802 2362 891 2414; x_wconf 73' lang='grc' dir='ltr'>περὶ</span> <span class='ocrx_word' id='word_1_310' title='bbox 909 2360 1168 2411; x_wconf 72' lang='grc' dir='ltr'>Ἀθηνίωνα,</span> <span class='ocrx_word' id='word_1_311' title='bbox 1197 2357 1551 2414; x_wconf 68' lang='grc' dir='ltr'><em>ὁδοιποροῦντας]</em></span> <span class='ocrx_word' id='word_1_312' title='bbox 1590 2361 1765 2412; x_wconf 82' lang='lat' dir='ltr'>Legeba-</span> 
     </span>
     <span class='ocr_line' id='line_1_39' title="bbox 311 2414 1766 2470; baseline 0.001 -18"><span class='ocrx_word' id='word_1_313' title='bbox 311 2422 375 2453; x_wconf 88' lang='lat' dir='ltr'>tur</span> <span class='ocrx_word' id='word_1_314' title='bbox 400 2415 498 2464; x_wconf 62' lang='grc' dir='ltr'><em>τοὺς</em></span> <span class='ocrx_word' id='word_1_315' title='bbox 525 2439 571 2446; x_wconf 90' lang='grc'>--</span> <span class='ocrx_word' id='word_1_316' title='bbox 592 2414 929 2470; x_wconf 60' lang='grc' dir='ltr'><em>ὁδοιποροῦντας.</em></span> <span class='ocrx_word' id='word_1_317' title='bbox 985 2419 1097 2462; x_wconf 71' lang='lat' dir='ltr'>Quod</span> <span class='ocrx_word' id='word_1_318' title='bbox 1128 2418 1241 2466; x_wconf 85' lang='lat' dir='ltr'>dedi,</span> <span class='ocrx_word' id='word_1_319' title='bbox 1280 2419 1326 2455; x_wconf 88' lang='lat' dir='ltr'>ab</span> <span class='ocrx_word' id='word_1_320' title='bbox 1357 2418 1619 2469; x_wconf 84' lang='lat' dir='ltr'>H.Stephano</span> <span class='ocrx_word' id='word_1_321' title='bbox 1643 2420 1766 2465; x_wconf 83' lang='lat' dir='ltr'>venit,</span> 
     </span>
     <span class='ocr_line' id='line_1_40' title="bbox 313 2475 1010 2524; baseline 0.003 -15"><span class='ocrx_word' id='word_1_322' title='bbox 313 2480 351 2509; x_wconf 88' lang='lat' dir='ltr'>et</span> <span class='ocrx_word' id='word_1_323' title='bbox 368 2476 490 2511; x_wconf 86' lang='lat' dir='ltr'>multo</span> <span class='ocrx_word' id='word_1_324' title='bbox 511 2477 728 2524; x_wconf 82' lang='lat' dir='ltr'>elegantius</span> <span class='ocrx_word' id='word_1_325' title='bbox 749 2482 817 2511; x_wconf 86' lang='lat' dir='ltr'>est.</span> <span class='ocrx_word' id='word_1_326' title='bbox 876 2475 1010 2511; x_wconf 77' lang='lat' dir='ltr'>VVESS.</span> 
     </span>
    </p>

    <p class='ocr_par' dir='ltr' id='par_1_11' title="bbox 306 2526 1765 2806">
     <span class='ocr_line' id='line_1_41' title="bbox 424 2526 1765 2582; baseline -0.001 -13"><span class='ocrx_word' id='word_1_327' title='bbox 424 2531 529 2570; x_wconf 84' lang='grc'>534.</span> <span class='ocrx_word' id='word_1_328' title='bbox 559 2533 636 2571; x_wconf 84' lang='grc'>20.</span> <span class='ocrx_word' id='word_1_329' title='bbox 682 2527 778 2581; x_wconf 68' lang='grc' dir='ltr'>Εἶχε</span> <span class='ocrx_word' id='word_1_330' title='bbox 793 2552 840 2558; x_wconf 83' lang='grc'><strong>-</strong></span> <span class='ocrx_word' id='word_1_331' title='bbox 856 2530 1044 2569; x_wconf 73' lang='grc' dir='ltr'>Σικελίαν</span> <span class='ocrx_word' id='word_1_332' title='bbox 1056 2531 1172 2569; x_wconf 80' lang='grc' dir='ltr'><em>πᾶσα</em></span> <span class='ocrx_word' id='word_1_333' title='bbox 1189 2526 1406 2582; x_wconf 50' lang='grc' dir='ltr'>σῦρχυσις]</span> <span class='ocrx_word' id='word_1_334' title='bbox 1436 2530 1519 2569; x_wconf 86' lang='lat' dir='ltr'>Hoc</span> <span class='ocrx_word' id='word_1_335' title='bbox 1531 2531 1672 2568; x_wconf 82' lang='lat' dir='ltr'>malum</span> <span class='ocrx_word' id='word_1_336' title='bbox 1686 2543 1765 2567; x_wconf 89' lang='lat' dir='ltr'>non</span> 
     </span>
     <span class='ocr_line' id='line_1_42' title="bbox 309 2587 1763 2636; baseline 0.001 -15"><span class='ocrx_word' id='word_1_337' title='bbox 309 2587 394 2632; x_wconf 84' lang='lat' dir='ltr'>erit,</span> <span class='ocrx_word' id='word_1_338' title='bbox 417 2590 574 2625; x_wconf 64' lang='lat' dir='ltr'>sinam</span> <span class='ocrx_word' id='word_1_339' title='bbox 595 2588 642 2624; x_wconf 88' lang='lat' dir='ltr'>de</span> <span class='ocrx_word' id='word_1_340' title='bbox 661 2601 808 2624; x_wconf 87' lang='lat' dir='ltr'>summa</span> <span class='ocrx_word' id='word_1_341' title='bbox 828 2589 1053 2624; x_wconf 85' lang='lat' dir='ltr'>confusione</span> <span class='ocrx_word' id='word_1_342' title='bbox 1067 2588 1295 2636; x_wconf 83' lang='lat' dir='ltr'>accipiatur.</span> <span class='ocrx_word' id='word_1_343' title='bbox 1332 2587 1473 2625; x_wconf 87' lang='lat' dir='ltr'>Confer</span> <span class='ocrx_word' id='word_1_344' title='bbox 1492 2587 1711 2625; x_wconf 84' lang='lat' dir='ltr'>Doctissim.</span> <span class='ocrx_word' id='word_1_345' title='bbox 1734 2587 1763 2623; x_wconf 88' lang='grc' dir='ltr'>Ι.</span> 
     </span>
     <span class='ocr_line' id='line_1_43' title="bbox 306 2640 1763 2692; baseline 0.003 -16"><span class='ocrx_word' id='word_1_346' title='bbox 306 2640 370 2677; x_wconf 88' lang='lat' dir='ltr'>Fr.</span> <span class='ocrx_word' id='word_1_347' title='bbox 388 2641 577 2681; x_wconf 71' lang='lat' dir='ltr'>Reitzium</span> <span class='ocrx_word' id='word_1_348' title='bbox 596 2644 646 2680; x_wconf 87' lang='lat' dir='ltr'>ad</span> <span class='ocrx_word' id='word_1_349' title='bbox 667 2643 968 2682; x_wconf 85' lang='lat' dir='ltr'>LucianiAmor.</span> <span class='ocrx_word' id='word_1_350' title='bbox 994 2645 1126 2689; x_wconf 76' lang='grc' dir='ltr'>ο.19.,</span> <span class='ocrx_word' id='word_1_351' title='bbox 1151 2652 1188 2679; x_wconf 86' lang='lat' dir='ltr'>et</span> <span class='ocrx_word' id='word_1_352' title='bbox 1201 2645 1245 2680; x_wconf 86' lang='lat' dir='ltr'>de</span> <span class='ocrx_word' id='word_1_353' title='bbox 1259 2645 1463 2692; x_wconf 83' lang='lat' dir='ltr'>proverbio</span> <span class='ocrx_word' id='word_1_354' title='bbox 1483 2645 1622 2683; x_wconf 81' lang='grc' dir='ltr'><em>κακῶν</em></span> <span class='ocrx_word' id='word_1_355' title='bbox 1641 2640 1763 2688; x_wconf 82' lang='grc' dir='ltr'><em>Ἰλιὰς</em></span> 
     </span>
     <span class='ocr_line' id='line_1_44' title="bbox 307 2695 1762 2750; baseline 0.002 -17"><span class='ocrx_word' id='word_1_356' title='bbox 307 2695 545 2750; x_wconf 81' lang='lat' dir='ltr'>Diogenian.</span> <span class='ocrx_word' id='word_1_357' title='bbox 565 2699 673 2737; x_wconf 84' lang='lat' dir='ltr'>Cent.</span> <span class='ocrx_word' id='word_1_358' title='bbox 690 2699 752 2739; x_wconf 83' lang='lat' dir='ltr'>lv.</span> <span class='ocrx_word' id='word_1_359' title='bbox 777 2701 851 2740; x_wconf 79' lang='grc'>42.</span> <span class='ocrx_word' id='word_1_360' title='bbox 879 2714 966 2736; x_wconf 86' lang='lat' dir='ltr'>cum</span> <span class='ocrx_word' id='word_1_361' title='bbox 985 2699 1140 2737; x_wconf 84' lang='lat' dir='ltr'>Schotti</span> <span class='ocrx_word' id='word_1_362' title='bbox 1159 2708 1262 2737; x_wconf 80' lang='lat' dir='ltr'>nota.</span> <span class='ocrx_word' id='word_1_363' title='bbox 1314 2702 1419 2744; x_wconf 78' lang='lat' dir='ltr'>Quae</span> <span class='ocrx_word' id='word_1_364' title='bbox 1440 2713 1532 2738; x_wconf 88' lang='lat' dir='ltr'>vero</span> <span class='ocrx_word' id='word_1_365' title='bbox 1551 2699 1609 2736; x_wconf 93' lang='lat' dir='ltr'>his</span> <span class='ocrx_word' id='word_1_366' title='bbox 1631 2713 1762 2736; x_wconf 86' lang='lat' dir='ltr'>succc-</span> 
     </span>
     <span class='ocr_line' id='line_1_45' title="bbox 306 2753 1756 2806; baseline 0.001 -16"><span class='ocrx_word' id='word_1_367' title='bbox 306 2753 416 2802; x_wconf 82' lang='lat' dir='ltr'>dunt,</span> <span class='ocrx_word' id='word_1_368' title='bbox 436 2758 594 2805; x_wconf 85' lang='lat' dir='ltr'>ipsemet</span> <span class='ocrx_word' id='word_1_369' title='bbox 607 2763 739 2795; x_wconf 86' lang='lat' dir='ltr'>auctor</span> <span class='ocrx_word' id='word_1_370' title='bbox 755 2758 895 2793; x_wconf 64' lang='lat' dir='ltr'>clarius</span> <span class='ocrx_word' id='word_1_371' title='bbox 906 2758 1068 2806; x_wconf 76' lang='lat' dir='ltr'>exponit</span> <span class='ocrx_word' id='word_1_372' title='bbox 1087 2758 1128 2793; x_wconf 86' lang='lat' dir='ltr'>in</span> <span class='ocrx_word' id='word_1_373' title='bbox 1142 2755 1237 2794; x_wconf 80' lang='lat' dir='ltr'>Exc.</span> <span class='ocrx_word' id='word_1_374' title='bbox 1248 2756 1413 2794; x_wconf 87' lang='lat' dir='ltr'>Peiresc.</span> <span class='ocrx_word' id='word_1_375' title='bbox 1435 2769 1469 2805; x_wconf 85' lang='lat' dir='ltr'>p.</span> <span class='ocrx_word' id='word_1_376' title='bbox 1481 2757 1588 2797; x_wconf 83' lang='lat'>389.</span> <span class='ocrx_word' id='word_1_377' title='bbox 1617 2755 1667 2792; x_wconf 86' lang='lat' dir='ltr'>W</span> <span class='ocrx_word' id='word_1_378' title='bbox 1672 2766 1756 2792; x_wconf 81' lang='lat' dir='ltr'>Ess.</span> 
     </span>
    </p>

    <p class='ocr_par' dir='ltr' id='par_1_12' title="bbox 296 2811 1758 2922">
     <span class='ocr_line' id='line_1_46' title="bbox 419 2811 1758 2865; baseline -0.001 -14"><span class='ocrx_word' id='word_1_379' title='bbox 419 2813 523 2853; x_wconf 85' lang='grc'>534.</span> <span class='ocrx_word' id='word_1_380' title='bbox 551 2815 626 2853; x_wconf 82' lang='grc'>27</span> <span class='ocrx_word' id='word_1_381' title='bbox 670 2812 758 2852; x_wconf 58' lang='grc' dir='ltr'>Καὶ</span> <span class='ocrx_word' id='word_1_382' title='bbox 796 2812 925 2852; x_wconf 73' lang='grc' dir='ltr'><em>δοῦλα</em></span> <span class='ocrx_word' id='word_1_383' title='bbox 958 2815 1033 2864; x_wconf 78' lang='grc' dir='ltr'>τῆς</span> <span class='ocrx_word' id='word_1_384' title='bbox 1063 2827 1310 2865; x_wconf 79' lang='grc' dir='ltr'><em>παρανομου</em></span> <span class='ocrx_word' id='word_1_385' title='bbox 1340 2811 1663 2865; x_wconf 74' lang='grc' dir='ltr'><em>χειροκρασίας]</em></span> <span class='ocrx_word' id='word_1_386' title='bbox 1713 2811 1758 2848; x_wconf 85' lang='lat' dir='ltr'>ln</span> 
     </span>
     <span class='ocr_line' id='line_1_47' title="bbox 296 2863 1757 2922; baseline 0 -19"><span class='ocrx_word' id='word_1_387' title='bbox 296 2863 484 2917; x_wconf 83' lang='lat' dir='ltr'>Excerpt.</span> <span class='ocrx_word' id='word_1_388' title='bbox 518 2869 620 2908; x_wconf 75' lang='lat' dir='ltr'>dicto</span> <span class='ocrx_word' id='word_1_389' title='bbox 648 2870 734 2907; x_wconf 85' lang='lat' dir='ltr'>loco</span> <span class='ocrx_word' id='word_1_390' title='bbox 754 2883 802 2919; x_wconf 68' lang='grc' dir='ltr'>χε</span> <span class='ocrx_word' id='word_1_391' title='bbox 795 2869 1066 2922; x_wconf 79' lang='grc' dir='ltr'><em>ιροκρατίας,</em></span> <span class='ocrx_word' id='word_1_392' title='bbox 1104 2869 1203 2918; x_wconf 86' lang='lat' dir='ltr'>quod</span> <span class='ocrx_word' id='word_1_393' title='bbox 1227 2877 1406 2920; x_wconf 83' lang='lat' dir='ltr'>pr.aestat</span> <span class='ocrx_word' id='word_1_394' title='bbox 1429 2869 1616 2919; x_wconf 84' lang='lat' dir='ltr'>Polybius</span> <span class='ocrx_word' id='word_1_395' title='bbox 1636 2869 1680 2907; x_wconf 89' lang='lat' dir='ltr'>L.</span> <span class='ocrx_word' id='word_1_396' title='bbox 1694 2867 1757 2904; x_wconf 76' lang='lat' dir='ltr'>VL</span> 
     </span>
    </p>
   </div>
  </div>
 </body>
</html>
