1859 3326
276 159 338 201 35
749 154 1267 208 ANNOTATIONES

282 269 442 321 malign.
462 283 506 320 p.
523 270 629 310 862.
653 269 698 308 B.
738 269 810 307 Est
839 270 1011 318 profecto
1041 270 1190 309 celebre
1221 271 1304 309 eius
1332 282 1497 318 nomen,
1525 269 1600 311 etsi
1627 281 1741 319 saepe

283 328 564 397 exscriptorum
583 317 822 376 negligentia
840 326 1100 374 depravatum
1123 326 1170 364 ls.
1191 324 1458 364 Casaubonum
1477 326 1593 364 vide
1583 338 1625 363 m
1643 324 1744 376 Dio-4

288 396 376 435 gen.
382 382 534 419 'Laert.
564 381 605 418 L.
627 382 670 419 V.
692 385 779 429 76„
811 382 858 419 ad
879 381 1019 419 Athen.
1039 382 1082 420 L.
1107 382 1171 419 IV.
1195 383 1265 422 ]4.
1285 390 1324 420 et
1343 381 1531 424 Maussac.
1562 382 1615 420 ad·
1640 380 1744 429 flag.-

287 446 431 490 pocrat.
458 452 542 475 voc.
564 435 791 486 Ἀριστίων.
825 437 990 485 Scripsit
1018 438 1244 476 historicum
1273 452 1389 488 opus,
1418 441 1528 489 cuius
1556 451 1634 480 una
1655 450 1745 486 pars

289 495 335 536 ab
358 494 538 532 inchoato
554 493 755 531 Philomeli
775 495 977 543 sacrilegio
995 494 1042 530 ad
1064 493 1288 532 Perinthum
1307 494 1478 545 Philippi
1497 496 1612 534 armis
1631 507 1746 534 occu-r

291 558 418 601 patam
449 550 691 588 decurrebat:
725 552 846 587 altera
874 562 994 598 usque
1028 550 1077 586 ad
1108 549 1276 600 Philippi
1308 553 1466 601 exitum.
1505 550 1574 588 Sic
1603 550 1748 589 Noster

292 622 326 645 e.
348 609 419 647 77.
451 605 563 643 liuius
585 607 686 643 libri.
713 607 872 644 Praeter
892 607 932 643 id
953 612 992 643 et
1011 605 1116 642 aliud
1138 608 1342 655 reliquisse
1360 608 1576 655 censendus
1596 614 1678 654 est,
1711 607 1748 646 si

294 664 340 700 de
358 662 555 699 Demetrio
577 660 787 710 Phalereo,
815 669 861 699 ut
882 663 978 699 bene
1001 665 1219 711 suspicatur
1240 662 1288 701 G.
1310 662 1365 700 10.
1393 653 1554 713 Vossius
1573 663 1620 700 de
1641 662 1748 701 Hist.

296 719 433 756 Graec.
458 718 500 757 L.
527 717 591 753 111.
610 732 645 767 p.
667 719 794 765 360„
822 719 1023 771 quaedam
1038 721 1089 755 sit
1117 725 1386 768 conmentatus
1407 720 1516 769 apud
1542 711 1695 767 Athen,
1702 718 1751 766 Ι]

293 775 405 814 Xlll.
429 777 468 814 7.
501 776 621 818 Quam
642 774 795 823 quidem
812 788 896 811 rem
925 781 1070 812 certam
1092 781 1131 812 et
1150 764 1293 813 claram
1311 762 1454 813 Noster
1472 789 1555 813 esse
1580 776 1689 825 iubet
1706 745 1751 813 L.

295 820 411 877 XXI.
441 830 574 880 Eclog.
602 831 664 878 5.,
692 831 758 867 ubi
787 844 905 881 prave
933 844 1038 868 nunc
1066 830 1430 882 A1a7.7031egitur.
1463 818 1661 878 1)ίοίἴίΙῆ
1687 831 1754 874 dr.-

297 889 497 936 scripsisse
515 888 623 923 illum
653 883 728 933 τὰς
757 884 897 934 κοινὰς
922 883 1088 941 πράξεις
1117 888 1227 925 libris
1254 887 1419 936 XXXI„
1450 889 1553 930 unde
1572 887 1755 934 conficias

294 943 395 981 haud
418 943 577 989 iniuria,
608 942 708 979 idem
737 956 822 980 esse
853 957 967 994 opus,
1006 944 1107 992 quod
1135 957 1158 981 a
1179 946 1279 981 sacri
1306 945 1398 981 belli
1426 946 1542 989 initio
1570 943 1760 983 Graeciae.

297 1000 532 1046 Siciliaeque
559 1012 621 1036 res
651 1000 882 1048 conplexum
911 1001 1033 1038 fuerit
1065 1013 1185 1050 usque
1210 1003 1253 1038 in
1274 1003 1430 1038 ultimos
1449 999 1674 1052 Agathoclis
1693 1007 1758 1050 ty-

294 1057 410 1097 ranni
440 1066 586 1093 annos.
627 1054 700 1098 hoc
728 1056 914 1104 amplius,
951 1058 1158 1100 rectiorem
1182 1057 1330 1102 videri
1338 1059 1598 1106 scripturam,
1610 1070 1638 1095 a
1668 1055 1759 1094 Ste-

294 1111 420 1161 phano
450 1114 615 1149 vetustis
642 1125 663 1149 e
693 1112 803 1148 libris
832 1112 1116 1163 depromptam,
1146 1113 1222 1162 qua
1246 1112 1373 1163 Diylli
1393 1114 1494 1150 illud
1523 1125 1619 1163 opus
1647 1113 1760 1160 ΙίΙηεΙε

295 1166 446 1205 ΧΧΙΙ.
467 1167 696 1205 absolvitur
723 1168 861 1209 WESS.
1145 1181 1147 1183 “

411 1216 485 1262 9³3.
517 1224 591 1263 97.
634 1217 853 1275 Ἔὶπίιου]
893 1221 1094 1276 Ε’λὌπιιης
1120 1224 1266 1262 dicitur
1291 1226 1334 1262 in
1371 1214 1539 1274 Dionys.
1569 1213 1660 1271 Hal.
1687 1222 1762 1270 Di·

297 1274 430 1316 narch
461 1292 498 1334 Ρ
521 1280 647 1327 ll5-‚
675 1280 742 1317 sed
770 1277 938 1319 EJw
912 1295 1010 1332 [7715
1040 1285 1081 1318 in
1112 1281 1282 1332 eiusdem
1306 1280 1432 1330 Lysia
1459 1293 1496 1331 Ρ.
1519 1280 1594 1326 85-
1583 1308 1630 1330 -,
1642 1279 1763 1329 quod

300 1337 382 1372 eius
402 1348 543 1373 nomen
570 1343 770 1384 praeoptat
800 1336 1058 1388 Sylburgius,
1088 1350 1213 1387 neque
1242 1339 1392 1386 respuit
1413 1337 1466 1381 lo.
1494 1336 1686 1383 Meursius
1713 1335 1762 1383 ἀφ

299 1390 489 1431 Archont.
517 1390 561 1427 L.
587 1392 650 1429 1V.
675 1395 715 1433 7.
706 1421 730 1442 .,
758 1395 897 1441 quibus
916 1393 1092 1442 equidem
1111 1394 1301 1444 refragari
1322 1395 1427 1431 nolo.
1453 1393 1621 1430 WESS..

415 1449 492 1488 93.
518 1449 595 1488 99.
632 1450 787 1489 Γναῖον
806 1448 1031 1500 Μαμέὶιον
1050 1447 1351 1501 Ιμπεριῶσον]
1384 1449 1461 1487 Hic
1469 1420 1715 1497 Μάνλιον,
1725 1454 1766 1487 et

300 1505 434 1569 paullo
458 1511 548 1541 ante
576 1505 784 1545 Ποπίλιον
813 1506 948 1543 scribe.
971 1504 1108 1543 Rnon.
1155 1504 1387 1544 Coniectura
1413 1518 1492 1544 non
1522 1512 1581 1543 est
1608 1504 1767 1542 Rhodo.-

300 1562 458 1608 manni,
489 1560 555 1597 sed
585 1563 670 1610 ipsa
687 1564 848 1600 veritas.
868 1561 954 1599 Car.
977 1562 1114 1614 Sigon.
1141 1569 1341 1612 praeterea
1359 1562 1590 1602 Ποπίλλιον
1621 1575 1692 1599 suo
1716 1573 1766 1608 ex

300 1616 394 1654 Cod.
413 1617 540 1654 adfert
565 1617 613 1654 ad
636 1618 740 1656 Livii
761 1617 806 1656 L.
828 1618 912 1656 Vll.
943 1620 1029 1666 12„
1052 1619 1154 1668 quod
1173 1619 1353 1655 restituo.
1385 1619 1580 1656 Manlium
1604 1618 1670 1656 dat
1690 1616 1768 1663 Co-

303 1686 416 1722 spus,
444 1675 635 1710 incertum
665 1686 713 1711 ex
745 1681 902 1712 vetusto
934 1676 1034 1711 libro
1071 1688 1121 1711 an
1148 1677 1379 1722 suspicione.
1418 1674 1540 1711 Porro
1562 1675 1678 1718 stadii
1695 1673 1768 1712 hac

306 1729 535 1780 Olympiade
558 1732 746 1767 victorem
774 1730 917 1768 Euseb.
952 1732 1132 1782 Παῦρον
1155 1731 1396 1783 Κυρηναῖον
1418 1731 1606 1779 perhibet.
1632 1730 1682 1768 W
1685 1740 1768 1768 Ess.

419 1786 493 1825 93
528 1787 598 1825 10.
620 1783 769 1825 7Ἐπειτ
788 1782 1048 1839 Ἀρπωνιον]
1078 1786 1190 1823 Hanc
1211 1788 1345 1832 urbem
1368 1786 1466 1824 Gah.
1481 1786 1640 1830 Bar-rius
1659 1785 1703 1823 L.
1721 1787 1768 1832 V

308 1841 354 1878 de
371 1840 461 1878 Ant.
484 1848 524 1878 et
544 1841 617 1878 Sit.
648 1841 780 1879 Calah.
809 1855 846 1891 p.
875 1844 980 1884 185.
1001 1843 1060 1879 ed.
1091 1842 1217 1894 lugd.
1238 1856 1355 1880 nunc
1368 1843 1672 1894 Qaarquarium
1693 1842 1772 1885 dici

307 1897 507 1953 adfirmat,
533 1905 730 1935 auctorem
759 1901 820 1937 illi
846 1899 944 1936 dans
966 1899 1208 1947 Diodorum,
1234 1906 1441 1948 praeterea
1462 1899 1575 1937 nihil.
1599 1899 1772 1940 Mallem

308 1955 496 1990 sinceram
525 1957 784 2018 praestitisset
813 1958 1042 2005 scripturam
1093 1962 1133 1992 et
1172 1956 1313 1993 deinde
1344 1959 1463 1995 situm
1479 1957 1772 2003 inquisivisset.

306 2008 451 2059 Ecquis
473 2012 575 2046 enim
609 2011 789 2063 Alpom‘o
816 2018 1027 2063 patmum,
1053 2012 1239 2059 Nostrum
1269 2013 1305 2048 si
1323 2010 1512 2062 seponas'l
1549 2011 1684 2050 Placet
1702 2012 1772 2057 Ph,

311 2064 482 2103 Cluverii
507 2069 754 2114 coniectura,
794 2065 909 2107 ἔπειτ
931 2064 1149 2107 Ιππο)νιον
1184 2070 1365 2119 legentis·
1382 2069 1424 2106 L.
1442 2068 1508 2105 IV.
1528 2067 1612 2115 Ital.
1640 2067 1774 2118 Antiq.

311 2135 348 2172 Ρ.
375 2123 430 2161 12
437 2122 511 2160 91.
537 2121 632 2159 Eam
653 2124 789 2160 suadet
805 2131 845 2170 et
863 2125 1154 2175 propinquitas,
1177 2137 1257 2162 non
1275 2126 1391 2175 longe
1411 2138 1436 2162 a
1454 2124 1624 2173 Terina,
1653 2131 1692 2161 et
1709 2136 1777 2169 1131·-

314 2178 375 2214 bis.
398 2177 430 2214 V
434 2178 560 2213 ibonis
581 2175 797 2219 celebritas.
826 2180 877 2218 W
882 2191 965 2218 Ess.

427 2234 603 2273 93.13
634 2233 796 2274 Κατὰ.
784 2234 863 2288 γὰρ
887 2234 963 2288 τὴν
981 2242 1053 2273 etc.
1081 2251 1120 2276 οι
1143 2233 1343 2290 δραπέται
1366 2217 1582 2288 Βρέττιοι]
1614 2236 1712 2281 Vide
1731 2235 1776 2275 P.

312 2287 552 2345 Leopardum
575 2289 737 2328 Emend.
757 2290 803 2331 Ι]
823 2292 891 2333 IV.
916 2295 987 2334 12.
1029 2292 1257 2342 Opportune
1279 2293 1445 2340 Strabo,
1476 2305 1588 2343 quem
1606 2295 1661 2330 is
1670 2295 1778 2330 exci-

316 2347 439 2393 tavit,
467 2345 511 2381 L
531 2345 595 2382 ΙΙ
622 2360 659 2396 p.
683 2348 791 2387 392.
827 2348 1052 2401 Βρεττίους
1079 2346 1168 2402 γὰρ
1179 2351 1363 2396 καλοῦσι
1392 2345 1492 2395 τοὺς
1526 2345 1779 2394 ἀποστάτας

317 2398 555 2451 ἀπέστησαν
576 2398 631 2447 (Υ,
660 2399 716 2448 ὥς
745 2418 870 2456 qam,
892 2420 1156 2456 ποιμαιιοντε
1141 2419 1182 2451 ς
1209 2402 1350 2451 αὐτοῖς
1380 2403 1666 2471 (Λευκανοῖς)
1671 2399 1781 2457 πρόι-

316 2470 503 2507 repom<
489 2452 565 2494 εἷθ’
588 2452 667 2496 ὕπο
699 2456 768 2497 ἀνε
762 2457 814 2498 'eo
819 2474 908 2505 ως
896 2461 926 2499 ³7
925 2463 1035 2500 ..ευθε
1021 2457 1280 2528 εριάσαντες,
1306 2457 1430 2512 ἡνίκα.
1460 2457 1780 2513 ἐπεστράτευσεν

318 2512 436 2552 Λιων
454 2511 690 2567 Atmfflfflo),
722 2529 789 2553 και
819 2512 987 2568 ετάραξε
991 2532 1013 2556 ν
1036 2516 1226 2563 ἅπαντας
1257 2516 1361 2568 πρὸς
1392 2514 1593 2563 ἅπαντας.
1631 2516 1780 2561 Fir-mat

320 2571 423 2605 enin
442 2581 523 2604 rem
544 2569 688 2616 ips-am,
715 2577 753 2606 et
774 2577 920 2618 tempus
940 2573 1178 2611 Bzuttiorum
1200 2574 1337 2622 defecti
1329 2576 1440 2611 mnis.
1471 2573 1589 2610 Adde
1600 2572 1671 2610 Ph.
1689 2571 1781 2617 Clu-

320 2623 808 2665 ver-ltssl·A1¹t-Lib.lv-
834 2629 904 2667 15.
930 2629 1028 2665 *side
1049 2642 1143 2669 vero
1162 2643 1293 2668 rerum
1313 2631 1564 2667 humanarum
1585 2629 1781 2666 vicissitu-

322 2680 444 2716 dines.
472 2679 591 2716 Iidem
614 2681 673 2718 illi
693 2672 857 2728 Bruttii,
883 2684 1102 2721 labentibus
1134 2689 1247 2732 anuis
1271 2688 1313 2723 in
1344 2699 1423 2723 non
1447 2686 1635 2723 dissimile
1659 2687 1784 2723 servi-

322 2739 416 2772 tutis
439 2749 560 2785 genus
580 2736 825 2783 reciderunt,
861 2739 909 2776 ob
930 2741 1091 2777 nimium
1112 2741 1346 2779 Hannibalis
1371 2744 1492 2779 altero
1512 2741 1661 2784 Punico
1679 2741 1782 2778 bello

323 2792 491 2829 studium
511 2791 560 2828 ad
577 2793 736 2830 servilia
746 2795 961 2835 ministeria
975 2794 1235 2835 Romanorum
1253 2797 1787 2849 magistratibuspraestanda
