1891 3310
288 227 352 268 IN
380 224 719 267 EXCERPTA
749 222 829 263 DE
859 221 1024 264 VIRT.
1049 221 1127 263 ΕΤ
1164 223 1283 264 VlT.
1419 227 1512 270 473

66 357 192 382 rerum
218 342 386 391 Philippi
413 347 452 379 et
478 338 665 379 Antiochi
692 340 794 377 inter
820 351 904 376 sese
941 339 1256 386 conparationem
1290 350 1340 376 ex
1364 337 1520 390 Polybii

67 402 342 439 aemulatione:
373 401 482 436 cuius
500 398 542 436 L.
552 396 641 434 XV
661 397 737 436 20.
770 397 867 446 lege.
924 394 1064 431 WVESS.

184 468 287 507 573.
321 467 362 506 5.
403 465 543 521 Συλζὶν
565 463 652 505 ἐπι)
658 458 886 516 αρ’ὀμενος]
918 460 1026 499 Ordo
1045 467 1083 497 et
1103 463 1294 500 sententia
1314 463 1522 504 verborum

69 526 266 574 postulant
285 524 358 560 sibi
378 507 686 572 ἒπιβαλόμξνος.
738 519 796 556 lta
824 519 865 556 L.
879 517 1020 562 XVJH.
1045 519 1116 558 50-
1148 520 1233 557 τῶν
1258 518 1299 557 ἐν
1318 518 1522 567 ἐξουσίαις

70 577 202 621 όιῖων
222 579 411 632 ῗὸιοπρα)
414 583 470 616 εἴν
489 575 634 627 infiat)
639 574 834 627 λομένωι.
862 582 900 612 et
922 588 953 611 c·
967 575 1039 616 64.
1061 588 1097 625 Ρ.
1109 575 1215 614 305.
1244 575 1312 614 καὶ
1334 576 1426 643 dea)
1430 576 1524 616 ωνί-

70 634 108 683 ζε
96 638 214 677 σθαι
238 633 342 687 πρὸς
369 631 467 679 τοὺς
497 633 667 684 {ulfiam
660 648 745 682 »ξομ
731 630 845 678 ’νους
876 631 1108 680 πολιορκεῖν
1134 628 1211 683 τὴν
1241 629 1444 685 φρουράν.
1480 641 1525 672 ut

72 695 230 741 insuper
251 692 455 741 adiungam
475 689 570 727 haec
595 703 617 726 a
640 690 808 726 librariis
837 687 1023 726 confundi
1050 700 1182 735 saepe,
1230 700 1311 729 non
1339 703 1434 741 opus
1463 693 1527 729 vi..

75 748 198 788 detur.
236 747 346 786 Conf.
370 745 570 787 L.XVIII.
594 746 639 786 4.
665 759 701 795 p.
717 745 826 786 260.
883 743 1190 784 WESS.‘1nAdd.

189 816 291 855 573.
324 815 395 855 14.
419 811 577 866 ’Ὠσπερ
599 810 680 852 ἀπὸ
702 809 1009 865 παραγραφῆς]
1050 810 1156 851 Idem
1185 812 1343 850 videtur
1368 827 1454 852 esse
1480 829 1526 858 ac

75 874 108 910 si
140 872 282 908 diceret
307 868 445 922 ὥσπερ
467 869 509 909 ἐκ
530 867 815 922 παραθέσεως.
857 881 946 905 nam
971 866 1168 906 Diodorus
1190 867 1372 908 Antiochi
1392 871 1528 922 Magni

75 941 120 967 ae
139 928 307 977 Philippi
327 928 500 964 facinora
518 928 623 963 inter
646 939 686 962 se
714 924 956 972 conferebat,
995 925 1133 974 quibus
1159 928 1356 975 aequalem
1386 941 1410 966 a
1439 928 1529 967 Diis

76 984 269 1024 redditam
294 997 376 1020 esse
395 983 609 1021 mercedem
629 982 735 1023 dicit.
794 980 945 1017 VALES.

194 1041 299 1081 573.
330 1041 405 1080 24.
446 1035 507 1078 Τό
529 1054 572 1078 τε
594 1032 877 1091 Νικηφόριον]
908 1037 1033 1074 Lucus
1054 1042 1136 1073 erat
1154 1049 1270 1087 prope
1286 1037 1532 1091 Pergamum,

75 1092 124 1138 τὸ
156 1092 416 1150 Νικηφόριον
445 1092 574 1142 ἄλσος
598 1097 641 1132 in
661 1093 868 1131 Strabonis
898 1092 1064 1130 L.XllI.
1087 1095 1264 1141 p.926.,
1292 1097 1338 1132 ab
1359 1097 1532 1137 Eumene

77 1156 264 1200 consitum,
292 1154 495 1203 multisque
512 1151 683 1189 Deorum
704 1151 806 1188 fanis
826 1150 1007 1196 refertus,
1032 1156 1070 1186 et
1088 1150 1320 1200 Nicephorio
1339 1155 1533 1203 inprimis,

78 1210 162 1246 sive
182 1210 284 1248 lovis
303 1205 549 1261 Νικηφόρου
566 1209 721 1257 templo,
738 1214 780 1244 ut
797 1213 901 1244 recte
932 1208 1114 1255 opinatur
1143 1207 1267 1257 Ampl.
1287 1207 1456 1259 Cuperus
1485 1213 1536 1250 ad

79 1265 253 1306 Ihaetant
274 1266 390 1304 Mort.
406 1265 558 1304 Perseo.
580 1279 614 1305 c
626 1265 700 1308 44.
721 1277 757 1315 Ρ.
773 1264 879 1304 234
908 1262 1089 1301 Meminit
1109 1264 1191 1300 eius
1212 1277 1322 1314 saepe
1345 1265 1535 1317 Polybius

79 1321 124 1360 L.
134 1321 258 1359 XVII.
280 1324 321 1361 2.
336 1323 376 1362 6.
399 1329 436 1359 et
456 1333 534 1370 seq.
572 1321 707 1359 Livius
727 1319 900 1357 etiamL.
919 1318 1097 1358 XXXII.
1119 1321 1192 1361 33.
1229 1319 1372 1361 Statim
1392 1320 1537 1380 napth-

79 1393 180 1431 νησε
200 1380 382 1426 scriptum
400 1392 423 1416 a
441 1377 613 1415 Diodoro
637 1379 757 1415 fuisse
779 1376 956 1416 arbitror.
1013 1375 1151 1413 WVEss.

199 1435 306 1477 573.
332 1435 405 1474 31.
438 1427 988 1486 Kazeovpamne‘dezeaevm
1006 1447 1053 1471 το
1069 1427 1353 1487 Κυνόσαργες]
1391 1436 1541 1479 Castra

84 1492 142 1532 ad
165 1491 413 1545 Cynosarges
442 1487 646 1544 (templum
667 1489 758 1527 Her
762 1490 879 1536 culis,
908 1491 1235 1543 gymnasiumque
1257 1498 1299 1528 et
1318 1492 1428 1532 lucus
1448 1507 1492 1532 er
1495 1502 1545 1532 at

82 1547 382 1601 circumiectus)
412 1547 612 1597 Philippus
626 1548 778 1599 posuit.
837 1544 919 1584 Sed
940 1546 1209 1596 Cynosarges,
1238 1554 1280 1584 et
1306 1549 1475 1599 Lyceum
1501 1559 1545 1589 et

85 1606 274 1657 quidquid
291 1606 425 1644 sancti
441 1606 648 1643 amoenive
666 1605 777 1641 circa
796 1616 846 1639 m
839 1601 931 1639 bem
952 1609 1063 1650 emt,
1095 1604 1295 1640 incensum
1316 1614 1399 1644 ost:
1429 1609 1545 1646 dira..

85 1668 206 1712 taque
228 1674 304 1701 non
328 1667 435 1702 tecta
452 1662 598 1708 solum,
627 1661 698 1699 sed
719 1661 841 1696 etiam
858 1659 1066 1696 semelem:
1108 1662 1164 1696 sic
1191 1659 1233 1696 L
1225 1663 1326 1701 [vius
1356 1676 1404 1701 ex
1433 1665 1544 1704 fonte

85 1718 314 1768 Polybiane,
342 1718 444 1756 unde
464 1724 503 1754 et
521 1717 664 1755 Noster
682 1715 826 1762 hausit,
850 1715 892 1752 L
903 1714 1061 1754 XXXI.
1082 1716 1158 1754 24.
1194 1715 1289 1753 Mox
1319 1717 1375 1765 εις
1398 1716 1546 1775 Ἀθη-

86 1789 187 1823 νας,
215 1774 345 1823 quod
334 1787 376 1811 111
394 1774 626 1813 membranis
645 1778 750 1820 erat,
775 1773 916 1810 mutari
936 1783 1017 1807 non
1039 1771 1239 1809 debuerat.
1295 1773 1431 1813 Wnss.

204 1843 309 1882 573.
354 1842 431 1881 43.
476 1837 731 1890 Παρέὁωκεν
762 1835 891 1881 αὐτὸν
921 1837 978 1887 εἷς
1005 1835 1084 1892 τὴν
1110 1837 1329 1895 φυλακὴν]
1388 1842 1546 1885 Livium

86 1897 177 1938 vide
197 1896 433 1939 LXXXH.
460 1897 499 1936 5.
556 1896 692 1934 wass.

206 1966 312 2005 573.
347 1966 418 2005 55.
458 1960 742 2017 Ἀριστομὲνη
770 1958 845 2002 τὸν
869 1958 1120 2015 ἐπίτροπον]
1158 1962 1300 2002 Narrat
1316 1965 1549 2007 Plutarchus

88 2022 135 2061 in
168 2021 321 2073 dialogo
345 2020 534 2070 quomodo
560 2020 834 2058 discernendus
864 2019 912 2055 ab
941 2019 1142 2056 adulatore
1168 2023 1219 2059 sit
1236 2024 1379 2060 amicus
1405 2022 1461 2077 (p.
1472 2028 1546 2067 71

92 2077 134 2118 C.
141 2078 179 2126 ),
206 2080 488 2119 Aristomenem
505 2083 673 2114 tutorem
695 2076 926 2122 Ptolemaei,
950 2089 1036 2114 cum
1053 2089 1184 2127 regem
1202 2079 1550 2120 obdormiscentem

90 2138 134 2174 in
159 2142 365 2186 conspectu
382 2135 512 2171 neseio
531 2135 639 2171 euius
660 2134 778 2183 legati
798 2133 1030 2198 excitasset,
1053 2135 1393 2174 calumniatoribus
1417 2151 1551 2178 ansam

94 2191 258 2230 dedisse.
317 2193 392 2236 Qui
417 2192 502 2240 regi
520 2196 761 2228 assentantes
781 2188 955 2235 aiebant,
999 2190 1032 2226 si
1051 2196 1139 2238 post
1162 2197 1222 2228 tot
1250 2199 1288 2228 et
1317 2199 1424 2232 tanta
1454 2207 1550 2243 quae

94 2250 303 2286 sustineret
333 2249 518 2299 negocia,
558 2253 645 2297 post
674 2251 734 2282 tot
761 2246 941 2296 vigiliaS,
987 2256 1083 2293 quas
1124 2249 1219 2295 reip.
1261 2262 1376 2286 causa
1413 2252 1550 2301 ferret,

95 2304 290 2342 interdum
323 2306 364 2342 in
392 2314 567 2340 somnum
601 2302 860 2348 delaberetur,
903 2301 1197 2352 haudquaquam
1215 2317 1342 2343 eoram
1363 2312 1420 2344 tot
1440 2316 1552 2346 exte-

96 2373 226 2398 rarum
247 2362 420 2410 gentium
443 2359 663 2397 hominibus
682 2357 961 2408 obiurgandum
979 2371 1110 2408 regem
1130 2373 1227 2401 esse.
1289 2363 1436 2406 Quibus
1463 2379 1554 2403 ver..

99 2417 159 2455 bis
181 2415 366 2454 incitatus·
379 2416 622 2453 Ptolemaeus
641 2422 869 2454 venenatam
892 2415 1087 2461 potionem
1107 2416 1156 2453 ad
1175 2417 1459 2458 Aristomenem
1482 2423 1557 2459 mi-

101 2475 171 2521 sit,
208 2485 363 2522 eamque
382 2471 537 2508 haurire
557 2473 663 2509 illico
684 2473 808 2508 iussit.
867 2469 995 2509 Huius
1014 2472 1270 2512 Aristomenis
1291 2477 1467 2516 meminit
1480 2477 1557 2517 Po-

99 2530 229 2581 lybius
249 2527 452 2566 lib.XVII.
470 2529 511 2564 in
533 2527 622 2565 fine.
680 2526 830 2565 VALES.

220 2597 325 2639 574.
361 2596 433 2636 56.
476 2594 562 2635 Και
598 2590 734 2633 πάντα
767 2595 907 2641 καλῶς
933 2591 1196 2650 διῳκηκότα]
1257 2597 1348 2636 Non
1377 2599 1561 2640 dissentit

102 2653 314 2720 Polybius,
352 2666 439 2689 cum
467 2652 513 2689 de
542 2651 785 2688 Aristomene
815 2650 887 2688 hoe
916 2655 1136 2699 Acarnane,
1174 2650 1341 2706 γενόμει
1345 2671 1389 2702 ος
1421 2673 1559 2709 κυριος

103 2711 188 2749 τόν
221 2706 267 2747 ό)
273 2724 329 2748 ων
355 2722 634 2760 πραγματων
672 2701 871 2746 καλλιστα
891 2706 960 2746 καὶ
982 2705 1217 2759 σεμνότατα
1243 2710 1358 2750 ὸοκεῖ
1374 2717 1562 2768 προστῆ-

105 2781 130 2805 ν
132 2781 171 2805 αι
192 2766 264 2803 τοῦ
283 2779 325 2803 τε
344 2763 549 2814 βασιλέως
568 2762 636 2802 καὶ
653 2766 728 2815 τῆς
744 2762 959 2813 βασιλείας
986 2765 1029 2803 L.
1041 2764 1130 2803 XV.
1151 2768 1226 2807 29.
1286 2767 1419 2808 Wssss.

224 2821 328 2862 574
361 2822 436 2861 66.
481 2818 542 2861 Τὸ
565 2815 756 2871 Ληλιον]
808 2818 852 2856 In
885 2822 1201 2869 interpretatione
1223 2823 1361 2861 latina
1376 2825 1562 2874 quaedam

111 2877 241 2916 addidi
261 2878 305 2913 ad
325 2879 506 2914 maiorem
524 2878 648 2913 lucem
665 2888 713 2912 ex
732 2875 836 2914 Livii
862 2877 929 2914 lib.
949 2876 1123 2915 XXXV.
1146 2879 1216 2916 sub
1237 2879 1364 2919 finem.
1412 2882 1561 2922 VALES.
