1891 3310
351 186 427 215 DE
465 180 776 215 FONT1BUS
814 181 966 212 HIST.
1003 180 1278 212 DIODORI.
1457 178 1540 210 Lxl

89 282 155 315 tim
190 282 522 315 commorationem
553 280 696 313 Romae
722 283 761 314 et
786 279 974 314 sermonis
1005 277 1164 312 Romani
1197 277 1371 322 peritiam
1400 277 1543 311 submi-

90 340 286 371 nistrasse.
316 339 402 380 (lib.
422 339 455 379 1,
478 337 538 383 4.)

179 397 235 429 Ex
262 395 318 428 his
343 397 589 441 intelligitur,
625 396 662 427 in
694 394 854 428 Diodori
883 392 1051 427 historiis
1082 402 1143 434 ea,
1176 402 1267 435 quae
1297 391 1373 436 ipse
1405 393 1446 426 de
1476 405 1539 427 sno

88 449 309 496 interposuit,
335 459 503 497 tauquam
528 453 606 486 visa
633 451 826 494 audituque
843 450 999 494 cognita,
1021 450 1179 484 sedulodi
1195 451 1390 484 scernenda
1407 462 1478 484 esse
1497 451 1539 485 ab

92 508 177 552 [92Ἰ
197 509 279 543 aliis
296 522 386 554 quae
410 521 454 543 ex
475 509 631 550 aliorum
655 516 841 543 anctorum
856 507 935 553 fide
959 508 1078 542 tradit.
1125 509 1165 541 ln
1192 509 1256 542 illo
1283 519 1373 542 vero
1398 520 1540 553 genere

89 565 171 610 ipse
198 572 329 601 auctor
356 567 551 602 habendus
587 573 645 601 est
677 568 804 611 gravis
839 570 877 599 et
909 577 1076 599 summae
1109 565 1218 606 fidei,
1261 568 1298 599 in
1332 568 1378 599 iis
1409 570 1539 611 utique

90 635 186 669 quae
210 627 292 659 visu
321 627 518 670 cognovit3
560 635 629 658 nec
652 626 738 658 dum
768 626 864 656 enini
892 625 1086 669 quicquam
1113 624 1221 657 hnius
1245 626 1397 668 generis
1422 625 1467 663 ab
1493 635 1539 658 eo

88 683 268 716 traditum
301 683 555 728 deprehendi,
598 683 696 727 quod
732 683 865 715 falsum
896 683 1070 715 fictumve
1103 681 1231 715 haberi
1264 683 1394 725 possit.
1450 681 1539 726 Spe-

89 744 193 773 ctant
217 746 342 774 autem
369 752 415 775 ea
439 741 519 774 fere
545 741 591 774 ad
617 742 783 774 locorum
809 740 942 772 faciem
968 742 1005 771 et
1033 742 1218 779 naturam,
1246 740 1464 783 populorum
1487 742 1540 772 in-

89 800 223 841 genia,
259 810 404 841 mores,
437 800 629 838 instituta,
666 807 803 841 opera,
840 802 1092 828 monumenta.
1141 796 1177 829 Si
1202 806 1274 841 qua
1299 802 1406 837 sunt,
1443 807 1539 842 quae

87 855 126 887 in
152 855 210 888 his
236 867 433 900 perperam
459 855 647 900 perhibita
673 859 890 893 occurrant,
938 864 983 886 cx
1013 855 1194 887 naturalis
1222 855 1402 888 historiae
1429 857 1540 889 insci-

87 913 142 945 tia
165 917 232 946 aut
257 924 302 946 ex
329 913 427 946 falsa
450 914 639 956 opinione,
673 923 746 957 qua
774 912 839 944 illa
863 915 968 944 aetas
996 912 1137 945 imbuta
1164 916 1266 953 erat,
1303 923 1374 945 non
1403 923 1424 945 a
1450 917 1539 947 scri-

86 971 207 1013 ptoris
233 981 300 1004 seu
323 971 480 1004 levitate
503 981 571 1004 seu
598 970 729 1003 fraude
755 974 842 1002 sunt
867 970 1086 1012 repetenda.
1134 970 1187 1003 Ad
1210 980 1254 1003 ea
1271 976 1411 1012 autem,
1440 982 1537 1016 quae

88 1037 137 1060 ex
162 1028 320 1061 aliorum
353 1033 546 1062 auctorum
570 1024 648 1061 ‘fide
675 1033 784 1061 erant
808 1027 1011 1068 tradenda,
1045 1033 1204 1072 quantas
1236 1027 1417 1063 historiae
1451 1031 1540 1063 scri-

86 1084 234 1119 bendae
259 1089 387 1131 copias
412 1086 702 1132 conquisiverit,
736 1090 987 1130 quantumque
1015 1087 1050 1118 in
1077 1087 1122 1117 iis
1151 1085 1406 1127 excutiendis,
1435 1087 1539 1131 dige-

86 1144 217 1177 rendis
251 1149 289 1177 et
320 1145 563 1189 disponendis
595 1144 758 1177 studium
791 1142 1025 1183 adhibuerit,
1066 1143 1137 1176 etsi
1173 1143 1231 1175 vel
1263 1144 1355 1176 illud
1390 1150 1537 1189 arguat,

87 1203 187 1247 quod
212 1201 320 1235 XXX
346 1212 529 1236 annorum
558 1203 718 1246 spatium
747 1203 781 1234 ei
813 1203 867 1234 rei
898 1200 1098 1245 impendit,
1141 1200 1258 1233 multo
1292 1213 1382 1235 vero
1417 1205 1538 1248 magis

86 1260 170 1305 ipsa
197 1271 258 1293 res
284 1261 411 1293 docet:
439 1271 522 1293 esse
547 1262 644 1293 enirn
672 1270 735 1300 ea,
764 1270 858 1303 quae
886 1270 908 1292 a
931 1258 1098 1292 Diodoro
1124 1260 1334 1303 perscripta
1355 1265 1462 1302 sunt,
1490 1271 1537 1296 ex

85 1318 256 1361 pluribus
282 1318 499 1351 auctoribus
523 1318 720 1361 depromta
745 1322 783 1350 et
808 1321 911 1350 certo
934 1317 1059 1361 aliquo
1080 1318 1217 1350 iudicio
1233 1318 1387 1359 selecta,
1422 1320 1536 1353 tidem

86 1375 179 1409 facit
204 1380 242 1409 et
265 1380 460 1408 auctorum
494 1385 587 1420 quos
620 1375 751 1408 laudat
780 1385 983 1416 recensus,
1018 1379 1056 1408 et
1088 1376 1315 1408 narrationis
1345 1378 1381 1409 in
1408 1379 1536 1411 multis

86 1434 200 1467 rebus
224 1434 478 1477 discrepantia
506 1433 551 1465 ab
579 1433 823 1476 scriptoribus
848 1434 923 1465 illis
947 1434 1007 1477 qui
1044 1434 1184 1466 servati
1216 1437 1322 1475 sunt,
1368 1446 1536 1480 quosque

87 1491 184 1525 adeo
211 1502 293 1524 cum
321 1502 365 1525 eo
390 1500 608 1535 comparare
637 1491 672 1522 in
700 1495 846 1534 promtu
872 1496 940 1524 est.
987 1489 1149 1524 Dilectus
1174 1495 1322 1534 autem,
1348 1504 1458 1538 quem
1485 1494 1537 1529 fe-

86 1550 158 1590 cit,
178 1549 457 1595 fandameutmn
484 1559 526 1582 ac
549 1547 769 1592 principium
794 1550 902 1593 quale
930 1549 1055 1589 fuerit,
1085 1553 1171 1582 ante
1198 1551 1324 1584 omnia
1346 1562 1535 1595 exponen-

85 1609 172 1642 dum
201 1613 275 1641 est:
317 1607 387 1640 hoc
412 1608 508 1639 enim
537 1608 606 1639 nisi
631 1611 733 1639 recte
760 1610 952 1649 teneatur,
991 1607 1132 1640 nullum
1157 1617 1280 1640 verum
1306 1608 1346 1641 de
1370 1608 1533 1644 Diodoro

82 1666 255 1700 iudicium
281 1667 426 1699 institui
451 1670 596 1708 potest,
641 1674 686 1696 an
713 1676 803 1697 vero
839 1666 919 1708 ipse
954 1667 1143 1710 sagaciter
1177 1668 1270 1699 satis
1302 1667 1395 1701 illud
1428 1679 1537 1703 asse-

85 1730 222 1771 quutus
246 1726 314 1757 sim
330 1749 338 1764 ,
369 1724 545 1755 iudicium
573 1727 655 1755 esto
678 1733 793 1766 penes
819 1732 906 1761 vos,
930 1723 1000 1755 ΛΑ.

175 1782 329 1815 Scilicet
356 1791 538 1824 respuere
573 1791 613 1813 se
646 1789 785 1812 meram
822 1780 1132 1821 delectationem,
1170 1783 1227 1814 tot
1259 1781 1343 1815 aliis
1376 1782 1534 1817 Graecis

84 1839 330 1884 scriptoribus
354 1840 605 1882 propositam,
641 1838 808 1881 pluribus
840 1838 934 1871 locis
967 1841 1165 1882 profitetur
1190 1840 1395 1873 Diodorus:
1433 1842 1535 1885 sequi

84 1898 181 1932 sein
207 1896 365 1930 omnibus
392 1895 597 1936 utilitatem,
635 1901 673 1928 et
704 1901 857 1939 propter
891 1895 960 1929 hoc
986 1899 1103 1941 ipsum
1132 1899 1326 1942 praeferre
1355 1897 1535 1932 historias

83 1958 244 2001 plurium
273 1960 439 1988 aetatum
471 1966 513 1987 ac
542 1953 762 1997 populorum
796 1965 858 1987 res
883 1957 1098 2000 complexas
1111 1969 1127 1996 ,“
1160 1957 1332 2000 quoniam
1366 1959 1535 2000 paratior

82 2015 170 2048 inde
197 2020 236 2048 et
260 2013 413 2046 uberior
437 2013 581 2044 utilitas
616 2014 808 2054 expectari
845 2015 982 2056 possit,
1027 2025 1122 2058 quam
1149 2014 1195 2046 ad
1222 2015 1332 2045 vitain
1363 2025 1444 2047 cum
1471 2026 1534 2058 pu-

80 2073 216 2105 blicani
244 2076 322 2104 tum
346 2072 528 2113 privatam
557 2069 770 2101 salubribus
793 2072 959 2103 consiliis
989 2072 1246 2115 exemplisque
1275 2073 1533 2105 instruendam

81 2129 259 2174 x'i1n[!)3]
281 2128 428 2162 habeat.
453 2128 530 2169 glib.
545 2127 570 2164 l,
590 2138 617 2162 c.
635 2127 669 2161 3.
691 2133 728 2160 et
748 2130 808 2172 4.)
843 2129 1011 2161 Eandem
1040 2130 1313 2172 professionem
1341 2131 1377 2162 in
1407 2131 1533 2163 multis

81 2189 175 2221 locis
204 2188 362 2230 repetit3
398 2189 436 2218 et
461 2196 504 2217 ex
533 2196 578 2217 ca
604 2186 780 2219 iudiciuin
806 2187 985 2219 faciemus
1011 2188 1044 2219 in
1073 2188 1261 2219 nonnullis
1286 2188 1409 2228 rebus,
1436 2199 1532 2232 quae

83 2246 243 2278 diversis
267 2245 388 2276 modis
413 2244 510 2276 tradi
537 2244 681 2282 solent,
722 2255 813 2288 quas
842 2246 921 2288 ipsc
949 2249 1076 2288 partes
1103 2246 1317 2287 amplexus,
1358 2255 1449 2289 quas
1476 2256 1532 2278 ra-

82 2300 206 2334 tiones
233 2307 413 2344 scqnutus
438 2301 523 2341 sit,'
544 2303 580 2334 in
605 2303 688 2334 aliis
715 2314 825 2343 vcro,
871 2303 959 2347 quid
996 2302 1085 2334 illud
1122 2302 1237 2334 suerit
1268 2303 1364 2346 quod
1399 2314 1480 2336 eum
1510 2314 1532 2336 a

82 2365 187 2393 recto
222 2370 345 2391 rerum
383 2359 518 2391 iudicio
550 2363 806 2392 transversum
843 2361 974 2403 egerit.
1025 2361 1172 2392 Etenim
1207 2371 1289 2392 cuni
1314 2361 1350 2392 in
1378 2363 1533 2404 scripto-

82 2428 186 2455 rum,
223 2426 316 2460 quos
342 2422 585 2461 sequeretur,
622 2422 697 2449 tuni
727 2418 762 2449 in
790 2428 913 2450 reruni
943 2425 1179 2450 narratarum
1208 2418 1365 2458 dilectu,
1408 2430 1533 2451 nai-ra-

82 2476 269 2517 tionisque
298 2475 549 2507 instituendae
576 2475 686 2506 niodo
713 2485 757 2507 ac
781 2477 947 2515 ratione,
984 2475 1172 2507 ‘utilitatem
1196 2476 1382 2517 spectavit,
1421 2476 1531 2509 adco-

82 2544 152 2576 que
181 2533 333 2576 reliquis
354 2531 528 2575 praetulit
551 2542 610 2577 ea,
648 2542 738 2574 qnae
764 2533 811 2564 ml
835 2532 941 2564 vitam
968 2533 1163 2574 reg-emtam
1196 2532 1401 2572 animosque
1432 2532 1530 2565 bonis

81 2589 223 2622 monitis
259 2589 485 2632 consiliisque
524 2589 685 2632 vitaeque
722 2590 924 2632 praeceptis
963 2589 1166 2623 immensius
1210 2602 1311 2623 ustam
1354 2589 1530 2623 haberent.

80 2647 321 2681 Praeclarum
347 2648 567 2688 consilium,
601 2649 683 2691 quis
720 2648 854 2692 neget!
898 2648 1006 2680 inodo
1042 2660 1086 2681 ne
1121 2659 1260 2681 summa
1292 2658 1334 2680 ac
1365 2647 1530 2690 princeps

80 2703 251 2738 historiae
275 2704 480 2738 scribendae
508 2705 564 2736 Iex
591 2706 822 2746 intercedat,
860 2712 897 2738 ut
921 2717 1006 2738 vera
1033 2712 1065 2738 et
1092 2707 1280 2748 explorata
1313 2703 1528 2740 scribantur,

80 2762 202 2796 Multa
232 2769 357 2797 autem
384 2773 406 2795 a
431 2763 559 2795 multis
584 2762 841 2796 actualitatem
863 2763 959 2808 ficta
991 2769 1022 2796 et
1055 2769 1228 2796 exornata
1261 2768 1366 2794 sunt:
1408 2772 1528 2806 neque

80 2830 210 2854 onmes
237 2819 419 2855 historiae
446 2827 575 2866 partes
598 2823 653 2855 ita
676 2826 763 2855 sunt
789 2827 1049 2865 comparatae,
1085 2826 1126 2854 ut
1151 2821 1267 2853 multa
1290 2820 1326 2851 in
1353 2820 1400 2852 iis
1426 2821 1531 2852 salu-
