1859 3326
281 238 376 279 406
755 240 1276 284 ANNOTATIONES

285 351 453 391 Peiresc.
476 365 510 402 p.
529 354 662 402 266.‚
687 355 754 393 ubi
771 369 815 393 ea
838 358 977 395 omnia.
1034 357 1288 397 Praemiserat
1317 356 1511 397 Diodorus
1544 359 1736 398 salubrem

286 406 386 444 hanc
428 409 750 459 admonitionem,
805 422 1147 463 praeposueratque
1186 417 1421 462 narrationi,
1468 427 1543 464 qua
1575 418 1738 454 victoris

285 463 398 502 Atilii
415 467 660 504 insolentiam
673 469 958 518 insecutamque
977 472 1230 509 calamitatem
1246 472 1533 520 exsequebatur.
1563 471 1739 510 Redeant

287 533 380 572 ergo
400 521 664 560 addicentibus
684 525 770 560 istis
790 524 941 563 schedis
963 540 1071 565 suam
1087 530 1127 565 in
1150 529 1291 568 sedem.
1348 528 1487 568 VVESS.

402 579 505 618 504.
539 581 612 619 39.
645 577 719 619 Ἔν
737 577 885 636 Λιβύῃ
907 579 1167 636 διαβάντων]
1203 585 1278 632 Εἰς
1296 580 1469 637 Λιβύην
1491 579 1737 636 διαβάντων.

285 630 425 671 RHoD.

404 691 507 730 504.
547 691 625 731 49.
665 688 794 733 Ἀντὶ
834 695 909 747 τῆς
938 692 1288 749 προϋπαρχούσης
1330 694 1444 752 αὐτῷ
1488 693 1612 749 δόξης
1644 694 1739 749 etc.]

289 742 348 782 De
370 744 518 797 Regulo
540 747 633 784 haec
653 749 755 787 dicta
774 752 896 788 fuisse
918 764 966 789 ex
985 753 1121 791 iisdem
1141 753 1346 802 Excerptis
1367 766 1597 805 cognosces:
1644 765 1741 802 quae

290 799 404 856 αὐτῷ
432 816 515 840 cum
535 803 721 853 habeant,
752 821 820 844 cur
842 822 920 846 non
939 809 1207 848 restituerem?
1268 810 1362 848 Mox
1384 807 1743 862 συγκεχωρημένον

288 860 331 894 in
349 859 483 896 iisdem
507 868 576 899 est.
610 861 748 901 WVESS.
787 861 900 920 αὐτῷ
927 887 975 894 —--
997 880 1154 920 προαφ.
1174 888 1220 895 -
1237 880 1350 919 συγκ.
1373 869 1492 904 etiam
1517 866 1642 905 Rhod.

404 917 508 955 504.
541 918 611 958 54.
633 919 1000 974 Προαφῃρημένος
1018 918 1195 976 ἑαυτοῦ]
1233 918 1403 977 ‘Eat-vg&
1425 922 1548 960 Rhod.
1571 925 1612 960 in
1635 934 1743 959 mar-

288 971 382 1020 gine
401 971 704 1014 Hoeschelianae
727 984 765 1014 et
786 991 876 1015 suae
901 979 982 1026 ed.‚
1010 980 1111 1027 quod
1133 982 1251 1017 tacite
1272 980 1429 1017 admisit
1447 980 1744 1029 VVesselingius,

288 1030 465 1074 quamvis
495 1033 611 1069 sciret
648 1033 1000 1089 προαᾳῃρημένος
1025 1034 1070 1075 δὲ
1102 1032 1232 1077 αὑτοῦ
1265 1035 1370 1089 (lege
1390 1032 1562 1085 ἑαυτοῦ)
1596 1048 1679 1072 esse
1707 1047 1744 1085 p.

406 1142 509 1181 504.
542 1143 615 1183 57.
659 1142 772 1192 Τοὺς
799 1143 879 1199 γὰρ
908 1149 1011 1187 πᾶσι
1041 1150 1301 1200 κρατοῦντας
1329 1150 1424 1195 etc.]
1480 1145 1749 1196 Xanthippus,

291 1198 357 1243 qui
386 1211 515 1235 rerum
546 1213 726 1240 successu
753 1203 962 1241 ferociores
982 1205 1160 1242 contudit
1179 1203 1386 1242 Romanos.
1446 1203 1491 1242 In
1510 1203 1691 1253 Excerpt.
1710 1216 1746 1252 p.

290 1254 399 1293 267.
414 1256 549 1293 melius
561 1261 647 1304 τοῖς
666 1254 777 1304 ὅλοις
788 1256 1013 1311 ἠλάττωσε.
1029 1260 1166 1298 VVESS.
1190 1260 1282 1298 Mox
1295 1259 1610 1313 προςὸοκῶντας
1622 1258 1747 1297 Rhod.

408 1312 510 1352 504·
562 1314 637 1353 63.
689 1311 843 1354 Πάντα
870 1338 928 1344 —
954 1312 1117 1367 βάσιμα
1147 1316 1215 1355 καὶ
1245 1314 1429 1367 δυνατὰ]
1481 1315 1549 1354 Sic
1580 1317 1752 1353 correxit

292 1362 495 1414 Rhodom.,
515 1371 579 1417 qui
603 1376 641 1406 et
662 1366 771 1422 ἄγειν
791 1373 866 1411 sibi
887 1380 1105 1422 suspectum
1128 1373 1349 1423 profitetur,
1374 1376 1415 1411 in
1437 1369 1632 1425 διεξάγειν
1649 1373 1750 1409 forte

293 1425 531 1462 mutandum.
591 1425 748 1464 Mallem
779 1442 875 1479 ego,
908 1432 950 1466 in
981 1432 1158 1468 exsilium
1177 1437 1221 1467 ut
1239 1431 1373 1469 abiret.
1414 1429 1551 1468 Paullo
1575 1430 1750 1477 superius

293 1476 528 1519 denos-nm
559 1477 659 1520 εἶναι
689 1484 936 1537 περιεγένετο
967 1494 1071 1523 recte
1104 1486 1309 1537 Excerpta.
1365 1485 1425 1524 De
1446 1487 1530 1536 ipsa
1549 1499 1591 1523 re
1612 1497 1751 1537 operae

293 1540 456 1585 pretium
479 1538 639 1586 feceris,
668 1542 702 1578 si
725 1539 930 1593 Polybium
951 1541 1036 1580 L.1.
1060 1544 1134 1583 35.
1158 1545 1387 1591 inspexeris.
1443 1542 1582 1580 WEss.

409 1594 514 1633 504.
543 1596 616 1634 69.
656 1596 994 1648 Κατισχύοντος]
1026 1599 1159 1638 Placet
1178 1595 1489 1646 κατιθύνοντος.
1528 1597 1752 1649 Legendum

294 1646 365 1685 hac
393 1652 507 1686 etium
541 1657 599 1687 est
628 1649 733 1703 πρὸς
761 1652 808 1693 τὸ
846 1655 1075 1709 συμφέρον.
1128 1655 1267 1693 RHOD.
1349 1655 1469 1705 Sequi
1503 1668 1583 1693 non
1612 1654 1750 1693 audeo.

295 1703 397 1743 Sunt
424 1708 611 1744 laciniosa
642 1707 734 1747 haee
764 1711 882 1759 folia,
934 1725 1006 1749 nec
1046 1715 1277 1751 sententiam
1314 1719 1510 1762 praestant
1546 1713 1753 1761 integram.

292 1760 409 1799 Forte
430 1770 604 1800 senatum
628 1772 804 1813 spectant
826 1767 1054 1816 Romanum,
1083 1770 1215 1807 audita
1236 1783 1390 1808 suorum
1410 1770 1453 1806 in
1475 1769 1610 1806 Africa
1632 1767 1754 1814 clade,

293 1819 450 1856 minime
469 1820 636 1859 fractum
653 1825 808 1874 suisque
826 1827 1003 1864 consiliis
1018 1826 1244 1865 difficillima
1263 1829 1421 1876 quaevis
1442 1830 1752 1877 exsuperantem.

295 1874 434 1912 WEss.

412 1934 516 1973 505.
551 1936 623 1975 71.
667 1934 1095 1991 Φίλιστοςῖστορικός
1112 1931 1193 1991 ἦν]
1234 1938 1443 1976 Philistum
1457 1937 1642 1975 historias
1657 1935 1755 1973 scri-

295 1989 442 2036 psisse,
483 2003 594 2029 nemo
629 1991 796 2031 dubitat:
843 2001 884 2031 at
913 1994 985 2032 hoc
1018 2003 1212 2044 tempore,
1258 1996 1358 2046 quod
1389 1996 1526 2034 Latina
1563 1993 1755 2040 indicant,

295 2047 381 2091 quis
418 2047 573 2086 credet?
634 2048 800 2087 Mortem
839 2049 1006 2088 hominis
1047 2052 1276 2101 descriptam
1317 2052 1406 2089 vide
1451 2051 1494 2088 L.
1529 2049 1637 2088 XVI.
1681 2050 1753 2089 16.

295 2099 459 2141 Videtur
490 2102 686 2143 Diodorus
713 2105 920 2144 Philistum
950 2108 998 2145 ad
1031 2111 1295 2146 testimonium
1328 2109 1558 2154 advocasse3
1609 2107 1757 2154 alioqui

297 2166 508 2203 praestaret
529 2162 718 2208 Φιλῖνος,
747 2173 859 2211 quem
882 2164 994 2201 domo
1018 2165 1316 2215 Agrigentinum
1335 2171 1464 2214 gestas
1485 2164 1586 2200 bello
1605 2162 1756 2199 Punico

299 2222 325 2248 Ι.
346 2226 408 2251 res
432 2219 641 2265 scriptione
666 2231 734 2255 sua
753 2228 977 2257 exsecutum
999 2233 1095 2267 esse,
1128 2223 1303 2269 superius
1314 2220 1448 2271 Eclog.
1462 2230 1551 2257 vill.
1575 2218 1756 2268 prodidit.

299 2268 434 2308 ld‘ssss.
493 2273 670 2313 verterat
690 2273 877 2313 Rhodom.
902 2276 1093 2315 Philistus
1114 2284 1206 2315 teme
1225 2276 1435 2315 historiam
1463 2277 1639 2327 scripsit.

417 2329 521 2369 505.
556 2332 630 2372 74.
668 2331 790 2377 Ναῧς
821 2329 945 2371 εἴκοσι
968 2332 1035 2371 καὶ
1065 2331 1273 2385 τέσσαρας
1295 2327 1633 2385 παραλαβόντες]
1673 2331 1756 2369 Imo

301 2391 436 2430 cmv„
477 2388 510 2423 Si
532 2387 694 2437 Polybio
714 2387 824 2428 fides.
879 2389 1001 2436 Ναῦς
1022 2386 1172 2440 ἔλαβον
1195 2386 1453 2441 αὐτάνδρους
1472 2384 1619 2428 ἑκατὸν
1639 2387 1757 2427 δεκα-

299 2437 520 2492 τέσσαρας.
561 2441 659 2489 τοὺς
686 2441 729 2482 <5²
765 2443 807 2482 ἐν
835 2442 984 2498 Λιβύῃ
1013 2445 1303 2495 ὃιαμῆίναντας
1331 2445 1570 2490 νεανίσκους
1599 2441 1759 2483 ἀναλα-

300 2491 448 2544 βάντες
476 2497 518 2536 ἐκ
545 2502 620 2550 τῆς
646 2498 858 2547 ὶΑσπίδος
880 2499 1021 2542 ἔπλεον
1043 2498 1169 2548 αὖθις
1189 2504 1263 2553 τῆς
1287 2501 1495 2549 Σικελίας,
1535 2503 1591 2538 sic
1617 2501 1757 2539 scribit

303 2550 386 2589 L.1.
412 2555 486 2593 36.
500 2582 512 2601 ‚
535 2555 593 2593 his
615 2558 735 2594 multo
758 2557 980 2596 distinctius
995 2586 1007 2604 ‚
1047 2561 1161 2596 sicuti
1182 2566 1218 2595 et
1239 2558 1285 2594 de
1305 2559 1509 2608 naufragio
1530 2558 1756 2605 amissisque

302 2610 468 2646 navibus
496 2624 576 2661 cap.
607 2624 684 2660 seq.
742 2612 836 2650 Mox
867 2613 909 2662 ἐξ
940 2611 1070 2665 αὐτῆς
1089 2613 1339 2667 Καμαρίνας
1356 2614 1526 2651 hiulcum
1545 2613 1700 2651 videtur
1720 2618 1758 2649 et

303 2663 520 2703 barbarum.
577 2667 756 2707 Fortasse
777 2672 902 2708 voluit
920 2670 1137 2719 Excerptor
1158 2670 1199 2718 ἐξ
1222 2668 1351 2722 αὐτῆς
1371 2667 1475 2722 πρὸς
1496 2668 1758 2722 Καμαρίνας,

304 2721 412 2758 illico
442 2725 498 2762 ad
523 2723 779 2764 Camarinam
808 2733 875 2764 aut
903 2727 994 2777 quid
1026 2729 1162 2765 simile.
1219 2725 1331 2764 Certe
1357 2723 1521 2778 μακρὰς
1539 2728 1641 2771 ναῦς
1661 2727 1757 2763 scri-

306 2780 406 2825 psit,
435 2792 515 2816 non
543 2778 716 2834 μικρὰς,
741 2788 786 2819 ut
808 2795 857 2820 ex
876 2783 1040 2833 Polybio
1059 2785 1354 2834 apertissimum.
1400 2783 1537 2820 VVESS.
1592 2781 1651 2819 De
1683 2794 1758 2818 nu-

307 2846 412 2871 mero
439 2837 598 2874 navium
611 2865 623 2884 ,
662 2839 730 2887 qui
756 2841 834 2876 iam
856 2852 904 2877 ne
921 2840 1023 2888 apud
1042 2839 1248 2891 Polybium
1273 2839 1427 2888 quidem
1446 2840 1521 2876 sibi
1537 2838 1756 2889 respondet,

308 2902 345 2926 V.
368 2891 586 2944 Schweigh.
607 2894 655 2930 ad
679 2894 705 2931 [-
732 2895 808 2935 36.
