1891 3310
355 160 420 202 IN
451 160 564 206 LIB.
595 160 751 205 XVII.
780 158 910 206 CAP.
943 162 1047 210 107.
1071 183 1120 202 .-‚-.
1146 163 1250 209 110.
1439 167 1532 206 217

86 277 185 318 illud
204 289 364 328 semper,
391 276 506 314 iterat
528 281 654 315 autem
674 275 757 315 eius
777 286 916 315 nomen
936 275 1100 324 saepius»,
1124 272 1390 328 Πυθιονίκην
1407 284 1534 326 vocat,

89 349 159 374 nec
181 337 292 373 aliter
313 333 476 371 Pausan.
500 330 544 371 L.
565 331 594 369 I.
621 344 655 380 p.
678 333 751 377 90.
779 331 833 368 At
857 331 960 373 PIut.
981 330 1099 373 Phoc.
1119 343 1156 380 p.
1181 332 1285 373 751.
1306 330 1346 370 C.
1377 334 1534 376 Πυθο-

89 391 229 444 νίκην,
256 397 299 428 ut
319 388 525 427 Diodorus.
566 387 701 425 VVESS.

105 440 107 442 ,
202 447 309 488 245.
335 448 407 486 66.
439 443 523 484 ,Καὶ
544 440 680 495 τάφον
701 465 750 472 --
770 437 1039 483 κατεσκεύασε
1058 438 1379 493 πολυδάπανον]
1408 444 1538 484 Theo-

88 515 247 553 pompus
272 502 369 551 apud
392 500 529 538 Athen.
552 499 662 540 XIII.
687 512 723 550 p.
747 501 850 540 595.
872 499 914 537 Β.
947 496 1026 539 ἀπὸ
1054 495 1251 539 πλειόνων
1273 497 1488 542 ταλάντων
1508 500 1535 555 ἢ

89 557 310 599 διακοσίων
347 553 419 597 δύο
449 551 646 608 propiata
678 551 973 596 κατεσκεύασεν
1006 552 1136 607 αὐτῆς
1164 558 1328 595 alterum
1359 557 1538 606 Athenis,

88 613 286 665 Babylone
308 616 481 651 alterum.
519 614 564 650 In
586 612 754 650 Atticum
775 611 951 662 inpendit
968 622 1060 649 xxx
1082 613 1249 661 talenta,
1276 620 1379 652 certe
1401 628 1444 652 ea
1468 627 1536 652 ex-

89 685 208 722 pensa
228 672 318 708 tulit
340 673 379 707 in
399 670 439 707 id
461 681 554 720 opus
573 668 752 716 Charicli,
772 675 870 705 teste
890 665 1094 706 Plutarcho
1116 668 1218 706 dicto
1239 670 1346 707 loco:
1377 677 1419 709 ut
1438 671 1534 709 adeo

88 728 307 767 mirandum
326 739 406 764 nen
425 728 497 772 sit,
530 721 695 764 πάντων
725 720 860 764 ὁπόσα
880 720 1075 776 Ἕλλησίν
1098 723 1207 764 ἔστιν
1229 723 1405 777 ἀρχαῖα,
1430 725 1537 774 θέας

89 781 271 836 μάλιστα
293 779 406 830 ἄξιον
426 782 465 819 id
485 788 772 819 monumentum
788 781 999 819 Pausaniae
1018 781 1138 819 fuisse
1157 776 1298 820 visum.
1325 781 1463 822 VVESS.

203 839 312 881 245.
344 840 416 879 67.
437 834 599 888 ’Όνομα
622 835 832 888 Γλυκέραν
904 835 1001 874 Vide
1030 850 1126 887 quae
1149 837 1195 875 de
1214 840 1352 877 insano
1371 838 1537 892 Harpali

91 909 219 934 amore
249 902 287 934 et
319 893 539 933 incredibili
574 894 819 931 mulierculae
884 893 970 930 uius
1001 894 1097 931 luxu
1137 906 1187 932 ex
1216 893 1465 949 Theopompo
1498 903 1538 936 et

90 951 284 991 Clitarcho
305 953 498 1000 excerpsit
517 948 657 989 Athen.
682 948 725 989 L.
750 948 860 986 XIII.
879 962 914 999 p.
938 949 1043 990 586,
1065 948 1108 990 C.
1150 949 1285 992 VVESS.

201 1008 309 1049 245.
345 1008 418 1047 82.
464 1007 564 1052 Τοῖς
585 1001 687 1057 ὑπὲρ
709 1002 837 1045 αὐτοῦ
858 1004 1140 1058 δημηγοροῦσι
1162 1002 1358 1060 ῥήτορσι]
1387 1007 1540 1049 Horum

90 1078 111 1104 e
132 1076 291 1102 numero
311 1061 604 1110 Demosthenes,
635 1061 863 1108 MetrocleS‚
888 1060 1062 1108 Demon,
1093 1060 1373 1113 Callisthenes,
1404 1065 1539 1117 Hype..

90 1122 216 1170 rides,
241 1121 368 1159 notati
398 1125 599 1170 propterea
627 1118 802 1157 versibus
831 1116 1017 1156 Timoelis
1039 1117 1186 1157 Comici
1215 1120 1314 1170 apud
1333 1120 1472 1161 Athen.
1493 1124 1537 1167 L.

90 1177 193 1216 VIII.
223 1191 259 1228 p.
287 1177 390 1217 341.
407 1174 451 1215 F.
497 1174 574 1211 Sed
597 1176 714 1212 latius
732 1176 872 1225 serpsit
890 1188 934 1212 ca
954 1177 1153 1227 contagio,
1182 1173 1381 1216 Dinarcho
1404 1178 1471 1220 Or.
1496 1182 1540 1218 in

89 1232 340 1272 Demosthen.
361 1245 396 1282 p.
411 1233 485 1273 96.
506 1237 544 1269 et
559 1232 661 1272 101.
682 1230 823 1279 indice,
843 1232 957 1280 inque
976 1232 1111 1282 primis
1132 1235 1363 1282 orationum,
1382 1247 1475 1286 quas
1496 1239 1538 1275 in

91 1292 219 1340 plures
239 1291 304 1327 ille
327 1290 533 1339 peroravit,
562 1288 685 1325 titulis
705 1286 796 1342 περὶ
814 1289 898 1328 τῶν
910 1282 1164 1342 Ἁρπαλείων
1188 1289 1290 1341 apud
1311 1288 1478 1343 Dionys.
1498 1295 1541 1331 in

90 1345 289 1387 Dinarcho
319 1358 356 1394 p.
378 1347 479 1386 116.
506 1344 644 1383 Wssss.

203 1402 310 1444 245.
335 1402 408 1444 84.
438 1396 542 1440 ‘1376
569 1394 846 1453 Θιζιιβρωνος]
876 1398 965 1440 Non
985 1399 1194 1441 absurdum
1217 1414 1300 1441 esse
1322 1401 1541 1458 Θίβρωνος

90 1459 259 1499 vidimus
279 1457 330 1496 ad
359 1458 403 1498 L.
419 1456 528 1498 XIV.
552 1458 625 1497 36.
669 1457 782 1496 Illum
810 1470 902 1495 vero
925 1448 1270 1497 Lacedaemonium
1299 1463 1404 1498 necis
1437 1461 1540 1500 Har-

91 1517 171 1567 pali
189 1517 308 1554 fuisse
326 1520 520 1552 auctorem
547 1512 733 1562 repetitur
750 1514 852 1551 infra
870 1512 915 1552 L.
934 1512 1078 1552 XVIII.
1097 1515 1182 1562 19„
1203 1528 1283 1553 non
1303 1516 1540 1557 dissentiam.

92 1573 195 1611 tibus
212 1571 404 1609 Strabone
425 1570 467 1609 L.
486 1567 614 1608 XVII.
632 1583 670 1620 p.
695 1571 831 1611 1194.
850 1568 892 1608 C.
912 1577 950 1608 et
969 1570 1135 1608 Arriano
1158 1574 1199 1610 in
1216 1569 1541 1614 Biblioth.Photii

91 1628 184 1667 Cod.
205 1626 326 1667 XCII.
349 1640 383 1677 p.
403 1629 510 1670 218.
539 1625 683 1667 Confer
700 1632 828 1674 tamen
840 1627 1071 1668 Pausaniam
1088 1626 1132 1666 L.
1148 1626 1197 1667 11.
1212 1629 1286 1669 33.
1306 1629 1462 1670 diversa
1478 1645 1542 1670 re-

89 1686 290 1727 ferentem.
320 1685 456 1724 WESS.
988 1709 990 1711 >

203 1742 312 1787 245.
336 1743 408 1783 87.
437 1737 723 1792 Δημοσθένην
741 1735 810 1779 καὶ
829 1735 1008 1789 ἄλλους]
1032 1738 1241 1779 Adeundus
1262 1747 1322 1779 est
1339 1740 1441 1782 Plut.
1461 1740 1541 1781 De-

91 1798 280 1837 mosthen.
300 1811 335 1848 p.
353 1799 458 1839 857.
472 1797 516 1835 E.
538 1804 575 1833 et
596 1796 643 1834 T.
655 1796 702 1835 11.
716 1808 753 1846 p.
767 1796 870 1838 846.
885 1793 939 1844 C.‚
960 1797 1127 1845 itemque
1137 1796 1349 1836 Pausanias
1369 1800 1440 1837 loe.
1461 1803 1540 1850 cit.‚

93 1855 294 1893 Oratorem
311 1855 510 1892 absolvere
531 1860 714 1903 conatus,
744 1860 782 1890 et
801 1851 932 1890 Schol.
952 1851 1210 1904 Hermogenis
1228 1854 1317 1908 περὶ
1338 1852 1475 1896 Ἰδεῶν
1504 1870 1541 1907 p.

94 1912 200 1951 395.
221 1911 288 1948 ubi
308 1923 426 1960 prave
452 1921 556 1948 nunc
585 1905 734 1963 γράφει
766 1904 995 1961 ψήφισμα,
1022 1908 1195 1962 ζητῆσαι
1216 1907 1291 1964 τὴν
1317 1909 1360 1959 ἐξ
1381 1909 1542 1968 ,Ἀρείου

93 1963 226 2021 πάγου
248 1963 500 2017 μεταβολὴν,
527 1968 613 2004 loeo
633 1961 803 2018 βουλήν.
827 1965 963 2003 WESS.

207 2024 315 2064 245.
337 2024 408 2064 89.
436 2019 652 2076 Ἕκήρυξεν
672 2020 714 2061 ἒν
731 2018 955 2077 Ὀλυμπίᾳ]
973 2020 1077 2060 Ηίηο
1097 2020 1230 2061 hausit
1250 2020 1407 2062 Curtius
1427 2024 1470 2065 L.
1485 2023 1540 2065 X.

92 2082 137 2121 2.
158 2076 201 2120 4.
237 2078 315 2116 Res
341 2085 469 2116 tamen
499 2081 582 2130 ipsa
612 2079 777 2130 contigit
809 2080 956 2127 serius3
1002 2090 1126 2129 neque
1146 2082 1250 2119 enim
1271 2084 1543 2119 cummaxime

93 2137 274 2187 Olympia
293 2136 516 2187 agebantur.
551 2136 704 2186 Inspice
726 2134 769 2172 L.
787 2133 931 2172 XVIII.
953 2137 994 2176 8.
1023 2142 1062 2173 et
1090 2137 1223 2175 statim
1247 2138 1557 2187 animadvertes‚.

93 2189 284 2245 ἐκήρυξεν
307 2192 531 2230 tantundem
550 2191 614 2230 hic
631 2193 762 2230 valere
779 2204 824 2228 ao
842 2186 1054 2243 κηρύττειν
1074 2190 1270 2241 ἐκέλευσε,
1299 2194 1401 2243 quod
1426 2196 1545 2233 mini-

93 2263 154 2288 me
176 2251 277 2300 fugit
296 2247 594 2286 eruditissimum
614 2248 657 2286 P.
675 2247 840 2286 Fabrum
855 2247 1031 2299 Agonist.
1054 2247 1097 2285 L.
1122 2248 1239 2290 1.23.
1258 2262 1294 2299 p.
1312 2252 1383 2291 80.
1403 2251 1542 2289 x»vassu

207 2306 314 2345 246.
348 2305 422 2345 95.
461 2302 610 2356 Rom-<1¹2
633 2303 827 2344 λείποντα
850 2307 934 2344 τῶν
957 2303 1117 2357 μυρίων
1145 2307 1236 2345 ταλ.
1265 2305 1450 2360 διέλυσε]
1485 2306 1544 2345 De

97 2362 273 2398 dissensu
305 2362 346 2398 in
373 2362 606 2399 talentorum
624 2372 784 2399 numero
814 2362 915 2398 inter
941 2362 1151 2412 scriptores
1172 2365 1250 2403 viri
1270 2363 1375 2403 docti
1395 2364 1545 2402 abunde

98 2418 147 2457 ad
167 2417 272 2455 Curt.
296 2416 339 2454 L.
360 2416 415 2454 X.
434 2419 475 2458 2.
504 2419 574 2459 10.
597 2423 772 2468 egerunt.
795 2416 930 2455 IVESS.

209 2475 317 2515 246.
351 2475 422 2514 10.
469 2470 649 2514 Κόϊντον
667 2471 901 2523 Ποπίλιον]
945 2472 1021 2512 Pro
1047 2474 1255 2516 Ποπίλιον
1277 2476 1401 2513 scribe
1425 2476 1547 2516 Hev-

97 2528 278 2581 βλίλιον,
309 2537 352 2567 ut
375 2532 415 2567 in
436 2530 546 2568 Livio
567 2537 624 2567 est
644 2537 682 2567 et
698 2528 938 2578 Capitolinis.
976 2527 1114 2570 Rnon.
1149 2532 1286 2570 Verius
1309 2535 1466 2569 omuino
1488 2540 1546 2570 est

98 2585 332 2627 Ποπλιλιόυ
361 2593 428 2623 aut
449 2585 707 2636 Πουβλιλιόυ
736 2599 889 2624 nomen.
941 2584 1064 2625 Credo
1094 2587 1269 2625 etiamid
1290 2587 1460 2636 dedisse,
1485 2596 1545 2626 at-

99 2654 172 2693 que
194 2656 216 2680 a
239 2642 420 2689 librariis,
450 2655 560 2690 saepe
582 2642 624 2678 in
644 2641 795 2679 Latinis
814 2640 1006 2680 offendere
1027 2643 1222 2691 adsuetis,
1249 2643 1369 2681 fuisse
1388 2658 1548 2683 conmu-

100 2706 237 2746 tatum,
263 2699 321 2736 uti
339 2705 377 2735 et
397 2699 440 2736 L.
460 2698 566 2736 XVI·
590 2698 666 2738 92.
698 2697 790 2735 Mox
801 2701 1121 2748 praepositionem
1141 2700 1197 2747 εἷς
1211 2701 1363 2737 uncinis
1385 2703 1547 2738 circum-

104 2754 205 2801 dedi,
229 2758 367 2805 quippe
388 2755 638 2805 inprudenter
661 2766 709 2791 ex
729 2754 976 2804 sequentibus
996 2755 1070 2794 huc
1088 2757 1291 2809 ingestam.
1321 2757 1470 2807 Wssss.2
1488 2756 1548 2795 De

102 2809 272 2849 Publilio
290 2813 438 2850 monuit
456 2813 570 2850 etiam
590 2810 749 2862 Pighius
767 2823 803 2860 p.
826 2810 932 2853 338.
