1859 3326
289 183 445 217 XLVIII
602 180 1022 213 WESSELINGII
1067 178 1439 212 PRAEFATIO.

285 294 357 319 nus
386 293 420 327 p.
443 280 478 315 9.
511 276 560 314 Ut
589 277 777 312 lectoribus
809 274 1025 311 aestimandi
1048 273 1189 319 copiam
1215 274 1376 310 carrera
1401 277 1488 311 dare
1512 282 1644 322 posset,
1675 287 1748 321 qna

289 337 503 374 auctoritate
533 335 654 383 fretas
688 334 852 379 plurima
882 333 1049 367 inaudita
1084 332 1232 366 eruditis
1266 334 1405 377 tradat,
1455 333 1613 368 Diodori
1650 334 1749 368 illias

289 396 475 441 Epistolas
501 393 544 426 ab
568 392 800 438 Archangelo
826 389 953 424 Italice
976 401 1098 423 versas
1122 390 1256 424 adiecit
1283 391 1383 436 operi
1412 403 1500 427 suo:
1538 393 1633 437 quod
1656 403 1751 437 „sane

289 457 390 489 docet
423 453 514 486 bona
538 451 617 496 fide
644 449 838 483 Carreram
864 447 918 481 his
941 447 1058 493 fidem
1081 446 1262 491 habuisse,
1309 461 1389 484 eam
1415 462 1432 483 e
1456 461 1496 483 re
1519 460 1586 483 sua
1611 450 1749 483 consal-

289 512 358 546 iias
392 510 495 543 aliter
514 508 654 555 fuisset
684 516 742 539 eas
776 511 918 538 aeterno
942 504 1083 538 silentio
1108 516 1285 549 premere:
1319 506 1631 554 manifestissimas
1659 505 1752 540 enim

280 567 431 618 fraudis
457 572 489 599 et
512 565 657 610 spuriae
681 561 918 609 ignobilitatis
947 568 1048 596 notas
1078 564 1312 609 praeferant,
1352 575 1441 608 quas
1470 564 1528 598 hie
1557 565 1665 609 longo
1694 575 1751 597 or-

290 628 371 661 dine
397 633 570 668 exponere
595 621 688 655 nihil
711 620 855 662 attinet,
890 631 970 654 cum
993 631 1095 654 nemo
1119 619 1354 655 hamanitatis
1383 627 1417 656 et
1440 622 1642 668 elegantiae
1664 626 1754 655 vete-

291 685 342 719 ris
377 680 553 716 studiosus
584 690 654 712 non
685 677 806 712 statim
834 688 892 711 eas
921 677 1181 722 deprehendere
1212 684 1330 722 queat.
1375 678 1554 723 Lepidam
1578 690 1662 713 vero
1691 684 1754 721 est,

293 741 389 787 qnod
418 736 622 781 suspicatur
659 748 731 770 non
766 734 923 769 Diodori
956 735 1071 770 Siculi
1096 747 1187 779 esse,
1228 736 1292 769 sed
1312 736 1413 783 sorte
1437 737 1632 772 Theocriti
1659 736 1755 779 Chii,

292 800 378 846 qnia
403 795 532 829 Snidas
557 793 632 827 eius
657 793 845 827 historiam
868 792 1043 839 Libycam
1072 797 1204 838 (quam
1231 793 1312 827 belli
1336 794 1430 828 inter
1452 793 1606 840 Libycos
1632 799 1666 827 et
1684 792 1752 827 Ga-

292 865 454 892 tanenses
477 850 574 897 gesti
596 862 669 885 esse
694 850 826 895 credit)
854 858 890 885 et
912 851 1096 895 Epistulas
1122 851 1352 885 admirabiles
1377 858 1572 886 memorat:
1607 851 1754 898 infirmo

293 922 385 951 certe
415 915 648 956 argumento,
685 919 766 942 cum
790 909 874 941 illae
899 909 1087 953 Epistolae
1114 909 1318 955 θαυμάσιαι
1342 908 1532 944 videantur
1559 920 1753 955 argumen-

293 981 329 1009 ta
352 980 473 1006 reram
497 966 758 1001 incredibilium
783 965 967 1009 habuisse,
1002 974 1044 1001 ut
1064 979 1103 1001 eo
1128 967 1230 1001 titulo
1255 969 1330 1013 περὶ
1353 970 1565 1012 θαυμασίων
1585 966 1754 1012 Phlegon

293 1032 422 1065 libram
446 1023 641 1069 inscripsit,
669 1035 771 1068 quem
795 1024 834 1058 in
857 1035 997 1058 sensam
1022 1025 1054 1059 si
1080 1025 1158 1069 qais
1182 1023 1267 1058 velit
1287 1025 1370 1057 illas
1392 1024 1578 1068 Epistolas
1602 1024 1757 1071 referre,

288 1100 356 1135 per
383 1097 436 1120 me
461 1084 551 1118 licet.
605 1082 676 1115 Sed
697 1081 729 1115 si
753 1081 834 1127 ipsa
861 1081 1167 1127 ineptissimarum
1189 1080 1441 1124 Epistolaram
1466 1082 1567 1115 lectio
1593 1092 1652 1114 eas
1677 1080 1757 1128 fal-

292 1144 409 1181 sitatis
434 1153 505 1176 non
536 1140 656 1174 statim
690 1140 898 1182 damnaret,
944 1151 1072 1184 quaeso
1100 1138 1217 1172 videat
1243 1150 1290 1172 an
1321 1138 1505 1172 Theocriti
1541 1137 1625 1172 Chii
1659 1149 1758 1182 aevo,

294 1203 357 1249 qui
382 1198 542 1245 aequalis
562 1197 747 1231 Aristoteli
771 1204 805 1231 et
831 1196 1058 1241 Theopompo
1084 1202 1243 1240 tempore
1267 1195 1471 1230 Alexandri
1493 1196 1603 1240 vixit,
1635 1202 1676 1230 ut
1697 1207 1759 1242 ap-

291 1266 400 1307 paret
424 1270 468 1292 ex
490 1256 672 1290 Athenaeo
700 1255 758 1289 lib.
782 1254 874 1291 XII.
903 1266 982 1300 cap.
1006 1256 1060 1295 9.,
1100 1253 1290 1288 conveniat
1312 1253 1511 1288 Marcellus
1542 1259 1577 1288 et
1607 1253 1758 1288 Laelius

298 1319 461 1354 Metellus
500 1313 738 1361 (ignorabilis
771 1312 899 1357 homo)
936 1322 1087 1356 qaorum
1120 1311 1308 1355 Epistolas
1346 1311 1454 1346 etiam
1488 1311 1548 1346 hic
1576 1311 1758 1357 producit„

299 1377 401 1410 Certe
415 1373 629 1407 Marcellam
656 1378 724 1405 toto
748 1372 877 1413 seculo,
905 1370 1113 1403 Alexandro
1139 1369 1316 1403 iuniorem
1329 1369 1453 1417 fuisse
1479 1375 1628 1404 constat.
1668 1372 1760 1405 Cae-

295 1441 419 1469 terum
450 1442 532 1465 cum
559 1430 753 1474 Epistulae
779 1430 890 1470 illac,
921 1428 1201 1473 qualescunque
1230 1429 1326 1471 sint,
1354 1428 1494 1462 Latine
1520 1439 1593 1462 non
1621 1429 1694 1461 nisi
1720 1429 1760 1461 in

295 1501 434 1536 magno
459 1490 523 1522 illo
551 1493 589 1521 ct
613 1488 866 1520 sumtuosiore
893 1497 1008 1531 opere
1035 1487 1156 1520 semel
1179 1487 1359 1531 vulgatae
1386 1487 1644 1531 reperiantur,
1681 1486 1760 1520 exi·

298 1549 471 1589 sfirmavi,
507 1557 566 1580 me
600 1556 680 1579 rem
708 1556 781 1579 non
809 1546 996 1588 ingratam
1021 1544 1208 1577 facturum
1236 1545 1418 1578 studiosis
1445 1543 1681 1586 hominibus,
1727 1543 1762 1576 si

301 1619 366 1643 eas
390 1606 459 1640 hoc
483 1606 585 1646 loco,
615 1608 657 1636 ut
679 1604 826 1647 possint
851 1602 897 1635 de
923 1602 998 1634 illis
1021 1603 1093 1646 ipsi
1119 1613 1186 1636 suo
1213 1606 1334 1636 marte
1361 1601 1463 1636 ferre
1488 1602 1680 1643 iudicium,
1707 1602 1762 1634 in-

299 1672 431 1709 tegras
457 1662 718 1697 exhiberem.“
767 1660 962 1693 Hactenus
986 1658 1185 1697 Fabricius.
1214 1661 1297 1704 Ego
1321 1670 1413 1693 vero
1437 1663 1656 1694 recentatas
1691 1657 1762 1692 hoe

296 1724 401 1757 volui
430 1722 534 1761 loeo,
565 1730 612 1753 ne
639 1720 722 1764 quis
747 1719 1039 1762 praetermissas
1065 1719 1256 1751 criminari
1288 1722 1429 1762 posset.
1476 1717 1609 1753 Recidi
1634 1720 1763 1750 tamen

302 1784 412 1813 notas
455 1788 606 1819 omnes,
660 1776 795 1822 quibus
837 1787 902 1810 eas
944 1778 1180 1810 instruxerat
1210 1775 1254 1809 Ρ.
1281 1774 1461 1809 Garrera:
1506 1785 1629 1820 neque
1662 1775 1764 1808 enim

301 1838 400 1871 tanti
426 1839 557 1876 erant,
599 1838 638 1867 et
664 1835 694 1866 si
723 1834 785 1877 qui
820 1845 950 1867 earum
986 1834 1162 1879 cupidine
1198 1832 1382 1876 ducatur,
1424 1834 1548 1868 facilis
1581 1833 1765 1866 decursus

304 1895 379 1928 erit
404 1894 452 1926 ad
478 1892 594 1925 Thes.
618 1893 743 1936 Antiq.
770 1891 872 1926 sicil.
897 1893 940 1928 T.
964 1892 1031 1934 X„
1059 1892 1124 1925 ubi
1150 1890 1288 1925 Latine
1313 1891 1359 1925 ab
1380 1890 1468 1924 Abr.
1487 1890 1664 1936 Preigero
1683 1900 1766 1923 ver-

305 1964 393 1993 sae,
427 1963 460 1996 p.
485 1951 578 1985 394.
605 1955 644 1983 et
666 1960 745 1993 seq.
781 1950 1070 1995 descriptamque
1103 1949 1295 1994 leguntur,
1341 1947 1555 1993 (Epistulae
1577 1948 1691 1992 ipsae,
1724 1947 1766 1980 de

303 2020 458 2054 quaram
485 2019 564 2043 enm
589 2006 819 2041 Phalarideis
845 2005 1089 2041 convenientia
1113 2017 1146 2043 v.
1178 2004 1411 2041 Valckenarii
1445 2006 1496 2042 ad
1521 2004 1765 2042 Phalarideas

301 2068 442 2112 praefi,
469 2066 513 2101 ab
540 2064 691 2100 editione
714 2064 898 2110 Lipsiensi
919 2065 1085 2099 exclusae
1107 2068 1216 2107 sunt.)

686 2282 1384 2333 EXCERPTA

1006 2386 1066 2411 Ex

435 2447 520 2486 10.
564 2444 1171 2485 CHRISTOPHORI
1212 2456 1278 2482 Dr:
1316 2442 1637 2491 10RDAN,

365 2521 582 2546 REGINAE
618 2521 763 2545 fluxo.
795 2521 854 2545 ET
891 2522 998 2547 Bou.
1031 2519 1345 2545 CONSILIARII
1378 2518 1551 2542 AULlcl
1584 2518 1711 2550 Bou„

307 2592 562 2627 APPARATU
589 2590 981 2626 CHRONOLOGtco
1007 2591 1059 2625 ΙΝ
1085 2590 1208 2625 OPUS
1233 2589 1301 2623 DE
1334 2587 1619 2623 ORIGINIBUS
1654 2587 1769 2622 SLA-

337 2650 476 2691 vulis,
505 2648 753 2682 SEC'l'lONE
779 2649 825 2682 V.
846 2648 913 2682 DE
942 2648 1305 2682 CHRONOLOGIA
1330 2646 1541 2681 DIODORI
1567 2645 1739 2681 SICULI.

310 2760 457 2793 CXXX.
505 2747 575 2795 Ex
600 2761 769 2795 Diodoro
794 2759 920 2795 Siculo
945 2761 1026 2796 Lib.
1048 2761 1074 2794 1.
1107 2762 1146 2794 in
1179 2760 1341 2805 praefat.
1377 2769 1457 2803 cap.
1483 2757 1520 2794 4.
1579 2756 1625 2792 In
1657 2756 1769 2791 tribas

312 2819 463 2852 tandem
499 2823 537 2853 et
572 2820 705 2864 viginti
736 2819 843 2853 libris
872 2830 935 2854 res
962 2819 1128 2865 reliquas
1163 2819 1251 2853 inde
1285 2821 1438 2853 cunetas
1471 2815 1684 2862 digessimus
1715 2825 1771 2847 ns-

1852 3161 1859 3204 Ἰ

1852 3210 1854 3224 λ

1852 3226 1854 3235 .
