1859 3326
289 231 361 261 XII
864 227 1176 260 STEPHANI

287 327 383 360 duos
408 326 526 361 libros
554 327 695 361 divisus
721 336 806 360 esse
832 320 1032 358 scribatur.
1077 324 1190 359 Volui
1208 330 1344 361 ‘autem
1368 324 1469 359 hunc
1491 335 1745 372 errorem-pa-

286 384 477 424 tefacere,
509 389 665 430 propter
693 395 758 418 eos
785 384 899 416 etiam
930 383 990 427 qui
1017 381 1213 416 clamitant
1247 384 1388 417 bellum
1423 382 1523 416 hunc
1555 385 1748 429 interpre-

286 447 363 476 tem
388 443 522 475 librum
559 446 707 474 sextum
738 440 936 480 habuisse,
977 440 1039 483 qui
1066 443 1192 473 tamen
1225 442 1263 474 in
1298 442 1345 474 iis
1379 451 1475 486 quae
1510 445 1623 475 notae
1657 445 1746 474 sunt

285 500 526 534 bibliothecis
551 499 800 533 desideretur.
852 496 960 536 Quod
986 497 1017 528 si
1044 498 1126 540 quis
1153 498 1279 542 aliqua
1306 507 1352 531 ex
1378 508 1468 532 vere
1503 502 1612 532 sexto
1644 499 1743 532 libro

284 558 416 601 legere
432 559 544 601 cupit,
571 555 685 588 habet
709 554 806 598 apud
822 554 1027 587 Eusebium
1051 555 1172 587 locum
1191 555 1278 588 inde
1298 555 1573 599 depromptum,
1599 556 1743 599 Evang.

284 616 419 659 praep,
448 615 511 649 lib.
537 615 582 653 2,
609 623 693 656 pag.
714 612 765 646 38
796 612 974 645 editionis
1000 613 1120 656 patris
1145 613 1239 653 mei,
1286 621 1397 656 quem
1424 616 1464 646 et
1484 614 1523 645 in
1549 613 1652 647 calce
1679 611 1745 646 hu·

284 674 345 706 ius
372 673 496 716 operis
522 671 701 702 inveniet.

374 729 574 761 Librorum
598 725 756 759 Diodori
781 727 946 760 omniu-m
971 727 1120 772 quidem
1148 726 1260 760 simul
1284 726 1417 760 titulus
1444 730 1503 761 est
1527 727 1560 760 is
1595 726 1642 761 de
1669 737 1743 772 quo

283 787 397 830 paulo
421 791 509 818 ante
534 784 673 817 dictum
701 787 780 824 est,
816 784 1011 818 Histoi-ica
1033 784 1284 818 bibliotheca:
1323 784 1391 818 sed
1414 785 1595 830 quosdam
1623 796 1671 819 ex
1695 786 1743 819 iis

284 843 495 887 peculiares
517 842 782 884 inscriptiones
808 840 1008 884 habuisse,
1040 853 1086 875 ex
1110 853 1154 876 eo
1181 844 1370 876 coniicere
1395 852 1609 885 possumus,
1642 843 1743 887 quod

281 902 444 944 ipsemet
478 899 614 931 librum
652 900 822 942 quintum
855 900 1060 942 νησιωτικὴν
1093 901 1215 944 βίβλον
1254 900 1460 942 inscribat,
1503 900 1540 932 id
1574 904 1655 941 est,
1693 900 1742 934 ad

282 958 458 997 verbum,
501 954 706 988 Iusulcsrem
730 954 879 996 librum,
914 957 1011 1000 quod
1036 958 1216 990 videlicet
1241 959 1279 990 in
1315 968 1360 991 eo
1395 957 1441 990 de
1475 959 1609 991 insulis
1641 963 1742 1002 agat.

280 1017 400 1059 Atque
429 1013 500 1046 hoc
525 1014 730 1056 diligenter
754 1014 958 1046 notandum
987 1021 1064 1056 est,
1109 1026 1155 1048 ne
1191 1016 1222 1047 si
1257 1014 1466 1047 incidamus
1504 1016 1541 1047 in
1575 1016 1741 1060 aliquem

281 1072 479 1105 authorem
519 1072 579 1115 qui
610 1069 811 1112 νησιωτικὴν
841 1073 963 1114 βίβλον
1000 1073 1080 1104 eius
1115 1074 1226 1113 citet,
1268 1083 1353 1105 eum
1389 1082 1475 1105 esse
1510 1072 1555 1105 de
1583 1083 1741 1107 numero

246 1164 249 1166 ,
278 1131 459 1163 librorum
488 1129 703 1161 Histoi-icae
728 1127 981 1161 bibliothecae
1008 1129 1229 1164 inficiemur.

370 1176 640 1230 Argumentum
671 1185 780 1217 huius
814 1187 939 1228 operis
964 1187 1001 1218 in
1030 1196 1172 1228 genere
1210 1186 1359 1230 quidem
1393 1187 1473 1230 ipse
1511 1188 1642 1221 titulus
1677 1188 1740 1222 de-

279 1245 418 1278 clarat:
444 1244 512 1277 sed
536 1243 791 1287 particulatim
817 1242 862 1274 ab
888 1243 969 1285 ipso
994 1242 1154 1277 authore
1180 1245 1392 1286 exponitur,
1428 1245 1464 1276 in
1488 1243 1563 1277 fine
1582 1255 1667 1288 pag.
1689 1245 1739 1286 3.,

276 1304 340 1336 ubi
372 1303 521 1342 scribit,
567 1300 631 1333 Ex
661 1299 759 1332 libris
793 1298 921 1331 nostris
949 1299 1063 1342 primi
1094 1299 1232 1342 quidem
1266 1310 1330 1334 sem
1363 1302 1646 1344 complectantur
1681 1313 1738 1336 res

279 1366 360 1394 aule
389 1357 540 1392 Troiani
564 1357 644 1390 hem
672 1363 831 1399 tempora
856 1361 999 1401 gestas,
1035 1362 1068 1389 et
1093 1367 1134 1389 ea,
1169 1369 1260 1401 quae
1283 1358 1425 1404 fabulis
1458 1359 1590 1391 tradita
1623 1360 1664 1391 de
1697 1371 1736 1392 eo

276 1419 394 1452 seculo
410 1417 578 1464 ficerunt,
613 1419 715 1457 atque
748 1413 875 1446 hortem
900 1419 969 1446 cres
990 1413 1132 1457 priores
1156 1415 1385 1458 antiquitates
1410 1415 1631 1457 barbaricas,
1666 1422 1736 1450 tres

272 1475 490 1520 posteriores
523 1473 682 1505 Graecas
706 1471 791 1517 sere
816 1472 1110 1513 complectuntur.
1160 1471 1330 1506 Undecim
1366 1479 1481 1506 autem
1515 1474 1736 1516 sequentibus

278 1546 300 1568 a
329 1532 486 1566 Troiano
512 1530 601 1563 bello
627 1528 889 1562 nniversizatem
921 1539 1042 1562 rernm
1073 1535 1278 1574 gestarum,
1320 1541 1433 1572 usque
1459 1531 1507 1562 ad
1534 1530 1738 1563 Alexandri

277 1597 443 1631 mortem,
478 1587 669 1621 memoriae
688 1586 924 1631 prodidimus,
973 1585 1018 1619 In
1042 1586 1107 1628 iis,
1143 1587 1203 1629 qni
1224 1594 1429 1630 supersunt,
1460 1587 1592 1631 viginti
1622 1588 1734 1621 tribus

276 1648 417 1691 reliqua
444 1645 564 1680 omnia
595 1651 699 1689 gesta
732 1642 1002 1684 collocavimus,
1045 1655 1155 1686 ‘usque
1190 1646 1238 1677 ad
1271 1645 1415 1678 initiam
1448 1645 1528 1678 belli
1559 1645 1733 1679 Romanis

277 1706 446 1738 adversus
477 1702 592 1735 Celtas
622 1702 748 1734 exorti.
794 1703 901 1734 Haec
929 1702 1006 1735 ille.
1051 1703 1122 1742 Qui
1159 1708 1287 1736 autem
1323 1704 1443 1747 magis
1478 1704 1734 1746 particulatim

275 1763 509 1806 singulorum
535 1760 716 1793 librorum
742 1764 1006 1803 argumentum
1030 1771 1142 1793 nosse
1169 1761 1294 1802 volet,
1329 1761 1499 1805 praelixa
1523 1761 1628 1805 legat
1653 1763 1733 1794 uni—

276 1822 409 1864 cuique
437 1829 566 1852 eorum
591 1817 771 1862 κεφάλαια.

369 1877 427 1910 De
461 1877 642 1918 temporis
677 1878 805 1906 autem
838 1875 1075 1918 longitudine
1120 1874 1219 1919 quod
1255 1878 1335 1908 toto
1371 1885 1439 1907 suo
1471 1876 1733 1919 mmplectitur

277 1944 413 1979 opere,
447 1933 558 1976 paulo
586 1937 670 1975 post
695 1933 775 1974 ipse
803 1926 995 1971 scribens,
1033 1933 1089 1963 ait
1115 1943 1155 1964 se
1189 1931 1226 1964 id
1264 1932 1413 1976 quidem
1448 1936 1596 1976 tempus
1631 1933 1732 1978 quod

272 1992 414 2025 bellum
440 1991 645 2022 Troianum
673 1990 899 2029 antecessit,
929 1993 1033 2021 certo
1061 1991 1182 2032 spatio
1211 2001 1282 2022 non
1306 1989 1485 2022 definire:
1510 1991 1578 2022 scd
1598 2000 1620 2023 a
1638 1991 1731 2024 Tro-

274 2051 361 2082 iano
389 2048 488 2081 bello
522 2045 810 2092 (Apollodorum
836 2045 1104 2079 Atheniensem
1131 2046 1348 2090 sequendo)
1379 2047 1585 2090 nonaginta
1609 2058 1729 2082 annos

272 2115 391 2149 usque
417 2105 466 2137 ad
490 2103 779 2136 Heraclidarum
806 2104 967 2136 reditum
995 2108 1183 2135 statuere:
1221 2103 1267 2135 ab
1290 2102 1361 2135 hoc
1385 2110 1510 2137 autem
1537 2116 1655 2150 usque
1678 2107 1729 2140 ad

271 2164 433 2207 primam
465 2160 718 2204 olympiadem
750 2164 943 2193 trecentos
977 2161 1110 2203 viginti
1146 2164 1252 2200 octo,
1288 2170 1311 2193 a
1337 2160 1728 2197 Lacedaemoniorum

271 2221 427 2264 'regibus
456 2223 629 2260 tempora
661 2217 922 2260 computando.
979 2215 1176 2250 Postremo
1211 2228 1232 2249 a
1266 2219 1387 2261 prima
1418 2220 1632 2263 olympiade
1667 2232 1727 2255 us-

273 2288 345 2321 que
372 2276 419 2308 ad
446 2275 577 2308 Celtici
604 2275 694 2306 belli
719 2275 865 2306 initium
900 2277 996 2317 (quo
1024 2284 1129 2306 suam
1157 2273 1351 2307 historiam
1389 2276 1547 2319 clausit)
1586 2280 1726 2322 septin-

271 2338 408 2377 gentos
435 2333 591 2375 triginta
615 2341 744 2363 annos.
792 2331 895 2364 Adeo
925 2335 966 2362 ut
989 2331 1207 2363 universum
1235 2342 1346 2375 opus,
1374 2334 1473 2377 quod
1503 2335 1727 2379 quadragin-

269 2396 311 2423 ta
334 2390 451 2422 libros
479 2388 612 2429 habet,
639 2389 801 2432 spatium
828 2398 1010 2420 annorum
1036 2388 1137 2421 mille
1163 2394 1311 2421 centum
1337 2392 1494 2435 triginta
1519 2397 1602 2425 octo
1628 2404 1726 2426 com-

269 2448 480 2492 plectatur,
518 2447 631 2478 etiam
657 2449 826 2489 tempore
854 2455 979 2479 rerum
1007 2450 1094 2479 ante
1122 2447 1329 2481 Troianum
1353 2448 1494 2482 bellum
1528 2455 1724 2493 gestarum

270 2508 441 2547 excepto.

360 2563 559 2594 Caeterum
581 2560 627 2592 ad
647 2561 900 2593 universalem
921 2559 1117 2594 historiam
1139 2563 1175 2593 in
1201 2573 1315 2595 unum
1341 2574 1434 2607 opus
1457 2564 1723 2598 includendam

269 2630 311 2652 se
338 2618 528 2652 desiderio
559 2618 806 2650 iuvandorum
841 2619 1025 2651 lectorum
1059 2620 1282 2662 impulsum,
1326 2624 1364 2653 et
1400 2632 1469 2654 nec
1500 2621 1641 2653 laboris
1673 2622 1723 2655 ad

267 2677 307 2710 id
340 2675 546 2709 necessarii
579 2676 860 2718 magnitudine,
899 2686 968 2708 nec
1002 2678 1182 2720 temporis
1217 2678 1453 2721 longitudine
1495 2678 1721 2712 deterritum

268 2733 409 2773 fuisse,
446 2733 484 2764 in
509 2734 704 2774 prooemio
734 2743 802 2765 suo
834 2737 1008 2766 testatur.
1041 2735 1104 2766 ubi
1131 2736 1244 2767 etiam
1274 2737 1347 2776 ait,
1384 2734 1494 2768 facile
1530 2738 1569 2768 ct
1599 2745 1720 2779 prom-

267 2795 369 2834 ptum
398 2790 569 2822 omnibus
594 2790 675 2823 fore
706 2800 751 2823 ex
781 2790 964 2823 eiusmodi
990 2802 1119 2834 opere,
1144 2796 1322 2836 tanquam
1348 2802 1394 2825 ex
1420 2793 1611 2825 uberrimo
1640 2792 1719 2826 fon-

269 2855 328 2891 te,
358 2858 454 2892 quae
479 2846 527 2880 ad
551 2858 657 2881 suum
684 2848 897 2881 institutum
925 2851 1118 2892 pertinent
1145 2848 1317 2883 haurire:
1350 2854 1481 2883 contra
1505 2860 1597 2883 vero
1621 2851 1720 2883 evol—
