1859 3326
275 203 306 231 11
683 194 907 226 POGG11
954 191 1318 224 PRAEFATIO.

276 298 323 330 tis
350 299 413 328 tua
438 292 606 339 probitas
631 301 674 326 ac
700 292 820 324 virtus
842 289 991 325 laudari
1015 292 1161 334 potest,
1197 298 1293 333 quae
1319 297 1432 331 quum
1456 297 1606 320 omnem
1632 290 1721 321 ante

274 361 394 387 actam
429 352 544 387 vitam
576 351 692 383 variis
724 348 932 390 disciplinis
962 346 1211 390 impenderit,
1263 355 1362 378 nunc
1398 349 1438 378 et
1471 345 1592 378 doctis
1620 343 1724 377 favet

273 413 384 452 viris,
423 413 462 442 et
492 418 561 440 sua
590 405 846 440 munificentia
879 404 1046 447 reliquos
1071 402 1120 435 ad
1145 401 1303 435 eandem
1329 402 1465 434 invitat
1487 402 1638 434 virtutis
1663 411 1723 433 ae·

273 469 529 503 mulationem.
577 465 659 507 Ego
685 472 775 495 sane
801 461 906 493 cuius
932 460 1032 493 inter
1051 469 1182 493 omnes
1206 459 1330 492 tenuis
1357 461 1417 492 est
1436 462 1474 491 et
1492 458 1663 492 doctrina
1686 460 1725 503 et

275 525 422 561 dicendi
452 523 632 561 facultas,
670 518 852 563 profiteor
876 527 935 549 me
960 518 1034 549 tuis
1061 515 1388 550 exhortationibus
1416 516 1724 560 liberalitateque

275 583 506 627 compulsum
532 578 729 622 operosius
753 584 861 619 quam
889 578 976 606 ante
1000 572 1189 606 scribendi
1216 572 1341 606 studio
1367 573 1594 606 incubuisse.
1627 573 1724 605 Nam

275 652 384 687 quum
414 640 515 682 prius
536 636 689 668 hortatu
725 635 789 664 tuo
814 630 1102 674 Xenophontem
1128 630 1174 663 de
1203 630 1291 673 Cyri
1324 630 1405 662 vita
1437 630 1566 663 latinis
1596 630 1724 674 legen-

276 700 362 732 dum
389 694 650 730 tradidissem,
690 692 728 721 et
753 687 820 721 hos
845 698 994 732 quoque
1021 697 1089 721 sex
1123 685 1279 720 Diodori
1314 686 1430 720 Siculi
1459 688 1596 729 librOS,
1629 697 1724 732 quos

274 755 467 790 fabulosos
492 751 538 784 ob
565 748 830 791 antiquitatem
855 749 1067 788 temporum
1099 745 1211 787 (nam
1238 747 1326 777 ante
1350 743 1491 777 bellum
1515 746 1722 779 Troianum

275 819 358 846 acta
382 809 598 850 continent)
629 803 854 847 appellavit,
896 802 1118 836 traducendi
1144 813 1278 836 munus
1301 807 1339 836 te
1364 804 1530 836 instante
1563 803 1726 846 suscepi,

273 868 370 902 haud
400 867 552 907 ignarus
580 873 661 896 rem
687 861 780 893 satis
805 860 996 892 difficilem
1024 870 1082 893 me
1113 860 1240 893 subire
1268 863 1306 893 et
1335 861 1538 893 multorum
1572 860 1725 902 exposi-

273 932 348 959 tam
367 907 646 960 obtrectationi,
673 928 769 963 quae
796 918 885 950 licet
908 918 957 950 sit
978 919 1082 961 parvi
1100 917 1209 950 bonis
1228 918 1439 962 pendenda,
1462 921 1590 950 tamen
1610 927 1722 961 quum

273 985 416 1028 priscos
444 980 528 1012 illos
551 987 697 1010 summa
722 976 950 1008 auctoritate
974 976 1079 1008 viros
1104 975 1305 1019 aliquando
1327 975 1607 1015 lacessiverint,
1635 973 1725 1018 quid

275 1041 321 1073 de
348 1038 455 1071 nobis
481 1034 738 1069 extimandum
764 1038 823 1066 est
848 1043 940 1077 quos
966 1043 1039 1065 non
1065 1034 1271 1066 auctoritas
1298 1044 1369 1065 non
1394 1033 1559 1076 dignitas
1584 1034 1744 1067 tuetur„

274 1096 348 1129 Sed
373 1099 438 1126 tuo
465 1091 563 1137 quod
587 1095 646 1124 est
670 1091 1006 1134 exquisitissimum
1035 1090 1306 1134 doctorumque
1341 1090 1479 1122 iudicio
1507 1088 1627 1121 fretus
1654 1087 1725 1121 hoc

274 1163 366 1197 opus
383 1150 526 1184 absolvi
544 1159 626 1182 eam
644 1147 754 1181 miehi
773 1146 1028 1180 transferendi
1054 1147 1179 1190 legem
1205 1147 1408 1179 instituens
1432 1156 1528 1190 quae
1553 1155 1575 1178 a
1600 1156 1659 1179 me
1685 1146 1725 1179 in

272 1206 533 1251 Xenophontis
553 1205 748 1250 prohemio
770 1204 1003 1248 praescripta
1018 1208 1088 1243 est,
1107 1209 1147 1236 ut
1163 1205 1303 1236 omissa
1317 1203 1532 1244 verborum,
1549 1214 1622 1248 qua
1635 1204 1727 1236 mul-

274 1269 300 1300 ti
329 1266 560 1298 Graecorum
579 1266 749 1303 utuntur,
787 1262 947 1305 ambage
966 1263 1167 1294 sententiis
1193 1261 1356 1294 haerens
1383 1264 1550 1294 nostrum
1576 1261 1726 1294 dicendi

273 1333 416 1357 morem
444 1320 580 1354 fuerim
609 1319 716 1352 salva
735 1317 810 1351 fide
833 1328 960 1351 rerum
984 1322 1150 1351 Secutus.
1194 1319 1224 1352 A
1248 1319 1454 1351 lectoribus
1478 1330 1570 1352 vero
1594 1324 1637 1352 ut
1660 1329 1724 1352 no-

273 1381 362 1414 stris
388 1379 630 1422 acquiescant
655 1377 772 1419 copiis
796 1375 958 1419 postulo,
982 1385 1104 1420 neque
1132 1376 1232 1409 ultro
1253 1386 1364 1420 quam
1384 1376 1485 1409 vires
1506 1376 1632 1409 forant
1649 1376 1725 1409 exi-

272 1447 364 1482 gere
391 1446 413 1468 a
439 1435 545 1468 nobis
571 1434 702 1466 velint.
749 1431 787 1464 Si
812 1433 895 1476 quis
920 1433 1106 1475 ampliora
1131 1438 1257 1477 petat,
1299 1434 1437 1477 ingrati
1462 1432 1623 1466 hominis
1647 1444 1725 1466 mu-

273 1505 364 1527 nere
393 1492 590 1535 fungetur,
629 1501 702 1524 non
731 1494 931 1523 contentus
958 1489 1016 1522 his
1044 1502 1141 1535 quae
1165 1492 1268 1524 nulla
1302 1501 1385 1523 cum
1420 1491 1591 1533 impensa
1624 1492 1725 1524 ultro

270 1550 420 1585 liberali
447 1560 559 1582 manu
586 1549 842 1591 porriguntur.
888 1546 946 1580 Ne
973 1548 1056 1592 quis
1080 1558 1172 1581 vero
1197 1548 1236 1581 id
1262 1547 1411 1581 inscitia
1435 1548 1574 1581 factum
1606 1553 1728 1592 putet,

273 1610 368 1642 sciat
401 1607 572 1640 consulto
607 1615 666 1638 me
698 1604 877 1637 brevitati
910 1605 1168 1638 consulentem
1194 1606 1320 1650 aliqua
1347 1604 1520 1639 omisisse
1547 1615 1642 1650 quae
1670 1615 1726 1638 sa-

272 1668 448 1699 cietatem
479 1664 641 1697 orationi
674 1662 914 1706 peperissent
945 1663 1069 1705 potius
1095 1673 1205 1706 quam
1229 1667 1481 1696 venustatem.
1526 1662 1637 1695 Licet
1662 1673 1724 1695 au-

272 1728 347 1756 tem
371 1723 410 1755 in
435 1722 520 1754 libri
546 1719 751 1763 primordio
774 1719 867 1750 satis
893 1719 939 1751 ab
963 1724 1118 1753 auctore
1146 1720 1192 1753 de
1218 1719 1400 1754 historiae
1421 1721 1587 1753 utilitate
1604 1720 1725 1753 sitex-

271 1780 477 1824 plicatum,
507 1777 602 1810 haec
622 1781 749 1809 tamen
771 1776 1009 1820 antiquitatis
1034 1777 1249 1821 indagatio,
1280 1779 1318 1810 in
1345 1789 1417 1823 qua
1441 1778 1562 1812 omnis
1587 1778 1726 1820 prisca-

271 1848 355 1870 rum
399 1845 525 1869 rerum
570 1843 592 1866 a
631 1835 836 1878 primorum
878 1832 1067 1866 hominum
1104 1845 1223 1878 usque
1262 1835 1309 1868 ad
1344 1835 1484 1868 bellum
1517 1835 1724 1868 Troianum

274 1893 438 1936 cognitio
479 1896 675 1933 versatur,
727 1892 940 1935 praecipuis
984 1895 1042 1924 est
1080 1891 1256 1924 laudibus
1298 1891 1506 1926 efferenda.
1565 1891 1620 1925 Ab
1654 1892 1726 1926 hoc

274 1951 373 1983 enim
395 1948 513 1981 veluti
531 1947 788 1992 hystoriarum
810 1948 914 1981 sonte
936 1949 998 1991 qui
1018 1948 1255 1991 postmodum
1279 1952 1399 1982 secuti
1423 1954 1510 1982 sunt
1532 1951 1568 1982 in
1592 1951 1726 1994 priscis

272 2006 457 2049 hystoriis
485 2005 696 2049 fabulisque
722 2006 967 2038 recensendis
992 2004 1172 2039 hausere:
1211 2007 1312 2041 unde
1336 2008 1384 2041 ad
1407 2012 1580 2041 caeteros
1605 2012 1724 2040 trans-

276 2063 434 2096 fundere
460 2063 644 2095 valerent.
699 2062 802 2105 Opus
827 2061 897 2095 hoc
923 2066 1026 2095 certe
1055 2065 1198 2096 varium
1226 2068 1299 2105 est,
1328 2065 1537 2108 egregium,
1561 2064 1725 2098 luculen—

274 2124 374 2160 tum,
409 2120 548 2152 nostris
580 2128 671 2152 vero
709 2119 804 2152 adeo
829 2119 924 2152 utile
953 2121 1117 2163 cognitu,
1152 2125 1194 2153 ut
1226 2123 1439 2155 existimem
1472 2122 1645 2164 legentes
1677 2131 1724 2154 ex

274 2182 332 2210 tot
363 2186 486 2209 rerum
522 2175 789 2208 excellentium
829 2176 969 2207 noticia
1000 2176 1123 2210 labori
1156 2182 1286 2211 nostro
1321 2180 1481 2222 gratiam
1518 2177 1727 2211 habituros.

276 2233 350 2268 Sed
374 2234 449 2267 iam
474 2233 555 2277 ipse
581 2231 778 2266 Diodorus
798 2233 987 2278 loquatur.
