1875 3310
432 204 721 237 OECONOMIA
758 204 1029 236 HISTORIAE
1067 207 1299 243 monem.
1514 216 1591 245 CCI

113 301 228 335 rebus
254 304 445 345 utcunque
469 302 711 347 compositis,
743 300 886 336 bellum
915 312 1113 337 commune
1131 309 1269 351 parant
1297 306 1335 340 in
1355 307 1592 354 Perdiccam,

112 365 150 392 et
170 360 205 391 in
227 360 351 391 Asiam
374 360 580 401 traiiciunt.
613 370 644 392 c.
664 360 722 395 23.
744 359 802 395 24.
824 361 882 395 25.

201 414 296 447 Αηη.
321 421 354 454 3.
402 418 479 449 lam
502 428 592 450 vero
614 421 762 460 tempus
784 416 932 458 incidit,
967 427 1041 461 quo
1069 416 1180 451 funus
1206 419 1410 456 Alexandri
1445 423 1498 457 M.
1521 425 1590 459 lia-

108 472 249 516 bylone
270 474 538 507 Alexandriam
559 476 595 507 in
615 475 788 518 Aegypto
807 474 1068 508 deducendum
1090 482 1185 513 erat.
1234 478 1366 522 ltaque
1386 481 1422 512 in
1443 481 1589 518 (unieris

108 537 292 576 apparatu
314 532 577 574 describendo,
602 533 707 564 cuius
726 542 852 564 curam
873 532 1105 566 Arrhidaeus
1124 541 1357 579 susceperat,
1383 536 1586 574 historicus

109 595 386 631 commoratur,
411 594 449 623 et
466 591 651 633 tantisper
671 589 854 632 reliquam
875 589 1073 623 historiam
1091 592 1345 636 interrumpit.
1371 603 1400 628 e.
1422 591 1587 635 „QG—228,

199 647 298 679 llinc
324 647 424 680 redit
450 646 498 679 ad
528 646 669 680 bellum
697 647 797 679 inter
818 647 934 680 duces
954 653 1091 685 ortum,
1138 649 1330 682 Eumenes
1354 661 1434 683 cum
1454 653 1588 688 Alceta

109 707 148 737 et
175 703 428 748 Neoptolemo
455 704 502 737 ad
530 704 822 748 Hellespontum
841 705 1041 748 Antipatro
1062 711 1101 739 et
1120 707 1278 740 Cratero
1301 709 1485 751 oppositi3
1516 711 1586 746 sed

107 761 404 805 Neoptolemus,
461 772 690 795 succensens
724 763 903 804 Eumeni,
960 762 1008 796 ad
1037 768 1166 807 partes
1196 765 1383 809 Antipatri
1423 770 1586 803 transit:

108 820 255 864 proelio
280 820 317 852 in
339 819 576 862 Cappadocia
598 825 794 861 conserto,
826 821 1018 854 Eumenes
1043 821 1183 861 victor,
1214 823 1348 855 occisis
1366 825 1523 858 Cratero
1546 829 1586 858 et

107 877 374 920 Neoptolemo.
399 887 430 911 e.
446 879 603 912 29—32.
645 876 845 911 Perdiccas
865 879 944 921 ipse
965 878 1004 910 in
1021 879 1233 922 Aegyptum
1253 884 1393 913 movete
1430 880 1585 916 Itineris

105 934 274 976 bellique
303 935 467 969 soi-tuna.
523 933 728 968 Perdiccae
764 936 904 968 milites
936 936 974 968 in
1002 946 1168 968 summas
1192 939 1389 981 angustias
1418 938 1586 981 adducti,

107 992 293 1024 victoriae
313 996 439 1024 autem
459 992 505 1024 ab
522 992 692 1025 Eumene
717 997 936 1036 reportatae
957 994 1101 1036 ignari,
1128 993 1346 1027 Perdiccam
1367 1006 1436 1040 per
1453 996 1584 1030 sactio-

103 1061 189 1084 nem
210 1061 430 1094 oppressum
459 1049 658 1090 occidunt,
690 1055 728 1083 et
753 1050 802 1083 ad
827 1049 1087 1084 Ptolemaeum
1116 1048 1342 1086 desciscunt.
1388 1052 1584 1088 Summum

102 1108 303 1151 imperium
334 1118 543 1152 regumque
577 1107 734 1140 tutelam
763 1106 929 1151 Pythoni
962 1112 1001 1140 et
1024 1106 1235 1142 Arrhidaeo
1262 1109 1362 1144 ultro
1389 1111 1582 1149 deserunt.

102 1166 276 1206 Attalus,
307 1167 368 1210 qui
391 1165 594 1198 Perdiccae
616 1165 726 1198 classi
746 1169 941 1209 praeerat,
969 1165 1113 1209 Tyrum
1131 1167 1236 1209 petit.
1269 1176 1299 1203 c.
1318 1169 1479 1206 33—-37,

193 1221 290 1254 Dum
314 1223 512 1266 Antipater
529 1223 567 1255 in
588 1224 677 1256 Asia
697 1228 801 1264 erat,
833 1222 1039 1255 Perdiccae
1070 1223 1270 1266 instinctu,
1305 1225 1430 1258 Aetoli
1458 1227 1583 1259 incur·

102 1279 248 1313 sionem
277 1281 313 1313 in
333 1279 572 1314 Thessaliam
592 1280 784 1322 fecerunt,
819 1285 862 1313 ut
881 1291 964 1314 euni
989 1279 1244 1314 retraherent.
1289 1282 1444 1316 Interea
1470 1285 1584 1317 Acar·

107 1347 226 1370 nanes
246 1337 430 1370 invadunt
444 1338 645 1379 Aetoliam,
668 1342 706 1371 et
726 1338 881 1372 Aetolos
902 1342 1042 1382 cogunt
1056 1338 1183 1372 redire
1204 1338 1250 1372 ad
1271 1341 1431 1384 patriam
1453 1340 1584 1374 defen-

97 1395 283 1438 dendam3
317 1406 386 1442 per
407 1405 517 1441 quam
536 1396 774 1429 occasionem
794 1394 1081 1441 Polysperchon
1100 1395 1340 1431 Thessaliam
1363 1403 1579 1444 recuperat.

99 1463 130 1486 c.
148 1455 204 1488 38.

192 1510 234 1542 ln
252 1510 339 1543 Asia
355 1509 588 1544 Arrhidaeus
609 1514 647 1544 et
663 1508 788 1555 Pytho
816 1520 898 1544 cum
919 1510 1073 1554 regibus
1094 1514 1132 1544 et
1152 1512 1322 1546 exercitu
1341 1522 1387 1546 ex
1404 1512 1579 1557 Aegypto

98 1570 136 1603 in
158 1569 306 1614 Syriam
328 1569 574 1602 transierunt.
625 1569 680 1601 Ob
699 1569 917 1612 Eurydicen
944 1569 1148 1613 imperiose
1167 1570 1463 1614 praecipientem
1485 1575 1582 1603 tute·

96 1627 157 1660 lae
187 1637 314 1660 curam
347 1626 559 1670 deponunt3
599 1637 709 1671 quam
736 1627 871 1672 recipit
900 1627 1106 1670 Antipater.
1166 1628 1259 1669 Hic,
1293 1638 1428 1660 novam
1452 1630 1464 1647 ¹
1497 1638 1581 1671 pro-

97 1686 307 1717 vinciarum
335 1684 425 1716 facit
452 1684 774 1720 distributionem,
848 1683 1062 1718 Exhibetur
1085 1685 1199 1718 index
1228 1686 1505 1730 provinciarum
1541 1690 1582 1718 et

103 1753 233 1776 eorum
248 1767 257 1783 ‚
295 1742 428 1787 quibus
458 1743 678 1786 assignatae
698 1743 785 1776 sint.
832 1742 914 1785 Quo
933 1741 1034 1777 facto
1052 1743 1250 1789 Antipater
1268 1753 1382 1788 reges
1400 1744 1438 1776 in
1454 1743 1582 1777 Mace-

99 1801 250 1834 doniam
278 1801 434 1835 reducit.
467 1811 494 1832 e.
514 1803 570 1835 39.

189 1858 419 1901 Antigonus,
452 1857 509 1889 cui
539 1857 633 1901 regii
662 1857 853 1891 exercitus
877 1857 1079 1903 imperium
1108 1856 1265 1903 obtigit,
1300 1857 1511 1892 Eumenem
1538 1858 1580 1892 in

100 1914 340 1958 Cappadocia
360 1915 539 1947 debellat.
573 1926 601 1950 e.
620 1915 782 1952 lio—42.

190 1971 452 2014 Ptolemaeus,
489 1974 679 2006 exstincto
706 1974 910 2015 Perdicca,
946 1973 986 2006 in
1009 1973 1169 2018 imperio
1196 1973 1360 2019 Aegypti
1381 1973 1578 2010 confirma-

96 2032 158 2063 tus
171 2055 181 2072 ,
207 2030 355 2074 Syriam
376 2036 414 2064 et
433 2030 650 2065 Phoenicen
669 2032 706 2064 in
725 2031 907 2065 ditionem
927 2043 1034 2066 suam
1052 2032 1206 2076 redigit.
1244 2043 1275 2066 e.
1289 2034 1347 2072 43.

185 2086 281 2123 Anu.
296 2092 330 2124 4.
354 2087 373 2106 '³

685 2165 852 2214 Olymp.
873 2169 988 2206 CXV.

185 2223 283 2258 Amz.
303 2229 335 2262 1.
361 2226 379 2244 ³*

161 2308 163 2311 .
185 2282 280 2318 Anu.
300 2287 334 2318 2.
380 2283 434 2317 Ab
454 2283 544 2317 Asia
562 2284 693 2327 incipit
709 2284 916 2318 Diodorus.
956 2284 1156 2329 Antigoni,
1182 2286 1282 2319 victo
1302 2284 1488 2328 Eumene,
1515 2295 1580 2320 ex-

92 2339 237 2384 peditio
258 2344 297 2373 et
315 2341 475 2375 victoria
494 2343 534 2375 in
548 2342 720 2376 Alcetam
739 2349 779 2378 et
795 2344 977 2378 Attalum.
1009 2345 1076 2387 ¹Ob
1095 2344 1266 2378 Alcetam
1287 2343 1388 2389 apud
1399 2344 1578 2377 Termes·

187 2506 203 2536 1
227 2496 274 2533 ‘II
289 2500 430 2545 δευτέρα
449 2499 612 2544 διαΐρεσις
627 2501 662 2533 ἓν
689 2502 965 2547 Τριπαραδείσῳ.
1000 2502 1187 2542 Lib.X1X‚
1214 2504 1314 2539 &12-

188 2564 204 2579 *
230 2559 279 2589 De
299 2560 441 2599 lacuna,
476 2570 563 2600 quae
585 2561 767 2591 manifesta
786 2569 856 2598 cst,
889 2561 1108 2603 inspicienda
1131 2569 1227 2597 sunt,
1265 2570 1351 2601 quae
1370 2558 1409 2592 I„
1430 2556 1578 2589 Rhodo-

94 2614 245 2635 mannus
274 2613 307 2635 ct
325 2605 576 2647 Wcsselinjgius
601 2606 645 2637 :ul
672 2605 706 2636 h.
726 2607 748 2637 l.
770 2615 804 2636 ct
822 2606 865 2637 nd
886 2608 992 2638 linem
1011 2608 1133 2650 capitis
1151 2607 1484 2642 57:1‹l21ionucr1mt.
1535 2606 1576 2638 In

98 2652 266 2692 ambiguo
298 2662 371 2681 csse
401 2652 554 2687 videtur.
591 2653 625 2683 iu
654 2664 758 2694 qilam
779 2654 932 2684 maxime
953 2654 1036 2685 libri
1056 2667 1094 2685 ac
1114 2654 1282 2696 temporis
1300 2659 1435 2695 paru-m
1454 2653 1576 2683 lacuna

98 2697 243 2728 incidat.
301 2698 392 2728 Cum
427 2698 586 2741 proxime
616 2698 856 2730 antecedentia
885 2711 967 2731 cum
995 2701 1223 2741 sequentibus
1251 2707 1328 2741 apte
1356 2697 1575 2735 cohaereant,

99 2742 157 2773 hic
188 2741 334 2784 quidem
364 2744 622 2785 W'csseliugins
652 2745 743 2776 nihii
768 2745 909 2786 deesse,
952 2746 1013 2777 sed
1042 2748 1186 2778 lacunae
1206 2747 1325 2776 locum
1344 2752 1421 2774 ante
1442 2745 1575 2785 cap.39

100 2789 354 2832 assignandum
382 2798 494 2834 putat.
561 2792 659 2824 iuter
686 2793 754 2824 alia
780 2801 900 2825 rerum
926 2790 1127 2825 Sicularum
1152 2791 1390 2824 narrationem
1415 2801 1454 2821 ea
1477 2799 1573 2833 palte
