1859 3326
290 226 518 260 CXXXVIII
589 221 878 275 QECONOMIA
912 219 1187 251 HISTORIAE
1227 217 1456 250 DIODORI.

288 328 404 360 venta
427 323 782 358 commemorantur.
841 317 993 358 Herus,
1035 315 1199 357 Osiridis
1221 315 1343 358 iilius,
1379 314 1536 348 ultinius
1570 312 1753 348 Deorum.

292 383 450 427 Cap.25.
1586 413 1595 417 s
1675 415 1678 417 Α

381 437 482 472 Huic
498 437 666 471 Deorum
684 432 867 468 historiae
885 429 1076 464 adduntur
1094 428 1297 463 observata
1311 429 1535 474 singularia:
1575 431 1613 472 a)
1641 438 1756 473 super

293 496 376 531 eius
402 494 547 539 periodi
582 491 836 534 chronologia.
899 488 994 522 Anni
1023 490 1184 532 quatuor
1209 478 1394 520 mensium
1419 486 1537 520 fuisse
1558 486 1755 526 videntur;

289 554 401 588 Hori.
446 551 485 594 b)
520 552 558 584 iu
580 550 690 584 isidis
711 556 844 581 aevum
872 544 1078 589 Gigantum
1105 548 1271 577 aetatem
1295 543 1476 578 incidere.
1505 544 1666 586 Cap,26,
1716 544 1752 586 c)

289 611 331 644 in
354 609 465 644 Isidis
489 608 669 641 honorem
695 604 841 647 recepti
863 612 1009 644 mores,
1042 606 1081 635 et
1100 605 1250 635 erectae
1268 600 1478 634 columnae.
1513 601 1601 643 Cap.
1619 602 1675 637 27.
1711 599 1751 644 d)

292 668 473 702 Coloniae
495 675 541 699 ex
558 666 731 707 Aegypto
749 661 788 694 in
806 660 978 694 diversas
995 657 1097 693 orbis
1112 661 1242 703 partes
1259 657 1444 692 deductae
1461 666 1755 692 commemoran-

289 730 365 761 tur.
410 725 498 767 Cap.
515 723 570 757 28.
597 722 658 757 29.

381 783 428 826 Β)
462 778 659 813 Historiae
685 774 855 809 Deorum
879 772 1053 807 adiunxit
1080 776 1197 805 terrae
1221 770 1335 816 ipsius
1361 771 1653 817 descriptionem,
1683 769 1756 804 hac

291 840 461 874 adhibita
482 834 663 871 formula:
695 832 783 874 „De
811 831 924 864 rebus
940 830 1091 874 quidem
1118 829 1286 863 adDeos
1313 831 1590 872 pertinentibus
1607 832 1753 862 tantum

291 898 407 932 habui
434 894 594 929 referre.
649 890 708 924 De
735 890 893 933 regione
920 892 1047 921 autem
1072 891 1111 920 et
1136 887 1243 929 Nilo,
1276 888 1437 932 aliisque
1466 891 1679 923 memoratu
1704 887 1757 919 di-

291 957 399 1001 gnis,
423 951 573 995 singula
590 959 658 994 per
678 948 801 991 capita
820 945 996 990 persequi
1014 944 1220 978 conabor.“
1278 946 1409 989 Capita
1427 957 1518 980 vero
1538 950 1626 989 sunt
1643 944 1756 978 haec:

383 1014 415 1047 1,
441 1006 599 1053 Aegypti
614 1005 702 1040 situs
722 1015 804 1038 cum
824 1014 846 1037 a
863 1008 971 1048 parte
990 1003 1220 1044 continenti,
1239 1007 1316 1036 tum
1336 1015 1359 1037 a
1376 1005 1490 1046 mari3
1519 1002 1755 1048 magnitudo,

289 1070 459 1105 urbium,
483 1068 670 1105 vicorum,
698 1062 906 1097 incolarum
927 1070 1117 1093 numerus.
1164 1059 1252 1103 Cap.
1269 1062 1326 1096 30.
1349 1063 1407 1097 31.

380 1129 415 1162 2,
441 1121 520 1158 Nili
539 1127 692 1163 natura,
715 1123 972 1161 catarractae‚
996 1118 1162 1160 insulae,
1183 1119 1410 1163 praesertim
1426 1118 1574 1161 Meroe,
1601 1118 1700 1152 ostia
1718 1120 1757 1152 et

290 1184 432 1219 fossae.

383 1247 419 1282 3.
444 1238 566 1275 Delta.
614 1236 703 1280 Cap.
718 1237 782 1272 34:

381 1299 418 1336 4.
440 1292 648 1335 Animalia,
674 1302 769 1338 quae
788 1289 893 1325 Nilus
912 1290 990 1326 alit.
1039 1290 1128 1333 Cap.
1149 1289 1207 1324 35.

381 1358 414 1392 5,
448 1353 526 1388 Nili
549 1349 764 1392 exundatio,
796 1353 835 1382 et
859 1357 975 1390 super
1000 1356 1046 1380 ea
1072 1347 1248 1380 diversae
1267 1332 1575 1389 philosophorum
1603 1348 1753 1380 senten-

293 1416 390 1457 tiae,
417 1423 500 1447 cum
519 1409 774 1455 disputatione
791 1407 838 1441 de
861 1405 938 1439 Nili
956 1404 1135 1439 sontibus.
1182 1404 1449 1449 Cap,35--41,
1703 1404 1709 1412 ¹

901 1506 1065 1541 Sectio
1092 1505 1141 1540 11.

641 1563 843 1613 Aegypti
865 1562 1070 1598 historia
1094 1561 1174 1597 sub
1201 1560 1404 1608 regibus.

382 1639 580 1674 Historiae
596 1637 661 1670 lux
678 1635 791 1680 paulo
808 1632 948 1665 clarior
968 1630 1014 1664 ab
1032 1629 1103 1664 hac
1124 1640 1222 1664 nova
1239 1628 1408 1662 sectione
1431 1628 1571 1661 exoriri
1592 1628 1757 1671 ridetur,

291 1698 510 1744 mythorum
540 1694 637 1727 nube
665 1695 788 1726 minus
818 1690 1033 1724 obscurata.
1088 1688 1181 1721 Eam
1201 1687 1247 1720 ob
1266 1696 1459 1727 caussam,
1491 1685 1683 1719 dividendi
1701 1697 1757 1720 ra-

292 1760 436 1790 tionem
472 1750 775 1798 percommodam
808 1758 893 1781 esse
921 1751 1108 1790 putamus.
1154 1744 1270 1778 Brevi
1301 1744 1586 1777 enumeratione
1613 1753 1757 1785 eorum,

292 1824 390 1859 quae
411 1814 535 1857 priore
552 1810 721 1843 sectione
743 1810 964 1850 persecutus
982 1807 1082 1856 erat,
1118 1801 1239 1843 facta,
1263 1800 1452 1834 Diodorus
1472 1802 1671 1833 transitum
1695 1812 1757 1845 pa-

292 1876 355 1906 rat
378 1871 426 1903 ad
453 1869 611 1912 reliqua.
658 1867 719 1907 „E
747 1864 892 1897 duabus
921 1863 1111 1906 partibus,
1141 1860 1282 1902 inquit,
1318 1859 1356 1891 in
1383 1868 1476 1902 quas
1498 1857 1596 1891 hunc
1619 1859 1756 1892 librum

292 1927 565 1972 magnitudinis
584 1933 720 1957 caussa
746 1921 953 1964 descripsi,
987 1920 1090 1964 prior
1109 1916 1258 1962 quidem
1277 1916 1553 1960 praefationem
1571 1916 1618 1949 ad
1638 1921 1759 1950 totum

295 1996 390 2030 opus
418 1983 700 2027 complectitur,
731 1979 869 2014 deinde
899 1988 966 2019 ea,
1004 1985 1099 2021 quae
1117 1975 1163 2008 ab
1179 1974 1376 2018 Aegyptiis
1397 1974 1443 2007 de
1465 1974 1611 2018 origine
1629 1974 1758 2007 mundi

278 2035 342 2070 ’-
359 2043 404 2076 de
425 2041 507 2074 Diis
520 2065 529 2081 ‚
560 2041 622 2084 qui
644 2049 711 2084 per
727 2041 939 2081 Aegyptum
957 2035 1132 2066 civitates
1154 2031 1424 2072 condiderunt,
1456 2032 1624 2075 ipsorum
1642 2033 1760 2071 nomi,

295 2112 344 2135 ne
363 2101 551 2142 insignes,
578 2098 623 2130 de
643 2096 773 2140 primis
793 2092 1005 2127 hominibus
1024 2095 1062 2124 et
1079 2090 1342 2134 antiquissima
1360 2090 1459 2130 vita,
1495 2089 1541 2121 de
1566 2076 1760 2123 immorta-

294 2161 386 2193 lium
407 2157 508 2190 cultu
526 2159 564 2188 et
580 2154 805 2197 templorum
823 2150 1080 2185 exstructione
1099 2147 1317 2180 traduntur:
1341 2150 1419 2178 tum
1438 2155 1495 2186 ea,
1521 2155 1617 2189 quae
1635 2147 1759 2190 Aegy-

297 2217 353 2262 pti
381 2216 494 2247 situm
524 2216 715 2255 spectant,
748 2207 1010 2242 incredibilem
1037 2205 1114 2238 Nili
1134 2207 1329 2243 naturam,
1364 2203 1588 2236 incrementi
1605 2213 1759 2237 caussas

299 2278 338 2308 et
356 2273 526 2306 diversas
543 2268 808 2301 historicorum
833 2276 878 2298 ac
896 2260 1204 2308 philosophorum
1228 2261 1438 2303 opiniones.
1484 2261 1528 2294 In
1550 2259 1621 2293 hac
1636 2265 1760 2305 poste-

296 2333 400 2367 riore
422 2338 545 2362 autem
564 2325 649 2359 iibri
668 2328 774 2367 parte
793 2333 918 2356 rerum
938 2321 1108 2365 proxime
1128 2317 1411 2351 succedentium
1437 2319 1575 2351 seriem
1603 2329 1761 2362 percur-

296 2397 438 2423 ramus.
489 2385 641 2418 Initium
665 2380 848 2414 faciamus
873 2390 895 2412 a
922 2378 1052 2422 primis
1072 2374 1344 2420 AegyptiOrum
1369 2375 1542 2419 regibus,
1579 2381 1618 2410 et
1635 2378 1762 2421 singu-

297 2446 422 2480 lorum
447 2446 558 2487 gesta
583 2450 701 2484 usque
729 2439 777 2471 ad
806 2438 958 2472 Amasin
987 2443 1240 2478 exponamus,
1274 2433 1490 2466 summatim
1508 2437 1635 2467 tamen
1652 2444 1761 2478 prae-

299 2504 417 2537 missa
436 2499 697 2544 antiquissima
715 2496 985 2540 Aegyptiorum
1002 2491 1154 2525 vivendi
1175 2491 1371 2524 ratione-‘⁴
1507 2484 1519 2489 ⁸

392 2561 437 2601 A)
465 2558 591 2592 Primo
610 2556 730 2587 victus
753 2558 791 2586 et
809 2552 977 2595 reliquus
991 2550 1264 2594 Aegyptiorum
1286 2549 1387 2581 vitae
1406 2547 1528 2581 cultus
1548 2547 1762 2592 antiquissi-

301 2619 352 2652 mi
370 2615 551 2660 temporis
572 2612 810 2646 describitur.
861 2611 946 2651 Cap.
967 2606 1023 2642 43.

393 2675 440 2716 Β)
464 2673 607 2716 Regum
627 2670 760 2703 series.
793 2666 987 2711 Capsrl—
1000 2666 1054 2700 69.
1104 2663 1131 2696 Α
1148 2662 1268 2706 primo
1286 2671 1404 2705 usque
1420 2659 1468 2692 ad
1484 2659 1641 2693 Diodori
1659 2665 1761 2694 aeta-

301 2737 396 2772 tem,
433 2731 456 2765 i.
487 2740 520 2763 e.
545 2726 720 2761 CLXXX
755 2720 1137 2769 Olymp.XV1nillia
1157 2729 1339 2752 annorum
1370 2722 1627 2755 numerantur,
1672 2719 1763 2751 Post

303 2789 502 2833 indigenas
529 2783 755 2820 CCCCLXX
782 2787 821 2817 et
848 2783 881 2818 V
913 2781 1097 2820 feminas,
1131 2776 1272 2812 Persae
1293 2785 1452 2820 regnum
1474 2774 1719 2810 obtinuerunt
1736 2785 1760 2808 a
