1859 3326
290 205 355 246 42
765 198 1293 244 ANNOTATioNES

289 318 358 359 lib.
386 315 451 354 111.
469 314 568 362 45.,
601 313 650 352 Τ.
671 313 940 357 Hemsterhus.
970 314 1012 352 in
1041 313 1351 357 LucianiMoi-t.
1382 315 1431 354 D.
1452 316 1520 355 111.
1541 319 1586 359 2.
1619 323 1661 355 et
1686 315 1748 356 Io.

289 374 496 412 Dav-isium
516 372 564 409 ad
585 371 751 410 Maximi
771 371 867 422 Tyr.
892 371 997 410 Diss.
1021 371 1128 411 XlV.
1159 385 1194 421 p.
1219 373 1324 414 548.
1371 373 1508 413 WEss.

339 470 344 474 ,
404 431 480 471 45.
499 430 541 470 3.
570 429 651 469 Aci·
665 427 848 481 βασιλεῖ]
876 427 1079 477 Templum
1097 430 1157 466 illi
1176 431 1450 479 amplissimum
1470 437 1555 468 erat
1574 432 1616 468 in
1636 442 1749 468 mon-

290 489 345 527 tis
365 488 490 534 clivo,
520 498 596 535 qua
624 486 674 523 ad
696 492 850 523 antrum
870 486 935 523 via
954 485 1139 531 ducebat,
1168 485 1235 522 sed
1267 498 1345 523 non
1370 487 1600 526 absolutum.
1648 487 1680 525 F
1685 500 1749 525 or-

290 553 394 586 tasse
419 544 460 581 id
489 549 576 592 post
604 549 756 591 partam
775 542 823 579 ad
844 542 1008 580 Leuctra
1035 544 1239 579 victoriam
1268 543 1649 593 magnificentissime
1679 557 1750 581 ex-

291 603 389 641 strui
410 607 610 650 coeptum,
638 606 676 635 et
696 598 876 647 deinceps
898 598 946 633 ob
968 600 1194 634 continuata
1217 598 1317 636 bella
1337 607 1375 636 et
1391 602 1622 638 inminutam
1643 599 1750 638 The-

289 659 477 697 banorum
502 658 714 706 potentiam
731 655 958 693 destitutum
981 660 1052 690 est.
1086 652 1332 694 Describitur
1352 670 1375 694 a
1394 655 1592 695 Pausania
1612 656 1656 696 L.
1674 655 1748 695 lx.

292 717 367 757 39.
396 715 446 752 W
451 724 533 752 Ess

401 772 478 812 45-
507 771 549 810 9
573 764 794 834 Ἀπέφῃνε
815 763 892 819 τὸ]
925 765 1104 816 Scripsit,
1129 767 1261 817 credo,
1286 765 1526 807 Diodorus'
1503 764 1747 837 απεφῂνατο

289 825 469 869 παῖαιόν
495 822 596 867 εἶναι
629 820 778 875 ὶόῇιον.
827 823 897 861 Sic.
926 824 1081 873 quidem
1109 832 1213 862 certe
1244 826 1406 865 adsolet.
1440 823 1638 874 ’.Αὸοξεΐν
1668 823 1749 879 γὰρ

288 881 531 938 ἀπεφὴιατο
554 879 630 933 τὴν
650 876 849 932 Σπάρτην
872 879 1009 928 habes,
1040 888 1084 918 ut
1108 883 1186 920 alia
1212 889 1472 935 praeteream,
1500 882 1544 922 L
1562 882 1650 921 XV.
1675 883 1747 923 19.

289 957 326 994 p.
353 943 424 983 17.
451 946 635 977 extrema.
662 937 802 974 Wnss.
823 940 864 974 in
887 936 988 973 Add

400 998 477 1037 45
513 992 750 1036 11.Οταν
783 992 824 1032 ἐν
845 993 913 1033 Ae
898 990 1083 1046 εύκτροις
1106 1015 1155 1022 ··-
1177 967 1425 1046 ηττηθῶσι]
1467 984 1667 1032 videndus
1691 1002 1749 1032 est

287 1053 518 1092 Plutarchus
552 1054 594 1089 in
628 1050 758 1101 Pelop.
787 1063 824 1100 p.
856 1052 977 1098 288..
1006 1053 1071 1099 qui
1095 1053 1264 1088 monitos
1294 1065 1406 1101 saepe
1437 1051 1650 1102 Spartanos
1680 1054 1749 1100 ait,

289 1113 460 1149 vitarent
490 1106 537 1148 τὸ
558 1106 823 1160 Λευκτρικὸι
854 1123 1037 1159 μηνιμα,
1072 1106 1173 1144 nihil
1204 1110 1433 1145 nominatim
1463 1108 1509 1145 de
1540 1107 1750 1146 Thebanis.

287 1167 368 1206 Fax
372 1176 409 1206 et
437 1179 530 1217 ergo
557 1164 834 1216 quodammodo
858 1163 954 1217 Reg.
977 1166 1035 1212 2.
1059 1163 1333 1203 Thebanorum
1360 1168 1600 1229 mentionem
1623 1166 1753 1216 negli-

287 1227 410 1278 genti.
438 1196 503 1260 TVO
494 1233 575 1260 Ess.
633 1264 636 1266 ,

401 1280 584 1321 45.17.
634 1272 797 1317 Τουτου
825 1274 1066 1330 θυγατέρας
1090 1275 1159 1316 καὶ
1180 1273 1395 1318 Σκεδάσου
1422 1274 1560 1328 τινὸς]
1591 1276 1753 1319 Scedasi

288 1338 464 1384 filiabus,
492 1349 570 1374 non
593 1335 762 1382 Leuctri,
786 1349 807 1372 a
828 1334 1112 1382 Spartanorum
1134 1336 1273 1385 legatis
1292 1348 1358 1386 per
1378 1336 1461 1373 vim
1482 1337 1622 1373 vitium
1643 1335 1751 1371 obla-

289 1403 371 1432 tum
402 1395 544 1440 fuisse,
571 1393 732 1429 tradunt
761 1394 850 1435 alii,
891 1403 1027 1439 parum
1056 1398 1183 1429 tamen
1213 1391 1447 1438 concordes,
1485 1397 1617 1428 utrum
1640 1393 1750 1440 ‚ipsae

291 1453 364 1489 sibi
394 1464 531 1488 manus
564 1451 768 1486 intulerint
797 1449 1009 1495 violentas,
1049 1460 1099 1484 an
1133 1449 1276 1484 scelere
1304 1450 1520 1499 legatorum
1553 1449 1751 1497 perierint.
1776 1490 1779 1496 .

289 1509 377 1546 Vid.
408 1505 658 1545 Plutarchum
689 1504 736 1542 T.
757 1505 806 1544 ll.
839 1517 874 1552 p.
896 1505 1002 1545 773
993 1532 1016 1551 ,
1043 1516 1157 1552 quem
1178 1504 1403 1554 Apostolius
1436 1508 1610 1554 sequitur
1640 1502 1750 1541 Cent.

289 1564 416 1603 lel.
438 1566 514 1605 46.
543 1570 582 1599 et
600 1562 767 1600 Pausan.
789 1561 860 1598 IX.
895 1563 966 1601 13.
999 1561 1132 1599 W1ss

402 1623 477 1663 46.
505 1622 578 1660 31
617 1615 805 1665 O1zossv
832 1609 989 1667 i'nmae]
1025 1617 1226 1669 Subiunge
1247 1615 1294 1656 δὲ
1311 1630 1379 1665 pro
1405 1614 1457 1656 τ’.
1484 1615 1620 1654 RHOD.
1663 1616 1750 1668 Ego

291 1679 440 1724 delevi,
468 1685 596 1714 motus
630 1675 788 1712 Coislin.
821 1675 983 1711 iudicio:
1017 1686 1139 1723 neque
1167 1677 1269 1712 eni-m
1299 1677 1573 1714 necessarium.
1614 1673 1750 1711 VVESS.

404 1737 478 1776 46.
506 1734 579 1774 33.
630 1730 870 1782 Γενομέιέυν
902 1729 946 1769 δὲ
978 1733 1062 1771 τῶν
1101 1731 1291 1770 σπονδῶν
1326 1726 1623 1783 Κλεόμβροτος
1643 1730 1747 1781 etc.]

291 1791 417 1829 Aliter
441 1793 560 1828 multo
590 1803 671 1827 rem
701 1795 833 1826 narrat
851 1787 1071 1837 Xenophon
1092 1786 1133 1823 L.
1159 1787 1224 1824 VI.
1246 1786 1403 1825 Hellen.
1444 1787 1544 1825 Eum
1569 1787 1685 1835 vide,
1713 1794 1751 1824 ct

292 1862 388 1898 quac
411 1848 457 1885 ad
478 1861 563 1884 cum
584 1848 710 1884 locum
730 1858 844 1895 supra
869 1847 1002 1882 notavi
1024 1842 1275 1896 (Exercitat.)
1301 1857 1337 1892 p.
1361 1843 1432 1883 75.
1451 1844 1584 1880 PALM.
1606 1843 1664 1880 De
1691 1843 1750 1880 his

292 1906 486 1951 induciis,
517 1911 606 1941 ante
627 1903 869 1944 Leuctricum
891 1908 1084 1938 certamen
1106 1901 1236 1947 initis,
1265 1900 1364 1937 nihil
1386 1899 1621 1949 Xenophon,
1650 1899 1751 1937 nihil

293 1975 444 2011 quoque
466 1961 511 1997 dc
540 1959 795 2005 Archidamo,
820 1961 885 2006 qui
911 1959 1058 1994 auxilia
1079 1956 1323 1994 Cleombroto
1346 1957 1572 2004 adduxerit,
1603 1963 1642 1993 et
1661 1969 1750 2005 pars

291 2019 525 2057 nobilissimi
540 2020 621 2053 eius
634 2016 912 2065 praeliifuerit.
932 2014 1075 2051 Contra
1095 2027 1138 2050 ea
1154 2013 1572 2059 refert,Archidamum
1592 2016 1751 2064 cognita

293 2075 495 2112 Leuctrica
515 2073 623 2110 clade
644 2074 792 2121 publice
805 2074 963 2108 missum
983 2083 1079 2114 esse,
1100 2077 1143 2106 ut
1163 2083 1225 2107 res
1242 2072 1388 2107 fractas
1407 2069 1750 2119 quomodocunque

294 2134 544 2176 instauraret,
568 2129 610 2168 L.
633 2128 861 2166 VLHellen.
887 2128 1039 2175 pasti?
1062 2125 1168 2164 Haec
1189 2128 1375 2178 suggillat
1395 2127 1640 2163 doctissimus
1660 2127 1751 2163 Pal-

292 2192 448 2233 meritis,
462 2188 709 2236 Atticumque
721 2187 945 2233 scriptorem
959 2184 1097 2234 ubique
1110 2196 1150 2220 se
1163 2183 1565 2221 Lacedaemoniorum
1578 2190 1751 2234 etprae-

295 2248 410 2296 cz'pae
428 2245 612 2293 Agesilai
644 2246 812 2280 (anticum
830 2243 1033 2293 prodere:
1061 2242 1232 2277 voluisse
1251 2247 1474 2291 propterea
1500 2254 1525 2276 a
1546 2242 1629 2276 suis
1648 2241 1750 2276 ami-

294 2305 353 2340 cis
363 2301 624 2349 foedffiragiz·
642 2301 809 2337 dedecus
825 2300 1006 2346 (mcclii-i,
1033 2300 1281 2348 taczcz'sscque
1304 2298 1349 2334 de
1365 2297 1605 2334 Archidamo
1627 2298 1753 2333 (imici

293 2359 460 2406 suifilio
487 2365 566 2394 tam
600 2357 777 2403 infelicis
805 2357 958 2405 negotii
970 2356 1203 2406 participe:
1229 2355 1385 2390 siluisse
1414 2366 1508 2390 vero
1528 2355 1573 2391 cle
1601 2352 1749 2390 Are-lti-

295 2417 410 2454 clamo
443 2417 570 2451 anzico
614 2426 658 2450 eo
688 2413 792 2464 quod
822 2415 951 2449 victas·
969 2410 1146 2457 fuerat,
1189 2413 1236 2448 de
1268 2410 1544 2462 Epczminonda
1575 2412 1750 2447 tacuisse

295 2486 339 2510 eo
363 2473 467 2522 quod
485 2472 660 2520 gloriose
687 2472 864 2515 vicerat,
896 2469 1051 2505 aemulo
1079 2481 1217 2519 nempe
1240 2474 1281 2504 et
1299 2468 1422 2504 hoste.
1471 2466 1574 2503 Bene
1595 2466 1750 2516 quidem

294 2542 366 2578 pro
387 2528 581 2573 Diodoro,
612 2527 677 2562 sed
702 2529 741 2563 in
772 2525 1073 2575 Xenophontem
1103 2527 1319 2562 criminose.
1360 2524 1450 2562 Non
1466 2524 1582 2561 laudo
1610 2523 1749 2560 Xeno-

293 2586 453 2637 phontis
482 2585 531 2626 ‹le-
550 2583 815 2631 Epaminonda
835 2583 1043 2619 silentium.
1093 2580 1152 2617 De
1179 2581 1350 2618 induciis
1369 2588 1499 2617 tamen
1526 2586 1614 2617 ante
1637 2592 1748 2628 prae-

296 2644 393 2680 lium
430 2643 543 2679 factis
579 2647 616 2676 et
647 2639 869 2676 Archidami
910 2639 1078 2675 adventu
1116 2638 1250 2674 dubito
1289 2637 1548 2675 vehementer.
1597 2635 1748 2673 Tacent

297 2701 400 2735 enim
421 2711 552 2734 omnes
576 2698 654 2733 alii.
698 2695 847 2732 Deinde
869 2697 911 2732 in
938 2693 1158 2731 Archidami
1181 2695 1294 2731 rebus
1326 2695 1469 2744 optime
1487 2694 1562 2731 sibi
1591 2698 1748 2729 constat

295 2754 539 2804 Xenophon,
568 2765 689 2801 neque
717 2753 900 2788 credibile
921 2759 996 2797 est,
1026 2753 1067 2788 in
1099 2764 1140 2788 re
1160 2752 1255 2788 adeo
1276 2752 1481 2788 manifesta
1499 2751 1655 2787 mentiri
1676 2762 1747 2786 vo-

296 2812 437 2847 luisse:
474 2817 668 2860 praeterea
699 2809 814 2846 Iason
838 2808 1032 2846 Pheraeus
1062 2806 1258 2844 Thebanis
1287 2809 1433 2845 auxilio
1465 2808 1632 2843 occurrit
1658 2811 1747 2855 post

298 2867 337 2903 id
372 2869 580 2915 praelium,
609 2879 695 2904 cum
725 2872 830 2902 metu
862 2865 1111 2902 adventantis
1139 2864 1362 2902 Archidami
1393 2876 1503 2913 opem
1529 2868 1748 2913 rogassent,
