1859 3326
299 185 394 228 316
621 214 625 219 .
783 176 1310 220 ANNOTATIONES

413 296 520 339 383.
557 293 629 335 51.
671 290 779 333 Τινὰ
805 290 1054 346 μέναῦτῶν
1083 289 1427 347 περιεπείροντοῘ
1466 291 1527 332 De
1554 293 1763 334 verborum

295 362 491 394 structura
512 353 658 390 dictum
679 364 795 400 supra
819 352 862 389 L.
883 350 929 388 V.
953 353 993 391 8.
1018 350 1106 387 fuit.
1135 349 1273 387 NVEss.

413 411 519 452 384.
550 410 625 450 60-
645 403 900 459 ''Anpanrov
924 404 1048 445 ἐποίει
1069 402 1144 457 τὴν
1164 405 1262 456 βίαν
1277 402 1440 457 αὐτῶν]
1473 402 1562 445 Si‘
1539 423 1564 460 η
1584 420 1665 447 του
1682 402 1762 458 χά-

297 482 425 523 ρακος
452 467 572 517 πῆξις
595 465 862 514 praecederet,
890 463 989 500 nihil
1017 461 1081 499 hic
1103 462 1261 511 quidem
1288 463 1473 501 salebrosi
1495 464 1608 502 foret.
1646 463 1764 501 Nunc

293 525 415 564 verba
445 520 751 568 consideranda,
777 533 822 557 ac
845 523 878 557 si
907 519 1050 556 dictum
1078 521 1152 558 τοῖ
1182 518 1450 570 Πτολεμαίου
1474 541 1522 548 —
1547 535 1765 574 προεωρα-

296 580 423 634 μένου
445 581 607 625 fuisset,
637 578 739 625 quod
762 583 912 624 praeter
932 589 1078 613 morem
1098 574 1272 613 Diodoro
1294 583 1410 626 atque
1429 579 1518 614 aliis
1538 576 1640 613 haud
1661 579 1766 615 acci-

297 639 411 685 (lere,
438 643 572 674 notum
597 640 668 670 est.
709 633 808 671 Vide
829 632 902 669 hoc
921 632 963 669 L.
985 631 1100 668 XIX.
1127 634 1201 673 96
1230 633 1314 671 τῶν
1338 631 1382 672 δὲ
1408 632 1501 688 περὶ
1517 629 1762 686 Ἀθήναιον

297 689 538 746 κατιῃόοει,
571 686 746 744 φάσκων
771 709 819 717 —-
842 684 909 728 vn'
936 686 1065 727 αὐτοῦ
1088 695 1161 725 etc.
1188 689 1329 726 Wssss.

413 749 518 789 384-
556 750 629 788 88
666 746 768 786 Aca).
774 742 868 785 θεον
887 742 1083 792 σταὸιους
1102 740 1391 796 ἑβδομήκοντα
1410 744 1478 786 καὶ
1499 743 1766 797 διακοσίους]

296 806 401 845 Usus
421 805 482 842 his
497 811 555 841 est
573 802 652 840 Cel.
673 802 724 842 H.
739 801 1158 840 RelandusPalaestin.
1177 801 1281 841 L.11.
1298 803 1371 842 14.
1397 811 1440 840 ut
1459 810 1644 853 quantum
1656 802 1766 845 Gaza

296 864 344 901 ab
364 863 458 899 urbe
478 862 602 899 Azoto
621 859 784 907 afuerit.
806 859 1106 897 demonstraret:
1128 860 1324 900 nommale
1346 860 1500 908 quidem
1515 861 1604 907 ille,
1632 872 1766 909 quam-

296 933 411 971 quam
440 931 578 956 revera
599 918 850 954 intervallum
872 916 1090 964 indicatur,
1121 927 1196 966 quo
1223 914 1440 968 Palaegaza
1461 922 1500 953 et
1519 917 1665 954 Azotus
1685 915 1767 954 dis-

298 984 427 1025 septae
448 981 572 1012 erant.
603 972 745 1011 WEss.

411 1032 518 1072 384
543 1032 618 1071 96
636 1027 814 1069 ’Έπεσον
833 1026 909 1083 μὲν
930 1026 1095 1075 πλείους
1113 1029 1197 1068 τῶν
1216 1026 1514 1080 πεντακοσίων]
1544 1004 1652 1067 Haec
1671 1040 1767 1065 sana

295 1095 490 1140 praestare
510 1089 614 1125 nolo.
651 1085 858 1124 Caesorum
888 1098 1071 1122 numerus
1091 1099 1161 1135 pro
1190 1085 1311 1122 cladis
1332 1089 1414 1136 eius
1440 1085 1708 1136 magnitudine
1728 1090 1768 1121 et

295 1144 546 1183 multitudine
576 1145 819 1192 captivorum
843 1145 971 1180 minor
1001 1148 1071 1178 est.
1111 1142 1212 1179 Puto
1232 1143 1354 1179 fuisse
1373 1129 1426 1180 Ιπλ
1432 1141 1537 1188 είους
1567 1142 1651 1181 τῶν
1671 1156 1767 1181 πεν-

294 1200 572 1252 τακισχιλίων,
593 1212 705 1248 quem
722 1212 923 1236 numerum
944 1197 1176 1235 Plutarchus
1198 1198 1309 1235 edit
1299 1212 1339 1235 in
1361 1198 1514 1238 Demet.
1537 1211 1574 1248 p.
1597 1200 1701 1239 891-
1720 1197 1767 1234 A.

296 1254 459 1325 ἐσφάλη
487 1255 578 1309 περὶ
611 1251 731 1295 πόλιν
763 1251 902 1304 Γάζαν
933 1250 1132 1306 ηττηθεὶς
1148 1252 1421 1321 (Demetrius)
1452 1252 1765 1306 ὀκτακισχιλίων

296 1310 399 1354 ἅλ’όι
405 1329 486 1354 των
517 1312 584 1352 καὶ
605 1310 943 1362 πεντακισχιλίων
964 1306 1283 1350 ἀποθανόντων.
1332 1310 1388 1349 Ut
1407 1318 1450 1349 ut
1470 1318 1575 1359 erat,
1604 1314 1646 1349 in
1667 1317 1767 1348 tem-

297 1385 388 1422 pore
412 1377 602 1421 pugnatae
625 1369 738 1406 huius
760 1381 912 1419 pugnae
933 1370 1087 1419 egregie
1107 1366 1281 1405 Diodoro
1303 1371 1488 1407 convenit
1506 1382 1592 1406 cum
1607 1367 1765 1406 Castore

297 1427 602 1478 Chionographo
634 1426 737 1475 apud
765 1424 912 1473 loseph.
936 1424 978 1461 L.
1000 1425 1028 1461 Ι.
1050 1423 1091 1461 C.
1114 1424 1253 1473 Apion.
1277 1439 1310 1462 c.
1333 1427 1407 1465 22.
1432 1438 1471 1473 Ι).
1494 1426 1603 1467 455.
1630 1425 1680 1462 W
1683 1434 1764 1462 Ess

413 1486 520 1525 385.
556 1486 596 1524 7
631 1482 716 1522 Καὶ
740 1480 874 1521 σῑνθέ
863 1495 995 1531 μενος
1015 1477 1138 1520 πάλιν
1159 1478 1263 1534 ποός
1288 1479 1450 1534 αὐτὸν]
1494 1482 1600 1518 Ordo
1621 1494 1766 1518 sermo-

295 1543 359 1579 nis
382 1538 487 1593 πρὸς
508 1536 661 1584 αὐτοὺς
682 1538 965 1588 expostulabat.
1010 1538 1061 1576 At
1080 1537 1276 1575 Diodorus
1304 1539 1354 1575 ad
1377 1551 1497 1576 unum
1526 1540 1668 1576 transit
1692 1536 1765 1574 Se-

296 1599 462 1644 leucum,
493 1609 603 1646 quem
620 1595 859 1647 Babyloniae
874 1597 1117 1644 possessione
1137 1602 1329 1632 everterat
1346 1601 1483 1633 contra
1502 1595 1628 1632 datam
1648 1594 1764 1632 fidem

296 1656 533 1706 Antigonus·
590 1651 770 1689 Ceterum
799 1652 970 1690 Iustinus
1008 1650 1206 1688 Demetrio
1251 1653 1446 1700 privatum
1477 1665 1588 1689 omne
1617 1653 1763 1688 instru-

295 1719 468 1750 mentum
488 1723 532 1747 ac
552 1711 741 1747 familiam
761 1722 782 1745 a
799 1709 1020 1746 Ptolemaeo
1039 1709 1161 1745 fuisse
1179 1707 1384 1756 redditam,
1407 1708 1558 1746 adiecto
1579 1708 1652 1745 hoc
1672 1721 1763 1745 ver-

296 1770 433 1807 borum
454 1766 601 1804 honore
629 1767 776 1803 scribit.
814 1765 902 1803 Non
922 1777 964 1802 se
980 1773 1151 1816 propter
1173 1767 1392 1816 praedam,
1421 1765 1486 1802 sed
1511 1772 1684 1817 propte-r
1701 1766 1763 1803 dc·-

294 1827 492 1876 gnitatem
528 1826 649 1860 inisse
690 1822 853 1868 hemma,-
899 1822 1152 1871 indz'gnatum
1189 1824 1297 1872 quod
1332 1822 1556 1872 Antigonus
1595 1823 1765 1860 devictis

297 1884 483 1922 diversae
502 1879 710 1928 factionis
742 1879 926 1928 ducibus,
967 1880 1072 1916 solus
1112 1881 1315 1918 communis
1340 1881 1540 1918 victoriae
1567 1880 1761 1932 praemia

298 1939 565 1991 corripuisset
590 1936 633 1974 Ι.
656 1936 748 1976 XV.
778 1939 816 1977 1.
846 1935 984 1974 'WEss

413 1991 916 2045 385.11-Ποοσέταξεν
940 1990 1004 2033 ἐπὶ
1022 2006 1097 2038 τας
1118 1989 1349 2044 ναυαρχίας
1372 1990 1454 2031 διελ
1459 1988 1543 2042 εἴν]
1582 1991 1675 2030 Non
1696 2004 1765 2028 au-

298 2051 370 2088 deo
390 2054 488 2088 citra
508 2049 628 2087 Codd.
650 2048 919 2088 auctoritatem
939 2046 1015 2095 τὰς
1034 2048 1263 2100 ναυαοχίας
1282 2049 1495 2100 configere:
1519 2051 1686 2100 ingenue
1705 2055 1764 2086 ta-

296 2120 388 2146 men
414 2113 459 2144 ut
488 2107 634 2153 fatear,
672 2120 748 2151 τας
775 2105 1006 2157 νομαρχίας
1033 2107 1234 2152 scripsisse
1264 2113 1375 2143 autor
1407 2105 1572 2143 videtur.
1625 2105 1763 2147 Omnis

297 2164 526 2215 Aegyptus,
557 2164 618 2199 uti
647 2163 914 2209 notissimum,
957 2164 999 2199 in
1023 2160 1169 2198 Nomos
1209 2163 1292 2198 sive
1320 2161 1551 2214 νομαρχίας
1583 2157 1666 2198 erat
1696 2161 1763 2197 de-

297 2223 462 2270 scripta:
492 2232 558 2268 per
578 2231 672 2268 quas
702 2219 963 2267 praefecturas
995 2218 1220 2255 conmodius
1242 2220 1367 2268 capti,
1397 2224 1441 2254 ut
1460 2218 1763 2267 custodirentur,

298 2277 481 2315 distribui
511 2282 740 2325 potuerunt,
766 2287 881 2323 quam
910 2287 977 2323 per
1003 2276 1183 2320 navium,
1226 2274 1329 2323 quod
1356 2275 1516 2326 vulgata
1545 2276 1764 2326 requirunt,

297 2334 574 2384 praefecturas.
612 2329 691 2383 Sed
710 2344 754 2368 ea
774 2334 995 2368 coniectura
1015 2337 1084 2366 est.
1113 2330 1164 2367 W
1168 2341 1255 2367 Ess.

419 2389 528 2430 385.
561 2388 632 2428 14.
669 2382 787 2441 Ἐπηε
792 2403 804 2425 ι
827 2389 912 2426 τῶν
937 2383 1044 2425 κατὰ
1058 2386 1278 2453 Φοιιίκην
1305 2382 1468 2427 πόλεων
1485 2393 1556 2425 etc.
1568 2387 1581 2437 ]
1610 2385 1763 2424 Cultius

299 2448 336 2485 si
353 2448 614 2484 autumaveris
637 2456 686 2480 ex
705 2442 801 2494 Reg.
829 2447 868 2484 l.
895 2439 968 2496 ἔπιτ’
975 2458 1005 2481 ει
1022 2439 1071 2492 τὴ
1076 2458 1098 2482 ν
1119 2458 1227 2482 κατα
1252 2443 1474 2496 Φοινίκην,
1500 2459 1584 2484 των
1604 2439 1762 2483 πόλεων

300 2509 338 2541 et
356 2504 467 2550 reliq.
460 2530 481 2549 .‚
501 2515 560 2538 me
576 2500 855 2548 adstipulatore
875 2501 936 2537 uti
956 2502 1112 2549 poteris.
1145 2499 1177 2536 V
1182 2503 1354 2552 ulgatum
1369 2507 1495 2537 tamen
1518 2501 1646 2537 sedem
1662 2501 1763 2537 tueri

298 2572 434 2611 passus
456 2572 561 2605 sum,
593 2558 695 2606 quod
716 2564 753 2593 et
771 2557 809 2593 id
830 2563 1012 2606 patronos
1032 2559 1206 2594 nancisci
1226 2563 1370 2607 posset
1402 2557 1538 2596 Wssss.

412 2615 517 2655 385.
547 2588 622 2652 23.
655 2612 790 2652 ιὸωι
785 2629 821 2651 α
838 2611 913 2664 μὲι
941 2608 1247 2665 προσηγάγετο]
1283 2613 1439 2664 Ineptus
1457 2626 1601 2661 essem,
1629 2611 1676 2649 de
1697 2610 1761 2649 Si-

301 2671 401 2709 done
421 2674 460 2708 si
474 2672 716 2708 conmentari
734 2670 1000 2706 instituerem:
1026 2669 1164 2707 incidit
1187 2677 1337 2717 tamen,
1361 2670 1462 2720 quod
1484 2664 1760 2723 απροσδιόνυ-

301 2741 377 2768 σον
409 2741 490 2765 uon
516 2725 725 2764 videbitur.
777 2726 1003 2774 Appellatur
1036 2726 1129 2762 urbs
1152 2728 1194 2764 in
1224 2726 1359 2763 losuae
1384 2740 1463 2776 cap.
1484 2726 1557 2763 Xl.
1585 2729 1626 2767 8,
1661 2736 1760 2774 wwx

300 2794 400 2831 ἣν),
437 2780 574 2823 ,Σιὸων
606 2777 631 2833 ἦ
661 2776 833 2834 μεγάλη.
875 2784 942 2830 qui
982 2783 1119 2818 titulus
1168 2783 1276 2820 urbis
1306 2783 1596 2833 amplitudinem
1630 2789 1668 2819 et
1696 2794 1759 2818 ce·-

299 2842 517 2878 lcbritatem
547 2839 768 2876 describens
803 2839 1058 2889 interpretum
1086 2840 1324 2888 quorundam
1364 2842 1534 2877 animum
1565 2839 1758 2877 advertit:
