1859 3326
323 161 391 203 82„
788 134 1315 196 ANNOTATioNEs

438 273 511 311 88.
546 269 620 309 32
662 264 748 310 Διὰ
776 264 827 308 τι)
861 269 1029 320 πλῖθος
1055 270 1140 310 τῶν
1162 265 1320 322 ταύτην
1341 265 1643 324 ἔνοικοῦιτων]
1669 268 1781 308 conf.

321 327 477 366 Libanii
508 326 667 393 Argum.
699 325 747 362 ad
780 324 944 374 Olynth.
968 325 996 363 Ι.
1020 325 1238 376 Olynthum
1261 327 1570 378 Agatharchides
1591 327 1637 364 de
1660 325 1780 364 Rubr-

322 385 421 423 Mar.
441 398 475 434 p.
505 385 571 424 17.
605 377 724 421 πόλιν
742 380 1009 433 μυρίανδρον
1037 389 1175 429 vocat,
1208 389 1247 419 et
1274 389 1399 421 recte:
1433 383 1597 421 florebat
1621 386 1724 421 enim
1751 394 1782 420 x
1838 379 1840 385 ⁴

322 443 486 479 millium
508 452 690 483 numero,
720 439 847 475 alebat
869 442 1018 487 equites
1044 440 1173 486 mille,
1203 442 1493 490 peregrinorum
1524 447 1563 477 et
1583 440 1784 478 conducti-

322 502 465 536 tiorum
488 507 518 532 x
542 497 689 541 millia,
717 502 989 543 praetereaque
1008 495 1164 532 foedere
1194 496 1270 543 sibi
1290 496 1517 535 coniunctos
1537 496 1702 534 habebat
1723 498 1784 535 vi-

324 558 433 593 cinos
469 555 683 601 plerosque.
720 550 827 588 Haec
854 550 1106 589 Demosthen.
1136 551 1204 589 Or.
1236 552 1282 589 de
1306 552 1398 604 Leg.
1426 552 1584 603 Falsjp.
1605 554 1713 593 257.
1746 560 1784 589 et

326 609 488 662 Olynth.
512 608 580 648 ΙΙΙ.
608 622 643 657 p.
667 609 742 648 21.
773 607 863 645 Non
894 621 986 659 ergo
1017 611 1100 646 sine
1123 611 1274 647 ratione
1295 623 1365 646 rex
1388 610 1660 647 callidissimus
1685 609 1784 646 hanc

327 669 401 705 sibi
422 668 554 703 urbem
574 665 713 714 quovis
733 664 846 701 modo
866 665 1077 716 adiungere
1098 667 1290 703 connixus
1312 672 1389 717 est.⁴
1416 665 1535 704 Dedit
1557 667 1617 703 illi
1634 666 1786 705 Anthe-

325 730 521 769 munlem,
557 722 733 758 vicinum
763 727 803 757 et
830 728 1124 760 controversum
1154 723 1358 772 oppidum,
1397 725 1481 762 τῶν
1510 717 1787 775 ταλαιπώρων

323 778 558 821 Ὀλυνθιίον
589 776 734 827 δέλεαρ
765 777 865 826 apud
895 776 1030 815 Liban.
1064 777 1113 817 T.
1135 777 1165 815 Ι.
1186 793 1220 829 p.
1240 779 1349 819 406.
1373 777 1423 818 D.
1453 780 1636 817 Promisit
1662 779 1787 816 eidem

330 837 592 880 Potidaeam,
622 840 735 883 atque
755 833 828 872 hoc
849 835 1134 872 benivolentiae
1157 837 1286 873 colore
1309 835 1519 886 Olynthios
1543 835 1788 872 circumscri-

330 896 421 943 psit.
458 892 544 929 vid.
566 889 764 927 Demosth.
785 889 952 940 Philipp.
973 891 1021 929 ΙΙ.
1040 905 1076 944 p.
1097 891 1173 933 46.
1200 900 1240 930 et
1269 891 1339 932 Or.
1371 891 1418 930 dc
1447 890 1633 930 cherson.
1652 903 1688 941 p.
1712 892 1787 932 62.

298 962 301 965 ·
328 949 490 988 Aristid.
513 946 560 984 T.
584 946 631 984 ΙΙ.
652 959 688 997 p.
709 949 818 987 224.
843 948 982 985 WVESS.

449 1027 521 1065 88.
554 1023 627 1063 39.
671 1021 757 1062 Καὶ
781 1019 1097 1077 φιλανθρώπως
1131 1021 1237 1080 αὐτῇ
1260 1019 1666 1079 προσενεγκάμενος]
1702 1022 1790 1061 Hoc

328 1096 478 1122 verum.
532 1080 828 1117 Atheniensium
857 1088 986 1118 tamen
1024 1084 1183 1119 colonos
1214 1083 1346 1119 durius
1380 1081 1539 1131 habuit,
1581 1093 1790 1129 eorumque

331 1141 435 1178 bona
455 1138 639 1187 diripuit7
669 1139 711 1174 ni
730 1137 833 1175 fallit
854 1137 1068 1186 Demosth.‚
1088 1151 1157 1177 seu
1176 1142 1263 1188 quis
1282 1140 1382 1176 alius
1402 1144 1538 1176 auctor
1558 1137 1627 1176 Or.
1652 1137 1698 1174 de
1709 1137 1791 1174 Ha·-

331 1198 413 1235 lon.
438 1209 474 1245 p.
493 1195 568 1235 49.
599 1193 736 1231 Wssss.

450 1265 522 1304 88.
549 1262 625 1302 42.
660 1258 749 1313 Τὴν
771 1259 816 1301 δὲ
832 1258 1009 1302 Πύδναν
1029 1257 1487 1316 ἐξανδραποδισάμενος
1505 1260 1597 1312 etc.]
1627 1260 1792 1300 Videtur

333 1322 376 1359 in
395 1318 456 1356 his
470 1319 616 1369 aliquid
637 1331 719 1355 esse
742 1322 987 1359 conmissum.
1018 1319 1162 1357 Docuit
1180 1326 1328 1366 auctor„
1352 1319 1573 1368 Philippum
1586 1318 1791 1370 Olynthiis

334 1377 559 1427 promisisse
583 1375 820 1424 Potidaeam,
847 1390 916 1426 pro
935 1390 1008 1426 qua
1029 1383 1158 1413 tamen
1178 1375 1316 1426 Pydna
1336 1378 1414 1413 illis
1434 1376 1557 1413 datur.
1587 1376 1792 1414 Praeterea

334 1433 474 1484 Pydna
494 1434 589 1469 iuris
609 1434 735 1469 fuerat
759 1432 1014 1478 Macedonici,
1042 1432 1340 1470 Atheniensium
1360 1433 1558 1470 Potidaea.
1587 1432 1697 1470 Illam
1717 1432 1792 1469 sibi
1820 1463 1826 1470 .

333 1503 404 1527 rex
424 1496 631 1538 receperat,
659 1488 760 1525 hanc
780 1489 1082 1526 Atheniensibus
1104 1497 1274 1539 ereptam
1294 1489 1510 1540 Olynthiis,
1541 1496 1585 1526 ut
1606 1489 1652 1526 ab
1674 1488 1793 1526 Athe-

334 1548 529 1584 niensium
561 1559 626 1583 eos
659 1549 843 1590 societate
873 1548 1082 1595 alienaret,
1113 1546 1415 1584 condonaverat.
1453 1545 1521 1583 Sic
1541 1544 1793 1583 Demosthen.

337 1602 499 1653 Olynth.
522 1602 589 1641 Ill.
617 1616 654 1652 p.
682 1604 753 1642 12.
780 1610 820 1639 et
837 1615 885 1639 ex
905 1601 1153 1652 Theopompo
1173 1601 1422 1639 Scholiastes.
1471 1601 1684 1653 Scripseris
1716 1597 1792 1653 τὴν

334 1657 381 1698 δὲ
408 1657 666 1705 Ποτίδαιαν,
696 1659 1015 1707 quemadmodum
1033 1661 1229 1696 censuisse
1257 1658 1371 1697 video
1394 1658 1474 1698 Cel.
1495 1658 1794 1709 Barbeyracium

321 1716 385 1753 ad
406 1714 554 1753 Histor.
573 1714 688 1752 Foed.
707 1716 750 1751 P.
774 1715 799 1751 Ι.
821 1729 856 1765 p.
876 1718 984 1756 211.
998 1742 1009 1763 ‚
1036 1722 1104 1754 aut
1124 1718 1253 1765 potius
1282 1712 1358 1766 τὴν
1390 1714 1435 1755 δὲ
1461 1711 1605 1763 πόλιν,
1635 1715 1730 1752 benc
1752 1726 1793 1751 se

334 1774 444 1810 locus
466 1772 630 1808 habebit.
671 1770 799 1816 Quid?
831 1772 993 1816 Gemist.
1012 1771 1149 1810 Pletho
1179 1784 1259 1809 non
1286 1774 1401 1809 aliter
1420 1773 1536 1823 legit}
1577 1785 1666 1809 nam
1687 1776 1794 1820 post-
1858 1787 1859 1791 ¹

335 1841 450 1878 quam
474 1830 518 1865 de
539 1829 725 1866 Potidaea
749 1836 934 1878 occupata
961 1836 1000 1865 et
1021 1829 1179 1866 dimisso
1202 1827 1499 1866 Atheniensium
1521 1828 1713 1878 praesidio
1743 1839 1792 1864 ex

333 1885 479 1923 Nostro
501 1892 766 1922 conmentatus
790 1893 886 1933 erat,
910 1885 1116 1936 subiungit
1135 1888 1341 1923 continuo:
1372 1881 1448 1937 τὴν
1473 1883 1518 1924 δὲ
1538 1880 1658 1924 πόλιν
1677 1883 1794 1931 ἐξαν-

336 1938 694 1992 δραποδισάμενος
724 1941 791 1980 καὶ
821 1938 1102 1992 κατασκάψας
1126 1938 1365 1988 Ὀλυνθίοις
1391 1945 1479 1988 τοῖς
1509 1937 1792 1993 ἀστυγείτοσιν

335 1993 426 2037 οἶσι
459 1996 659 2048 νὲιιιεσθυι
688 1997 758 2036 καὶ
788 1995 863 2044 τὰς
892 1993 1053 2050 κτήσεις
1082 1996 1244 2037 ἔδωκεν.
1290 1999 1535 2048 apertissime
1560 1998 1793 2035 confirmans

336 2057 594 2105 suspicionem
617 2061 802 2091 nostram.
838 2054 974 2092 WVESS.

453 2125 524 2162 88
559 2123 634 2161 46
676 2115 966 2172 ΖΙῙετιιηοιιασε
999 2118 1258 2167 Φιλιππους]
1310 2118 1473 2188 Appian.
1500 2119 1581 2159 Bel.
1613 2118 1727 2159 Civil.
1746 2119 1790 2158 L.

334 2179 398 2216 lv.
421 2193 457 2228 p.
489 2180 623 2218 1040.
658 2176 697 2217 οἷ
728 2177 772 2217 δὲ
805 2179 1001 2217 Φίλιπποι
1033 2173 1150 2223 πόλις
1180 2191 1310 2224 εστιν,
1338 2193 1362 2229 η
1387 2173 1532 2224 Δάτος
1556 2173 1790 2229 ὠνομάζετο

335 2231 487 2282 πάλαι,
517 2235 583 2272 καὶ
607 2233 854 2288 Κρηνιὸες
841 2250 897 2274 ειι
927 2250 1006 2286 προ
1029 2230 1190 2273 Δάτου.
1197 2235 1367 2298 κρῆναι
1396 2229 1474 2287 γάρ
1502 2234 1576 2273 εἰσι
1610 2233 1702 2287 περὶ
1730 2235 1790 2288 τιιῧ

334 2288 454 2346 λόᾳιιιιι
471 2287 670 2359 νιιιιιάτιον
693 2290 855 2329 πολλαί.
890 2291 1096 2336 Φιλιππος
1118 2288 1162 2329 δε
1183 2304 1239 2336 (υς
1257 2287 1406 2343 εὐφυὲς
1423 2304 1487 2328 επι
1515 2289 1687 2346 Θριιικας
1700 2303 1791 2340 χιι)-

335 2363 424 2400 ριον
451 2362 535 2397 ιυχι
539 2346 650 2398 ριοσέ
667 2362 710 2386 τε
732 2346 800 2386 καὶ
821 2345 892 2401 ἀφ
915 2344 1066 2386 εαυτοῦ
1094 2346 1327 2392 Φιλίππους
1347 2350 1567 2399 προσεῖπεν
1587 2353 1675 2394 etc.⁹
1695 2345 1789 2383 satis

335 2411 570 2454 opportune.
600 2415 828 2452 quamquam
861 2404 907 2441 de
935 2404 1040 2441 Dati
1069 2405 1182 2440 titulo
1207 2402 1309 2453 quod
1339 2402 1470 2450 addit,
1498 2416 1578 2440 non
1596 2403 1652 2440 ita
1672 2402 1790 2451 liqui-

333 2461 423 2497 dum
443 2461 609 2497 videtur.
637 2460 781 2496 Nostro
804 2468 905 2497 certe
927 2461 1081 2510 quidem
1105 2461 1139 2496 si
1161 2460 1376 2505 auscultes,
1406 2459 1628 2512 Κρηνίδων
1650 2471 1790 2496 nomen

331 2518 424 2553 urbs
446 2515 630 2563 habebat,
660 2529 748 2553 cum
769 2530 791 2554 a
813 2517 993 2566 Philippo
1023 2518 1317 2553 instauraretur.
1357 2514 1494 2553 Datus
1523 2517 1615 2553 olim
1637 2510 1789 2552 diceba'·

333 2580 408 2620 tur,
438 2580 480 2610 ut
501 2573 601 2621 apud
627 2571 813 2609 Herodot.
836 2572 907 2612 IX.
933 2575 1004 2612 74.
1032 2572 1140 2609 Adde
1161 2562 1389 2621 Harpocrat.
1416 2574 1457 2609 in
1477 2568 1634 2621 Δάτος,
1659 2571 1789 2608 Zeno-

332 2630 436 2667 bium
465 2628 572 2665 Cent.
605 2629 773 2669 111.11.
809 2636 846 2665 et
867 2628 1097 2666 Strabonem
1120 2629 1161 2665 L.
1180 2628 1264 2664 V.ll
1296 2640 1332 2676 p.
1361 2630 1464 2669 511.
1496 2631 1538 2665 in
1565 2626 1787 2681 Κρηνίδων

330 2689 488 2724 nomine
517 2684 694 2722 Diodoro
729 2693 1052 2731 consentaneum,
1083 2685 1150 2721 sed
1171 2684 1322 2721 Datum
1344 2697 1424 2721 non
1444 2691 1569 2744 recte,
1602 2686 1636 2722 si
1658 2691 1786 2723 tamen

329 2745 367 2780 ei
386 2744 445 2779 rei
466 2745 628 2791 ipsemet
647 2747 803 2789 auctor⁷
832 2742 1148 2793 distinguentem.
1177 2740 1256 2778 Wr,
1260 2752 1313 2777 ss.

444 2812 517 2849 88.
540 2808 612 2850 57
639 2805 726 2849 Δια
749 2804 899 2850 τούτου
919 2806 1205 2864 προετρεψατο
1233 2803 1443 2863 προδότας
1463 2804 1684 2863 γενέσθαι]
1719 2804 1787 2845 Sic
