1859 3326
280 231 359 260 LVI
833 227 1162 279 EXCERPTA

281 325 428 360 Athenis
450 325 533 360 iniit
553 330 615 361 etc.
665 325 782 360 Rebus
809 325 897 360 anni
918 324 1016 359 illins
1042 325 1091 358 ad
1121 323 1254 360 exitum
1284 323 1338 357 ita
1369 322 1543 364 deductis,
1580 320 1740 356 Athenis.

280 384 473 418 Archontis
497 384 750 429 magistratum
774 383 911 426 aceepit
936 382 1057 416 Callia
1080 388 1142 417 ete.
1176 383 1225 415 ad
1246 381 1340 416 Itane
1362 392 1481 415 vocem
1507 380 1729 414 mullitudine

281 441 416 483 subito,
445 447 488 474 ut
507 441 619 486 ipsius
643 453 717 475 mos
742 440 808 482 est,
837 440 874 474 in
900 440 1050 474 deterius
1076 439 1272 482 inclinata,
1306 439 1502 486 Dionysias
1528 437 1728 482 Imperator

283 511 361 534 cnm
388 511 526 534 sultuna
548 505 718 542 poteslate
743 504 886 532 creatur
909 505 972 532 etc.
1020 498 1149 532 Postea
1180 509 1286 542 qnam
1318 510 1401 531 vero
1429 497 1627 543 Syracusas
1651 496 1732 543 fuit

282 568 489 603 regressus,
518 557 611 602 fixis
646 556 683 589 in
717 555 839 589 navah·
873 555 1052 597 tentoriis,
1094 562 1254 600 apertam
1285 568 1321 590 se
1355 555 1563 602 Tyrannum
1597 555 1734 590 civitati

284 613 546 650 demonstravit.
594 613 812 647 Gravissime
845 612 910 647 hoe
944 614 1084 657 quidem
1118 613 1342 658 Syracusani
1374 615 1546 656 tulerunt,
1580 620 1618 647 ul
1647 613 1735 657 quid

274 668 462 720 facerent,
494 678 558 705 ete.
613 673 670 704 En
702 682 776 704 uno
809 681 874 705 ore
901 671 960 705 hie
985 673 1187 716 loquuntur
1215 673 1555 705 Halicarnassaeus
1583 677 1623 705 et
1647 673 1734 706 Dio-

285 729 399 765 dorus
424 730 470 763 de
497 729 717 773 Tyrannide
751 729 924 773 Dionysii
957 729 1186 774 Syracusani
1220 740 1317 763 anno
1349 731 1465 763 tertio
1499 729 1735 774 Olympiadis

285 788 554 831 nonagesimae
584 787 722 820 tertiae
752 788 904 828 invasa3
947 788 1120 820 videatur
1146 787 1206 820 hie
1231 797 1350 819 annus
1378 787 1661 831 Olympiadicus
1699 787 1736 818 in

286 844 479 880 schemate
505 844 690 877 Sectionis
717 846 872 885 tertiae,
901 846 935 878 ei
963 856 1008 878 ex
1037 845 1213 878 methodo
1241 840 1547 878 Halicarnassaei
1576 845 1614 876 in
1641 854 1737 877 com-

286 906 377 946 putu
411 902 497 935 laxo
528 903 648 946 primo
675 902 885 946 adscriptus
911 907 969 935 est
996 914 1114 937 annus
1139 904 1183 937 V.
1204 904 1242 937 C.
1267 902 1511 937 CCCXLVH.
1536 901 1607 934 hoc
1633 911 1738 933 acru-

287 963 371 993 rato
400 961 576 993 convenit
603 960 908 993 llalicarnassaei
934 961 1085 1001 relatis,
1121 961 1212 993 dicit
1235 963 1286 993 is:
1322 960 1558 1004 Olympiadis
1586 959 1738 992 Lxxn.

289 1028 387 1052 anno
419 1017 606 1058 seeundo,
645 1018 731 1051 dum
765 1028 831 1062 pro
867 1018 1082 1050 coemendis
1108 1017 1307 1051 frumentis
1333 1020 1368 1051 in
1396 1018 1560 1051 Siciliam
1588 1018 1740 1060 naviga-

287 1079 414 1116 retur,
441 1075 590 1121 elapsos
619 1086 703 1109 esse
731 1086 753 1109 a
780 1075 897 1120 pulsis
922 1075 1087 1118 Regibus
1113 1085 1231 1109 annos
1256 1076 1550 1119 septemdecim,
1579 1079 1617 1107 et
1642 1075 1739 1107 bene

288 1131 403 1165 habet
426 1134 462 1165 in
489 1143 556 1166 suo
584 1124 771 1177 computu,
799 1138 911 1176 atque
936 1142 1055 1164 annus
1082 1134 1333 1176 navigationis
1359 1138 1417 1166 est
1440 1133 1485 1167 V.
1509 1134 1546 1165 C.
1570 1132 1741 1167 CCLXH.

289 1187 383 1223 Post
408 1189 503 1223 hanc
529 1192 808 1235 navigationem
841 1195 987 1230 autem,
1025 1189 1062 1223 id
1091 1195 1148 1222 est
1173 1195 1259 1233 post
1286 1202 1422 1224 annum
1450 1190 1644 1231 CCLX11.‚
1688 1191 1742 1222 ait

289 1247 547 1291 Tyrannidem
573 1249 748 1292 Dionysii
773 1248 999 1292 Syracusani
1028 1247 1196 1280 inridere
1229 1249 1266 1280 in
1300 1258 1437 1282 annum
1468 1250 1741 1292 octogesimum

290 1305 480 1349 quintum3
508 1305 566 1338 hie
590 1307 799 1350 ipsissimus
824 1316 942 1337 annus
970 1308 1029 1337 est
1054 1305 1089 1335 in
1118 1303 1295 1338 methodo
1320 1310 1396 1339 tam
1423 1306 1744 1348 Haliemnasmei,

291 1373 400 1406 quam
428 1355 585 1396 Diodori
618 1365 753 1397 tertius
787 1362 1022 1406 Olympiadis
1046 1362 1173 1396 XCHH.
1208 1368 1246 1396 et
1278 1364 1381 1396 urbis
1417 1364 1590 1397 conditae
1623 1374 1744 1397 annus

293 1420 530 1455 CCCXLVH.
554 1432 644 1465 ergo
671 1420 873 1455 conformis
898 1424 1056 1463 uterque
1084 1424 1142 1453 est
1166 1422 1203 1453 in
1231 1425 1406 1465 computu
1439 1417 1654 1463 annorum„
1683 1423 1745 1466 (in

296 1487 393 1510 num.
420 1477 582 1512 CXLIV.
611 1479 821 1512 incidenter
845 1478 969 1522 agitur
995 1477 1042 1511 de
1070 1479 1109 1511 A.
1134 1478 1179 1513 V.
1209 1479 1247 1512 C.
1272 1479 1511 1515 CCCXXXV.
1539 1490 1607 1524 per
1638 1483 1747 1514 anar-

293 1534 414 1569 chiam
443 1539 650 1575 extracto.)
1640 1540 1643 1543 '

387 1626 536 1660 CXLV.
564 1626 617 1659 Ad
641 1627 851 1670 ingressum
878 1626 940 1661 lib.
958 1626 1057 1661 xlv.
1084 1626 1273 1660 Diodorus
1290 1627 1420 1670 incipit
1437 1636 1573 1660 annum
1591 1636 1614 1659 a
1630 1627 1748 1660 Troia

296 1689 405 1728 capta
426 1684 676 1718 Dcehxxx.
703 1695 785 1717 cum
818 1694 915 1718 anno
948 1687 1069 1728 primo
1104 1684 1340 1730 Olympiadis
1362 1684 1491 1717 xciv.
1526 1682 1598 1717 Pro
1632 1685 1748 1727 magi-

295 1747 415 1775 stratu
441 1742 610 1776 Romano
637 1743 806 1785 assignat
837 1742 1026 1776 Tribunos
1061 1744 1245 1776 militares
1272 1744 1309 1777 C.
1335 1741 1559 1782 Servilium,
1605 1742 1643 1776 C.
1678 1742 1750 1776 Va-

295 1801 430 1832 lerium
463 1804 532 1834 ete.
580 1800 708 1832 Annus
743 1800 883 1842 primns
918 1800 1153 1843 Olympiadis
1178 1799 1307 1834 XCIV.
1343 1799 1443 1831 cadit
1475 1799 1512 1831 in
1534 1808 1674 1843 ¹annum
1704 1799 1748 1836 V.

297 1857 337 1890 C'.
365 1857 672 1890 Halicarnassaei
698 1867 765 1891 seu
792 1857 866 1890 laxi
896 1858 1005 1900 primi
1030 1849 1238 1901 computus.
1265 1860 1303 1889 et
1334 1855 1418 1888 huic
1448 1856 1653 1890 secundum
1683 1857 1752 1890 Fa-

297 1919 376 1948 stos
414 1914 513 1948 Livii
554 1915 739 1947 debentur
776 1915 934 1953 Tribuni
971 1924 993 1948 a
1026 1915 1196 1948 Diodoro
1230 1914 1425 1947 nominati.
1489 1913 1590 1947 ldem
1632 1925 1751 1948 annus

299 1975 411 2005 etiam
443 1972 603 2005 resultat
630 1982 675 2004 ex
701 1972 810 2004 annis
834 1972 975 2005 Troiae
1006 1971 1255 2005 DCCLXXX.
1290 1971 1346 2004 h'is
1380 1971 1478 2004 enim
1517 1971 1751 2006 detrahendo

299 2029 554 2065 CCCCXXXl.
596 2039 717 2063 annos
758 2029 863 2062 urbis
901 2029 1091 2063 conditum
1132 2039 1405 2075 praegressos,
1457 2029 1585 2074 prodit
1631 2039 1753 2063 annus

300 2087 520 2121 CCCXLIX.

391 2175 553 2210 CXLVI.
590 2175 674 2209 Lib.
693 2176 809 2211 XVII.
833 2179 872 2211 C.
898 2176 991 2211 113.
1018 2176 1211 2211 Diodorus
1235 2175 1357 2209 refert
1388 2175 1641 2210 Alexandrum
1674 2187 1758 2211 ma-

301 2245 416 2278 gnum
452 2240 639 2266 mortuum
684 2245 769 2268 esse
816 2235 1052 2279 Olympiadis
1085 2233 1214 2268 ch.
1250 2243 1348 2266 anno
1382 2234 1522 2277 primo,
1568 2233 1754 2269 Archonte

303 2291 459 2326 Athenis
483 2293 634 2335 Ageshz,
659 2292 882 2325 Consulibus
908 2292 1049 2325 Romae
1076 2293 1114 2327 C.
1143 2291 1326 2331 Poetelio,
1353 2290 1396 2322 L.
1423 2289 1583 2334 Papirio.
1628 2292 1755 2325 Annus

305 2351 446 2394 primus
471 2349 705 2393 Olympiadis
730 2349 858 2381 CXlV.
882 2351 967 2381 iniit
992 2349 1196 2383 secundum
1224 2347 1383 2381 Schema
1408 2346 1595 2381 sectionis
1620 2349 1757 2382 tertiae

305 2409 343 2441 in
369 2417 468 2440 anno
496 2407 538 2441 V.
565 2407 602 2441 C.
633 2411 849 2450 computato
874 2407 1111 2441 CCCCXXX.
1134 2406 1352 2445 inchoante,
1387 2406 1426 2438 in
1454 2410 1628 2449 computo
1654 2406 1759 2439 Hali-

307 2465 522 2498 carnassaei
552 2474 643 2497 vero
677 2474 799 2496 annus
832 2465 864 2497 is
897 2469 998 2499 totus
1023 2464 1278 2498 CCCCXXIX.
1307 2467 1481 2503 vocatur,
1518 2467 1557 2496 et
1586 2464 1620 2496 ei
1658 2473 1757 2496 anno

308 2523 460 2556 omnino
492 2522 581 2555 dicti
616 2523 799 2556 Consules
834 2523 1032 2559 debentur,
1091 2523 1320 2555 Censorinus
1352 2521 1398 2554 de
1433 2520 1494 2554 die
1529 2520 1651 2555 natali,
1679 2530 1758 2564 cap.

308 2580 407 2615 XXI.
434 2589 592 2619 annum,
629 2580 666 2612 in
701 2591 774 2623 qno
808 2581 1019 2620 scribebat,
1054 2590 1189 2624 nempe
1223 2580 1332 2624 Ulpio
1358 2583 1397 2612 et
1422 2577 1605 2611 Pontiano
1637 2578 1760 2618 Coss„

310 2638 347 2671 id
374 2642 450 2672 est:
497 2636 635 2670 Christi
660 2637 925 2672 ccxxxviii.
952 2637 1122 2681 pluribus
1148 2638 1235 2670 aliis
1260 2638 1370 2669 annis
1403 2637 1617 2679 comparat,
1655 2634 1761 2667 dicit-

310 2706 404 2739 que,
436 2696 475 2728 in
501 2705 546 2729 eo
572 2695 668 2729 iuire
693 2706 830 2728 annum
858 2697 901 2731 V.
929 2696 968 2728 C.
993 2694 1229 2729 DCCCCXH.
1257 2704 1280 2727 a
1306 2694 1514 2733 Parilibus,
1552 2691 1758 2727 annunrll.

312 2753 550 2798 Olympiadis
573 2752 731 2787 CCLIV.
757 2764 779 2787 a
805 2753 937 2787 diebus
961 2753 1140 2794 aestivis,
1176 2762 1314 2785 annum
1340 2750 1587 2795 philippicum
1619 2749 1664 2781 ab
1698 2757 1760 2782 ex-

314 2821 421 2843 cessu
446 2811 649 2844 Alexandri
674 2811 800 2855 magni
824 2810 974 2846 thll,
1002 2820 1024 2844 a
1049 2820 1180 2843 mense
1206 2810 1391 2853 Aegyptio
1416 2806 1552 2842 'l'hoth.
1600 2806 1659 2840 De
1688 2805 1761 2844 hoc

315 2870 496 2912 principio
521 2870 608 2901 anni
633 2869 864 2912 Aegyptiace
888 2868 1008 2902 videri
1034 2872 1160 2912 potest
1185 2865 1331 2900 Petavii
1355 2865 1537 2899 Doctrina
1568 2867 1607 2898 et
1629 2862 1763 2900 Ratio-
