1859 3326
277 199 369 231 CCX
586 196 870 229 OEeoaonla
904 193 1171 226 lilsTOMAE
1198 193 1418 226 Dlonom.

278 295 458 331 habuisse
483 292 661 337 videtur,
692 294 814 339 unde,
845 293 994 340 quoties
1018 301 1111 336 opus
1135 290 1275 334 fuerit,
1310 289 1481 336 singula,
1518 299 1616 334 quae
1634 289 1751 341 certe!

278 354 380 388 haud
404 355 612 399 incongrua
639 357 788 393 essent,
816 353 996 385 sumeret.
1042 349 1207 383 Disserit
1232 360 1324 382 vero
1349 348 1419 383 hoc
1442 348 1656 393 prooemio,
1690 347 1738 381 de

279 413 514 456 orationum,
549 411 719 445 historiis
751 409 1084 455 interpositarum,
1128 410 1208 440 tum
1242 406 1363 440 abusu
1391 409 1469 440 tum
1507 407 1624 456 etiam
1657 414 1741 438 usu.

279 480 310 505 c.
329 472 359 507 1.
384 473 419 506 2-

367 535 526 571 Adiecta
545 534 811 579 chronologica
830 532 941 566 ratio.
966 541 997 565 c.
1013 535 1036 568 2
1056 534 1154 565 extr.
1187 531 1364 566 Continet
1379 529 1479 564 liber‘
1494 528 1548 563 lx
1565 538 1698 563 annos.

370 616 467 648 Ann.
493 616 528 652 3.
575 597 664 646 Post
692 622 854 656 pugnam
881 611 927 644 ad
956 611 1172 652 Himeram,
1209 619 1290 642 cum
1324 609 1362 641 in
1389 606 1517 641 Sicilia
1542 607 1668 641 omnia
1693 602 1744 640 ad

279 672 486 717 perniciem
505 670 717 715 profligata,
739 679 877 713 magna
896 679 984 713 pars
1002 669 1191 712 copiarum
1208 677 1339 708 caesa,
1365 666 1456 699 socii
1472 675 1592 710 paene
1612 671 1745 697 omnes

281 730 488 764 abalienati
509 732 656 769 essent,
680 726 923 771 Agathoclem
946 737 1032 770 spes
1052 727 1170 770 cepit,
1196 726 1299 766 fore,
1320 728 1362 757 ut
1379 723 1527 768 perdita
1546 723 1583 755 in
1603 720 1746 764 Sicilia,

280 788 344 822 ubi
372 786 489 820 Poeni
531 796 687 818 numero
717 788 756 818 et
779 785 916 818 robure
945 784 1233 829 praevalebant,
1264 784 1301 815 in
1333 781 1458 815 Africa
1488 780 1745 823 recuperaret.

279 845 380 879 Rclli
407 846 445 877 in
469 843 633 877 Africam
662 841 938 885 transferendi,
972 842 1083 876 simul
1106 841 1256 875 Siciliae.
1287 851 1354 884 per
1376 837 1628 877 Antandrum,
1663 834 1746 868 fra-

281 909 403 943 trem,
429 900 592 935 tuendae
610 901 721 937 ratio.
759 911 791 935 c:
806 902 838 936 3.
867 900 900 937 4.
947 900 1150 944 Νωὶξςῆὲίο
1167 900 1204 932 in
1221 898 1383 932 Africam
1405 895 1612 941 prudenter
1632 892 1748 926 dissi-

279 961 447 994 mulata:
488 958 731 992 nibilominus
766 958 812 991 ob
840 958 993 991 crebros
1021 957 1184 990 hostium
1208 956 1400 990 obviorum
1431 956 1592 998 impetus
1619 950 1747 985 admo-

281 1017 368 1050 dum
392 1017 619 1061 periculosa.
663 1016 856 1049 Adventus
878 1016 915 1048 in
944 1026 1010 1048 ora
1027 1015 1224 1055 Africana3
1258 1024 1367 1048 sacra
1385 1013 1515 1046 Cereri
1537 1014 1574 1043 et
1593 1009 1746 1042 Proser-

280 1077 391 1120 pinae
411 1074 529 1115 facta3
566 1084 682 1107 naves
700 1072 875 1106 incendio
894 1073 1043 1107 deletae
1060 1098 1069 1114 ‚
1105 1084 1151 1106 ne
1173 1073 1312 1105 milites
1331 1069 1516 1113 refugium
1543 1067 1750 1106 haberent;

280 1133 422 1168 milites
452 1131 637 1172 recreati,
678 1131 812 1174 partim
835 1131 964 1174 primis
985 1130 1183 1163 itineribus
1204 1140 1271 1174 per
1286 1138 1399 1171 agros
1414 1135 1595 1159 amoenos
1612 1134 1655 1156 ac
1677 1123 1750 1156 fer·

280 1190 369 1225 tiles
396 1190 517 1229 ducti,
552 1189 689 1233 partim
713 1188 947 1232 Megalopoli
979 1192 1018 1221 et
1034 1188 1183 1220 'I'unete
1209 1186 1365 1219 urbibus
1383 1194 1428 1218 ex
1453 1183 1656 1227 improviso
1680 1190 1751 1224 op-

281 1247 459 1292 pugnatis
489 1250 527 1280 et
557 1247 690 1290 captis.
721 1255 750 1279 c.
772 1246 890 1282 5-3.
950 1244 1308 1289 Carthaginienses,
1356 1243 1550 1286 inopinato
1583 1239 1750 1273 adventu

282 1303 447 1337 hostium
471 1303 725 1343 consternati,
759 1302 884 1335 subito
903 1307 1041 1346 cogunt
1061 1303 1282 1336 exercitum.
1329 1301 1468 1333 Hanno
1490 1304 1528 1333 et
1548 1297 1753 1337 Bomilcar,

282 1362 557 1405 imperatores,
591 1361 718 1403 copias
739 1360 953 1403 producunt
970 1361 1006 1393 in
1025 1361 1158 1394 aciem.
1190 1371 1220 1396 c,
1240 1363 1273 1398 9.
1303 1362 1355 1396 10.
1404 1356 1620 1402 Agathoclis
1635 1355 1752 1388 acies.

282 1419 401 1453 Fictis
424 1419 611 1451 ominibus
631 1418 744 1461 erigit
760 1428 913 1451 suorum
935 1419 1093 1454 animos
1124 1429 1152 1454 c.
1176 1422 1229 1455 11.
1279 1416 1429 1450 Proelio
1450 1415 1634 1447 acerrimo
1654 1422 1752 1446 com-

284 1477 401 1510 misso
421 1476 521 1509 cadit
537 1476 695 1514 Hanno3
734 1476 838 1509 solus
854 1481 1048 1520 superstes
1068 1474 1261 1508 Bomilcar
1280 1475 1358 1507 suis
1376 1473 1520 1518 potius,
1545 1480 1653 1516 quam
1672 1470 1752 1503 rei-

285 1533 472 1578 publicae,
498 1533 703 1567 commodis
721 1535 858 1567 servit:
882 1534 1003 1567 victor
1019 1531 1245 1579 Agathocles
1264 1531 1427 1564 hostium
1448 1531 1582 1563 castris
1602 1528 1754 1573 potitur.

287 1592 491 1624 caesorum
514 1590 676 1624 hostium
695 1601 888 1624 numerus.
933 1591 1073 1632 Poeni,
1105 1591 1212 1624 elusa
1227 1589 1408 1623 victoriae
1426 1598 1514 1632 spe,
1549 1597 1622 1631 qua
1646 1587 1757 1619 erant

287 1649 402 1689 elati,
437 1648 567 1690 donis,
600 1648 772 1693 adeoque
799 1648 933 1683 hostiis
960 1648 1154 1689 humanis,
1186 1648 1290 1681 Deos
1309 1647 1459 1691 placare
1481 1645 1646 1678 student.
1676 1652 1758 1686 capo

286 1705 451 1743 12—14.
507 1706 549 1738 ln
577 1705 706 1739 Sicilia
736 1706 886 1740 interea
910 1706 1074 1740 Amilcar
1107 1704 1307 1749 Syracusis
1340 1704 1478 1744 instat,
1519 1701 1759 1735 dissimulata

292 1773 444 1796 snorum
465 1763 503 1795 in
521 1762 647 1796 Africa
663 1764 800 1805 caedc3
841 1764 994 1798 tandem
1011 1763 1225 1804 Antander‚
1256 1766 1411 1805 accepto
1431 1761 1477 1794 de
1497 1759 1626 1794 fratris
1643 1759 1760 1793 victo·

289 1822 347 1854 ria
377 1822 525 1863 nuntio,
562 1822 743 1856 audacior
768 1821 911 1864 factus,
954 1820 1083 1856 hostes
1110 1820 1203 1853 urbe
1235 1820 1443 1864 propulsat.
1491 1828 1521 1854 e.
1544 1819 1598 1854 15.
1625 1821 1678 1854 16.
1712 1836 1759 1844 —-

289 1877 517 1922 Agathocles
536 1879 572 1911 in
593 1879 675 1913 dies
693 1882 846 1924 gravior
865 1879 1023 1920 Poenis,
1056 1879 1171 1912 etiam
1187 1880 1287 1919 tum,
1325 1888 1407 1911 cum
1427 1876 1593 1919 acceptis
1614 1876 1720 1909 novis
1737 1885 1760 1910 e

291 1934 422 1968 Sicilia
441 1936 558 1979 copiis
577 1938 698 1981 ipsum
715 1938 813 1982 apud
835 1938 1022 1970 Tunetem
1045 1937 1180 1970 castris
1207 1936 1416 1972 exuissent.
1448 1945 1478 1970 c.
1501 1937 1557 1972 17.
1582 1936 1636 1971 18.
1685 1933 1760 1976 „1¹1

292 1992 363 2027 hoc
381 1993 531 2038 quidem
551 1999 652 2027 statu
672 2006 732 2028 res
750 1995 903 2029 Siciliae
928 1999 967 2029 et
983 1994 1131 2028 Africae
1153 1997 1273 2029 erant.
1286 1996 1309 2013 “

386 2059 441 2093 Ab
469 2058 527 2092 his
555 2061 603 2093 ad
628 2061 911 2104 Macedoniam,
951 2062 1135 2106 regnique
1159 2057 1397 2094 Macedonici
1422 2059 1656 2103 provincias,
1691 2058 1763 2092 du-

295 2128 454 2161 cumque
472 2117 575 2151 bella
594 2122 744 2158 mutua,
768 2117 971 2152 historicus
990 2130 1030 2152 se
1050 2119 1249 2152 convertit.
1299 2117 1512 2151 Cassander
1531 2117 1765 2159 Autuleonti,

296 2175 491 2208 Paeonum
520 2175 621 2218 regi,
654 2180 787 2209 contra
815 2177 1031 2210 Autariatas
1060 2176 1203 2208 auxilio
1231 2178 1401 2209 venerat.
1449 2174 1504 2208 Ad
1524 2185 1608 2207 eum
1631 2173 1765 2209 Ptole-

297 2243 451 2272 maeus,
482 2233 658 2276 Antigoni
678 2233 715 2265 in
737 2232 998 2278 Peloponneso
1019 2234 1191 2278 legatus,
1225 2231 1367 2265 deficit.
1411 2233 1638 2276 Antigonum
1663 2233 1765 2266 insu·

299 2300 367 2335 per
391 2290 492 2324 bello
520 2290 617 2333 petit
645 2289 906 2329 Ptolemaeus,
939 2292 1102 2335 Aegypti
1130 2291 1325 2334 princepS,
1355 2289 1474 2334 quod,
1509 2294 1639 2322 contra
1670 2291 1767 2324 inita

300 2352 411 2393 pacta
430 2347 492 2393 (cf.
511 2347 574 2380 lib.
593 2345 695 2388 XIX,
720 2358 750 2381 c.
763 2349 854 2392 105.)
882 2349 1173 2392 imperatorum,
1206 2347 1363 2380 Graecis
1381 2347 1595 2379 civitatibus
1613 2347 1766 2381 liberta-

302 2412 379 2439 tem
407 2417 480 2439 non
507 2405 686 2438 restituit.
741 2403 814 2439 Sed
843 2406 982 2451 ubique
1011 2407 1132 2439 victor
1157 2405 1378 2448 Antigonus.
1415 2414 1444 2437 c.
1465 2407 1516 2441 19.
1567 2402 1768 2450 l'olysper-

303 2463 421 2504 cbon,
453 2467 495 2495 ut
519 2461 773 2495 Cassandrum
798 2463 1048 2497 Macedoniae
1077 2473 1194 2507 regno
1215 2463 1349 2506 pellat,
1388 2460 1573 2505 Pergamo
1606 2464 1769 2498 arcessit

303 2519 532 2560 Herculem,
554 2517 760 2552 Alexandri
777 2519 917 2562 filium,
940 2521 1154 2566 bellumque
1175 2521 1212 2553 in
1233 2530 1316 2553 eum
1339 2524 1465 2552 movet
1484 2521 1596 2552 sociis
1613 2522 1770 2555 Aetolis.

306 2589 337 2611 c.
358 2580 415 2613 ΞΟ.
465 2575 707 2610 Ptolemaeus
721 2603 730 2618 ‚
758 2578 916 2612 subacta
935 2580 1080 2622 Cypro,
1103 2579 1226 2612 saevit
1244 2579 1281 2610 in
1301 2577 1516 2620 Nicoclem,
1540 2578 1767 2622 Paphiorum

307 2644 458 2679 regem,
482 2639 697 2679 suspectum
718 2635 764 2669 ob
782 2636 987 2669 amicitiam
1006 2647 1087 2669 cum
1106 2637 1307 2680 Antigono.
1340 2645 1371 2670 c.
1391 2635 1447 2670 21.

400 2712 417 2730 *
445 2704 570 2738 Finita
585 2714 711 2738 rerum
729 2704 777 2738 ad
796 2704 962 2739 Siciliam
979 2716 1212 2751 regnumque
1229 2704 1478 2738 Macedoniae
1494 2704 1769 2752 pertinentium

310 2761 489 2803 historia,
523 2771 619 2807 quae
645 2760 866 2807 fissnuyyaeMa
885 2765 952 2799 τῶν
971 2763 1181 2809 γεγονότων,
1221 2762 1454 2807 propositum
1484 2761 1611 2807 operis
1633 2761 1672 2795 in
1700 2760 1772 2796 hoc
