1891 3310
431 185 499 226 IN
529 184 650 230 LIB
673 185 811 227 XIX.
841 186 972 228 CAP.
1002 189 1079 231 73.
1097 188 1238 230 -76.
1465 192 1555 232 311

117 333 120 336 ⁴
208 302 322 343 377
341 302 385 343 2.
412 295 730 355 Κάσσανδρος“
710 316 732 343 ο
754 303 829 355 τῆς
841 298 983 349 Ἀσίας
1001 297 1218 355 κυριεύων]
1251 301 1352 353 Lege
1371 302 1470 369 τῆς
1466 302 1511 342 Γ
1488 315 1556 342 α

101 356 216 427 ριάς,
254 365 298 396 ut
328 370 452 407 supra
470 371 506 408 p.
541 359 647 399 704.
675 357 779 413 (cap.
808 356 903 412 62.)
934 355 1010 398 τὸν
1037 360 1114 409 τῆς
1142 357 1309 410 Καρίας
1337 354 1556 411 σατράπην

97 411 1223 467 Kdooavaoov.PA1„1v1.BenePalmerius.Addidisset
1225 412 1465 466 Ασανὸρος
1483 413 1556 452 Ca-

97 473 178 509 riae
208 470 296 509 huic
326 472 517 520 praefecto
547 472 669 511 fuisse
701 485 866 520 nomen,
904 484 996 513 suus
1017 470 1108 510 huic
1135 473 1222 510 loco
1245 472 1352 509 color
1376 470 1554 509 redisset.

98 527 187 567 Vid.
206 534 285 565 not.
308 530 349 566 in
369 528 411 566 L.
431 526 576 567 XVssI.
599 529 673 569 39·
708 528 848 569 VVESS.

211 596 319 636 377.
348 597 416 638 10.
430 594 530 635 Καὶ
551 593 772 662 Σέλευκον]
789 596 879 635 Non
898 595 1054 635 videtur
1074 594 1120 632 de
1139 593 1264 631 nihilo
1284 607 1417 632 eorum
1435 592 1554 632 Codd.

97 653 301 702 scriptura,
315 654 355 690 in
368 652 504 718 quibus
526 666 594 690 ναι
585 648 900 705 Κασσανὸρον
928 652 1113 690 Fortasse
1132 653 1275 688 lectum
1294 652 1386 688 olim
1405 656 1554 688 utrum-

95 721 170 759 que
190 709 279 756 fuit,
296 714 339 745 ut
357 703 567 745 amicitiam
585 716 671 747 cu'm
692 709 928 756 Ptolemaeo,
947 709 1110 747 Seleuco
1133 714 1171 744 et
1189 706 1420 754 Cassandro,
1439 719 1553 754 quam
1581 756 1583 758 Ι

93 766 204 815 prius
224 766 415 816 coluerat,
447 766 579 803 missis
599 766 738 819 legatis
755 767 1045 806 instauraverit.
1091 763 1181 803 Vid.
1210 764 1303 801 libri
1327 762 1440 801 huius
1469 775 1552 813 cap.

98 823 172 863 68.
201 821 338 860 Wnss.

209 878 314 919 377.
333 878 411 918 22.
438 872 564 928 Πλὴν
584 878 660 929 τῆς
680 873 833 933 α’κρας]
861 877 958 917 Vide
981 876 1026 917 L.
1043 875 1140 918 XX.
1162 878 1239 919 27.
1259 882 1297 915 et
1317 874 1553 915 Strabonem

94 931 139 972 L.
156 932 266 971 XIV.
289 946 326 984 p.
351 933 458 973 963.
498 933 635 971 WEss.

210 1001 319 1043 377.
354 1000 431 1041 25.
471 996 562 1039 Ἐπὶ
581 997 664 1068 :Hyr
679 997 824 1040 Ἴασον
851 995 974 1041 πόλιν
1002 998 1259 1054 ἓκπεμφθεις
1287 1007 1362 1039 etc.
1373 1003 1390 1048 ]
1427 999 1552 1038 Pleri-

92 1068 169 1107 que
184 1053 378 1104 ’'Iaooov,
416 1058 526 1094 cuius
555 1059 662 1096 cives
690 1060 733 1095 in
760 1060 889 1095 numis
920 1057 1179 1106 IACCEIE,
1220 1058 1439 1107 adpellant,
1478 1069 1552 1093 nec

91 1118 221 1151 tamen
249 1125 404 1160 omnes,
442 1114 562 1151 sicuti
588 1113 637 1152 ad
668 1113 866 1152 Hieroclis
898 1112 1128 1165 Synecdem.
1156 1127 1192 1164 p.
1215 1115 1320 1154 689.
1352 1120 1552 1151 ostensum

92 1171 180 1208 fuit.
220 1169 272 1207 At
296 1168 333 1207 id
364 1171 465 1210 leve.
506 1170 613 1213 Quae
641 1177 857 1220 sequuntur
881 1167 1132 1223 ἠναγκάσθη
1162 1167 1435 1222 προσθέσθαι
1462 1173 1552 1215 τοῖς

91 1229 184 1279 περὶ
200 1223 465 1292 ’Arm'yovov3
478 1225 673 1275 Interpres
692 1227 740 1265 ad
758 1226 1021 1265 Ptolemaeum
1039 1229 1187 1275 retulit,
1202 1234 1385 1275 tanquam
1404 1228 1438 1263 is
1464 1238 1550 1262 cum

91 1283 295 1334 Antigono
315 1295 355 1319 se
379 1284 614 1334 coniungere
632 1285 686 1320 sit
704 1291 880 1321 coactus.
909 1285 976 1332 qui
995 1284 1147 1331 quidem
1160 1284 1349 1333 Antigoni
1368 1295 1455 1320 cum
1470 1281 1550 1318 dux

91 1341 213 1378 fuerit
233 1346 270 1377 et
297 1340 430 1376 fratris
451 1338 558 1376 filius
582 1346 694 1390 atque
714 1340 762 1376 ab
781 1340 916 1378 eodem
934 1340 983 1376 ad
1003 1340 1151 1378 lassum
1173 1339 1436 1403 occupandam
1456 1339 1550 1374 mis-

92 1406 173 1464 sus,
212 1398 254 1434 in
286 1402 418 1445 aperto
449 1396 584 1445 utique
610 1403 691 1444 est,
717 1396 757 1433 id
779 1409 913 1446 parum
936 1396 1156 1446 procedere.
1206 1396 1309 1446 Lege
1342 1389 1550 1447 ηνάγκασε

89 1448 248 1504 ‘cai-mv
275 1449 546 1504 προσθέσθαι
580 1457 652 1489 etc.
691 1452 828 1491 urbem
854 1466 942 1491 eam
964 1466 1050 1504 pm·
1054 1454 1157 1492 tibus
1178 1453 1374 1502 Antigoni
1402 1463 1446 1489 se
1475 1450 1550 1488 ad-

90 1511 257 1559 iungere
278 1509 422 1558 coegit,
450 1513 490 1544 et
511 1509 618 1546 clara
639 1510 766 1547 omnia
787 1516 917 1547 erunt.
943 1509 1081 1549 WESS.

203 1577 310 1617 377.
339 1576 415 1615 47.
449 1572 727 1617 Ἔπὲπλευσαν
761 1598 810 1605 -
844 1579 1160 1631 καταφρονοῦσι
1188 1580 1277 1624 τοῖς
1309 1571 1548 1626 πολεμίοις]

87 1631 218 1672 Erunt
236 1634 425 1679 fortasse,
449 1633 515 1681 qui
535 1635 898 1686 καταφρονοῦντες
917 1636 1001 1673 τῶν
1021 1632 1230 1684 πολεμίων
1259 1635 1469 1671 maluerint
1499 1643 1549 1668 ex

88 1687 187 1741 Reg.
208 1700 286 1738 pr.;
306 1701 377 1740 ego
392 1688 497 1726 aliud
510 1696 714 1738 cense0,et
730 1702 754 1727 a
770 1691 930 1744 vulgato,
953 1703 1034 1729 non
1053 1689 1230 1739 deflecto,
1259 1692 1397 1740 quippe
1417 1694 1549 1741 gestae

88 1749 147 1787 rei
167 1747 260 1784 satis
280 1758 465 1796 congruo.
487 1744 633 1784 lVESS.

203 1813 308 1854 378.
341 1813 414 1853 57.
445 1808 992 1866 ’Λντεστρατοπεὸεὖσαντο
1017 1833 1067 1843 -
1088 1811 1182 1865 περὶ
1208 1810 1367 1852 Κίνναν
1395 1806 1547 1861 πόλιν]

87 1867 208 1906 Urbis
234 1869 384 1906 Cinnae
401 1870 509 1917 nulla
528 1869 628 1918 apud
649 1870 803 1909 Livium
823 1872 865 1907 in
876 1873 971 1907 anni
989 1869 1103 1909 huius
1116 1868 1292 1917 historia,
1320 1870 1428 1906 nulla
1447 1866 1549 1915 apud

89 1929 201 1975 alios,
230 1926 331 1975 quod
349 1928 492 1962 rescire
510 1926 660 1974 quitum
682 1933 753 1974 est,
778 1929 924 1964 mentio
946 1929 1125 1964 recurrit.
1152 1925 1197 1962 ld
1217 1926 1437 1976 Philippum
1457 1923 1548 1961 Clu-

89 1985 240 2023 verium
260 1984 416 2032 inpulit,
441 1988 484 2018 ut
503 1981 548 2018 de
560 1981 723 2020 Luceria
744 1985 936 2034 cogitaret
952 1982 1040 2021 Ital.
1059 1982 1194 2032 Antiq.
1208 1981 1252 2023 L.
1266 1982 1379 2031 1V.p.
1397 1982 1549 2027 1212,

91 2041 177 2086 cui,
203 2041 282 2077 nisi
300 2039 406 2075 aliud
422 2035 550 2082 Codd.
575 2039 712 2089 scripti
734 2039 1244 2087 imperaverint,acce‹lere
1274 2051 1353 2075 non
1380 2050 1548 2087 possum.

91 2096 189 2136 Nam
211 2102 250 2132 et
267 2095 368 2132 nihil
387 2096 467 2132 fere
499 2107 690 2132 conmune
709 2094 853 2132 habent
869 2095 1071 2134 KINNA
1090 2094 1482 2142 et-AOYKEPIA,
1508 2098 1547 2129 et

90 2153 260 2204 praefert
276 2151 451 2189 Italicum
478 2151 571 2204 quid
595 2151 743 2199 Cinna,
783 2165 832 2189 ex
851 2153 977 2189 nobili
994 2149 1263 2188 Corneliorum
1279 2151 1426 2188 familia
1444 2148 1550 2187 haud

88 2212 278 2259 ignotum.
309 2208 462 2245 Livium
482 2207 585 2257 quod
603 2209 760 2256 attinet,
785 2211 867 2246 eius
887 2208 1084 2245 dissensus
1103 2210 1249 2245 morari
1267 2209 1459 2245 neminem
1480 2205 1548 2242 de-

90 2266 169 2312 bet,
197 2267 238 2302 in
259 2266 380 2315 gestis
398 2263 512 2302 huius
532 2265 625 2302 anni
648 2264 764 2302 rebus
787 2265 963 2302 diversos
981 2266 1140 2302 annales
1163 2266 1295 2301 secuti.
1333 2262 1462 2312 Ipsum
1484 2261 1549 2298 adi

90 2321 134 2358 L.
155 2320 227 2360 [X.
249 2322 325 2361 24.
345 2327 384 2357 et
401 2332 504 2369 seqq.
530 2319 628 2358 Fors
651 2334 743 2374 ergo
769 2321 897 2362 Cinna
919 2321 1125 2360 obscurum
1143 2322 1186 2359 in
1205 2320 1442 2359 Samnitium
1458 2317 1549 2356 fini-

87 2379 163 2419 bus
187 2377 368 2427 oppidum
384 2377 472 2416 fuit.
501 2376 638 2416 WESS.

207 2443 314 2483 378.
348 2446 421 2485 68.
479 2441 609 2485 Γάϊον
640 2440 837 2492 Μάνιον]
888 2440 1017 2486 Γάϊον
1057 2443 1245 2487 Μαίνιον
1294 2450 1334 2481 et
1363 2437 1547 2494 Μάρκον

97 2494 280 2539 Φᾶσλιον
294 2499 517 2552 ἵππαρχον.
547 2500 683 2539 Rnon.
719 2498 849 2542 Γάϊον
867 2502 1081 2555 Μαίνιον]
1114 2502 1173 2540 lta
1199 2503 1336 2551 scripsi
1354 2512 1403 2536 ex
1425 2499 1549 2548 sigo-

97 2559 168 2602 nii,
195 2555 380 2595 ,Μαίιίον
402 2559 562 2595 citantis
585 2558 634 2596 ad
652 2558 757 2597 Livii
777 2557 820 2596 L.
840 2557 912 2595 lx.
931 2560 1022 2606 26.,
1053 2559 1205 2596 codice:
1246 2564 1399 2604 cetera,
1429 2556 1503 2592 etsi
1521 2566 1546 2590 a

95 2610 377 2650 Rhodomanno
398 2613 494 2650 bene
511 2620 685 2651 correcta
703 2617 804 2661 sint,
833 2627 912 2653 non
931 2616 1055 2655 audeo
1074 2622 1237 2653 mutare.
1262 2614 1399 2662 Liquet
1419 2617 1546 2648 autem

98 2668 190 2706 hinc
211 2675 250 2706 et
263 2682 312 2706 ex
333 2668 496 2708 Tabulis
514 2668 760 2720 Capitolinis,
783 2670 1023 2711 Dictatorem
1033 2670 1075 2710 C.
1087 2671 1286 2710 Maenium
1301 2671 1361 2707 rei
1378 2671 1420 2706 in
1433 2665 1546 2703 Cam-

101 2737 221 2772 panos
238 2726 448 2775 gerendae,
486 2740 565 2765 non
583 2729 822 2777 quaestionis
841 2729 883 2765 in
904 2742 970 2766 eos
999 2728 1236 2766 exercendae
1263 2738 1400 2766 caussa
1425 2724 1545 2761 fuisse

100 2781 256 2818 dictum.
282 2782 416 2821 Livius
443 2785 541 2822 alios
565 2790 720 2822 secutus
735 2786 895 2822 annales
926 2786 1119 2825 dissentit.
1150 2784 1288 2823 VVESS.

217 2838 322 2878 378.
354 2841 429 2879 77.
462 2835 636 2887 Αὗτοὺς
668 2838 857 2894 ἀνεῖλον]
903 2842 1050 2895 Itaque
1073 2843 1158 2881 sive
1181 2843 1321 2879 timot-2
1344 2838 1451 2883 eius,
1479 2847 1547 2873 seu
