1859 3326
290 239 391 288 Lxx'
535 258 538 261 ·
919 257 1126 289 IIEYNE

279 349 399 396 inus,
426 353 517 389 nihil
544 358 671 400 potest
695 365 779 391 esse
805 355 980 400 gravius,
1007 353 1101 387 nihil
1124 353 1331 396 salubrius,
1361 363 1470 398 quam
1494 354 1537 386 ut
1561 351 1605 394 ii,
1630 351 1693 396 qui
1719 360 1743 384 a

294 411 454 444 diversis
487 414 680 458 principiis
711 412 870 458 profecti
903 413 941 444 in
969 411 1139 444 diversas
1173 412 1382 457 sententias
1408 410 1670 450 discesserint,
1696 408 1744 441 de

296 468 427 502 eadem
452 481 493 504 re
519 471 710 514 disputata
742 472 778 503 in
807 469 968 502 medium
1002 469 1210 514 proferant.
1255 468 1310 502 Ad
1339 468 1651 501 obtrectationem
1677 475 1748 498 au-

294 530 373 558 tem
400 530 437 559 et
459 527 704 561 invidentiam
732 537 801 560 nec
827 527 906 570 ipse
935 524 1081 559 referre
1108 525 1178 559 hoe
1202 526 1330 566 soleo,
1357 526 1387 557 si
1414 525 1495 569 quis
1520 524 1672 557 diversa
1698 516 1744 556 ab

294 583 363 624 iis,
390 594 484 628 quae
522 587 602 629 ipse
628 588 774 624 statuo,
811 582 1003 623 attulerit,
1030 586 1068 615 et
1095 593 1180 616 meo
1206 584 1287 616 iure
1312 582 1504 626 postulare
1531 581 1684 621 videor,
1706 584 1749 613 ut

298 643 336 673 et
368 641 479 682 mihi,
517 651 611 686 quae
643 643 787 682 sentio,
822 642 859 673 in
890 641 1054 674 medium
1093 650 1302 686 proponere
1339 640 1463 674 liceat.
1510 639 1568 672 lta
1592 638 1747 672 tandem

293 697 425 732 licebit
448 699 545 743 aliis,
568 698 666 732 forte
695 703 733 732 et
758 697 848 731 mihi
878 697 1098 744 [106]ipsi‚
1127 697 1319 731 exactiore
1345 696 1472 730 iudicii
1495 694 1639 729 trutina
1659 706 1749 741 pen-

296 756 421 789 sitatis
444 756 574 797 rebus,
610 756 786 789 indicium
814 754 940 789 facere
966 756 1154 789 subtilius.

386 813 428 845 ln
456 816 601 857 promtu
628 813 777 860 quidem
799 818 868 854 est,
893 814 1099 859 Aegyptios
1127 813 1253 846 dicere
1276 811 1322 845 de
1348 811 1476 853 sacris,
1502 810 1749 856 religionibus

297 878 343 902 uc
360 870 499 903 litteris
523 871 614 911 suis,
648 871 812 904 absurda
833 876 871 904 et
888 871 1045 905 ridicula
1064 871 1287 911 tradidisse3
1312 880 1490 902 accusare
1510 879 1576 901 seu
1595 869 1751 913 scripto-

297 937 380 960 rum
405 937 472 960 seu
484 927 720 962 sacerdotum
748 928 901 963 fraudes
929 933 966 961 et
988 927 1195 961 mendacia.
1242 927 1375 970 Neque
1401 928 1432 959 is
1459 937 1529 970 ego
1557 937 1659 968 sum,
1686 927 1751 972 qui

298 994 468 1017 caussam
482 995 610 1017 eorum
631 986 815 1030 agendam
837 987 1047 1029 suscipiam.
1072 985 1181 1018 Licet
1199 990 1325 1018 tamen
1346 984 1443 1017 forte
1463 995 1578 1028 agere
1601 994 1683 1017 cum
1703 984 1750 1016 iis

298 1041 522 1075 clementius
548 1053 591 1075 ac
617 1043 826 1085 liberalius,
851 1044 882 1076 si
906 1044 1103 1089 sequentia
1129 1047 1231 1076 recte
1257 1053 1278 1075 a
1304 1052 1362 1074 me
1388 1045 1594 1084 ponuntur:
1623 1041 1748 1074 Primo

298 1100 487 1142 sapientia
518 1101 788 1146 Aegyptiorum
819 1102 1069 1145 antiquiorum
1106 1110 1190 1133 esse
1227 1101 1348 1142 potuit
1382 1099 1456 1130 alia
1483 1098 1605 1139 nulla,
1639 1108 1751 1144 quam

297 1154 485 1189 infantiae
510 1159 663 1201 generis
690 1156 860 1199 humani3
891 1160 1086 1202 opiniones
1113 1158 1208 1191 adeo
1234 1161 1271 1189 et
1300 1156 1437 1201 placita
1461 1155 1527 1188 illa
1555 1156 1753 1199 complecti

300 1212 432 1246 debuit
466 1215 511 1246 ad
546 1218 694 1247 nostros
728 1225 861 1247 sensus
897 1216 1069 1259 vulgaria
1103 1219 1140 1246 et
1177 1214 1239 1246 vel
1266 1214 1393 1258 pueris
1420 1213 1550 1253 obvia,
1576 1211 1752 1259 physicas

299 1275 427 1304 autem
462 1274 648 1310 rationes,
683 1277 724 1305 ut
753 1272 901 1305 rudium
939 1272 1153 1310 hominum,
1186 1280 1303 1303 vanas
1336 1271 1535 1314 plerasque
1563 1274 1601 1303 et
1626 1281 1754 1314 super-

299 1329 482 1365 stitiosas.
540 1329 721 1363 Sermone
763 1340 874 1373 porro
912 1330 970 1360 usi
1008 1332 1096 1360 sunt
1133 1328 1170 1359 in
1207 1327 1368 1360 infantia
1406 1329 1559 1372 generis
1601 1327 1754 1362 humani

299 1389 411 1427 nato,
445 1391 483 1419 et
510 1389 696 1432 scriptura
722 1385 1027 1430 hieroglyphica,
1066 1395 1160 1431 qnae
1189 1396 1263 1419 non
1288 1386 1410 1418 minus
1436 1385 1661 1419 incunabula
1688 1387 1754 1421 illa

300 1445 449 1488 arguit,
481 1448 520 1477 et
544 1445 611 1490 ¹vel
647 1446 979 1489 sagacissimorum
1012 1442 1203 1476 hominum
1237 1454 1394 1476 acumen
1430 1443 1615 1476 obtundit.
1667 1445 1753 1479 Huc

301 1509 499 1543 sermone,
522 1500 580 1535 his
603 1501 863 1546 hieroglyphis
888 1502 1000 1535 animi
1021 1501 1159 1533 iudicia
1181 1502 1219 1533 in
1239 1501 1366 1533 multis
1386 1500 1549 1541 deflecti,
1573 1508 1611 1534 et
1634 1503 1755 1536 omnis

301 1558 513 1603 cogitandi,
547 1560 824 1593 commentandi
859 1564 897 1593 et
930 1558 1150 1604 eloquendi,
1182 1559 1280 1590 ratio
1305 1559 1456 1603 proprio
1480 1559 1606 1604 aliquo
1628 1569 1672 1593 ac
1697 1560 1756 1593 di-

300 1625 414 1649 verso
443 1626 465 1650 a
492 1619 631 1650 nostris
659 1617 832 1650 sensibus
859 1617 969 1650 modo
998 1616 1175 1650 constitui
1199 1615 1340 1650 debuit,
1715 1644 1718 1645 γ

395 1674 473 1707 lam
507 1675 552 1706 ab
579 1676 685 1708 initio
720 1676 846 1718 itaque
875 1674 985 1708 facile
1020 1674 1181 1718 intelligi
1214 1676 1360 1716 potest,
1386 1672 1434 1718 (Ι)
1461 1672 1668 1716 Aegyptios
1694 1684 1756 1708 no-

302 1730 361 1763 bis
387 1732 425 1764 in
453 1733 581 1765 multis
606 1734 739 1778 nugari
762 1733 882 1766 videri
909 1733 1068 1774 debere,
1102 1732 1238 1774 partim
1264 1740 1416 1763 suarum
1441 1732 1657 1774 opinionum
1686 1742 1756 1764 va-

303 1791 444 1832 nitate,
478 1791 612 1834 partim
649 1795 779 1823 nostra
809 1792 1048 1834 ignoratione
1076 1799 1226 1829 eorum,
1264 1797 1359 1832 quae
1385 1789 1503 1831 signis
1530 1789 1759 1822 notionibus-

303 1857 376 1892 que
404 1857 427 1880 a
462 1852 591 1881 nostro
624 1859 727 1880 more
758 1848 893 1880 alienis
927 1847 1176 1880 tradiderant.
1222 1844 1260 1877 Si
1296 1850 1423 1878 tamen
1458 1856 1548 1879 vera
1573 1850 1611 1879 et
1636 1856 1758 1890 aequa

305 1904 352 1939 de
377 1905 423 1938 iis
448 1905 617 1938 iudicare
654 1905 847 1946 volumus,
878 1907 998 1950 primo
1036 1904 1139 1945 loco,
1173 1902 1259 1946 quid
1293 1903 1363 1944 ipsi
1389 1905 1595 1945 senserint,
1621 1904 1757 1948 quidve

305 1972 435 1996 eorum
462 1964 597 1995 animis
625 1964 660 1995 in
686 1974 831 2007 quaque
861 1949 1116 1995 reobiectum
1145 1964 1210 1992 aut
1236 1960 1352 1992 fuerit
1374 1964 1439 1993 aut
1470 1971 1554 1994 esse
1581 1962 1758 2005 potuerit,

304 2023 348 2053 ut
371 2030 630 2065 assequamur,
656 2020 927 2053 elaborandum
954 2020 1047 2058 erit;
1078 2018 1136 2049 sin
1161 2018 1312 2060 assequi
1338 2029 1411 2051 non
1436 2018 1598 2059 licuerit,
1622 2019 1758 2052 saltem

303 2080 474 2110 nostrum
501 2079 676 2110 iudicium
711 2079 784 2110 erit
813 2076 1069 2109 inhibendum.
1118 2075 1222 2114 Quae
1250 2076 1426 2119 Aegyptii
1460 2080 1638 2120 tanquam
1666 2077 1760 2108 anti-

306 2136 432 2178 quitus
467 2136 607 2169 tradita
642 2139 888 2180 acceperant,
918 2134 1172 2166 monumentis
1206 2134 1369 2176 antiquis
1396 2137 1504 2165 erant
1526 2135 1761 2178 consignata,

305 2190 602 2237 hieroglyphicis
629 2194 779 2238 quidem
805 2190 1107 2230 characteribus,
1137 2190 1332 2233 iil-quibus
1357 2189 1653 2233 interpretandis
1677 2201 1761 2223 con-

308 2251 404 2282 sumi
426 2251 546 2295 [107]
562 2250 799 2283 sacerdotum
827 2249 1007 2281 doctioris
1031 2248 1115 2280 aevi
1141 2257 1295 2290 operam
1322 2256 1478 2279 necesse
1499 2246 1581 2280 fuit.
1601 2248 1761 2282 Exarati

310 2307 357 2340 de
372 2306 429 2340 his
443 2308 530 2341 libri
548 2309 645 2341 sacri
664 2318 730 2340 seu
754 2307 1012 2340 commentarii
1033 2304 1271 2337 sacerdotum
1292 2304 1431 2336 litteris
1450 2305 1703 2348 Aegyptiacis,
1723 2307 1761 2339 in

313 2365 450 2409 quibus
477 2375 675 2398 accessere
699 2375 786 2397 mox
814 2365 889 2396 alia
915 2364 1070 2395 serioris
1097 2362 1189 2394 aevi.
1225 2361 1291 2405 (ll)
1330 2362 1461 2394 Omnis
1488 2373 1599 2405 porro
1626 2364 1762 2408 religio

309 2424 583 2467 Aegyptiorum
618 2432 640 2454 a
673 2423 790 2453 saeris
824 2420 1032 2464 ritibusque
1065 2419 1244 2462 singulis,
1281 2423 1323 2451 ut
1358 2420 1440 2462 ipsa
1474 2429 1601 2452 rerum
1627 2424 1762 2454 natura

311 2479 408 2520 fert,
434 2481 639 2524 processit3
665 2489 687 2511 a
713 2478 871 2521 singulis
898 2477 1051 2510 familiis
1075 2487 1119 2509 ac
1146 2476 1325 2519 stirpibus
1352 2476 1398 2508 ad
1427 2475 1540 2508 urbes
1568 2481 1606 2509 et
1630 2487 1762 2510 nomos

309 2538 480 2581 singulos
506 2548 613 2569 sacra
638 2538 842 2569 transiere:
868 2536 906 2567 in
932 2535 990 2568 his
1015 2536 1300 2578 praecipuarum
1326 2533 1588 2566 nonnullarum
1615 2533 1762 2567 urbium

311 2605 420 2627 sacra
447 2600 485 2628 et
510 2596 682 2634 numina,
718 2603 836 2637 eaque
872 2593 967 2626 adeo
993 2594 1115 2635 patria
1152 2604 1174 2625 a
1199 2591 1404 2624 maioribus
1430 2594 1604 2634 accepta,
1629 2591 1767 2634 princi-.

312 2656 438 2695 patum
471 2652 689 2691 obtinuere3
724 2651 769 2683 «le
808 2651 941 2693 quilius
976 2654 1175 2694 supererat
1204 2649 1302 2682 forte
1336 2650 1437 2682 sama
1465 2648 1590 2691 aliqua
1617 2651 1654 2679 et
1680 2657 1761 2679 nar-

313 2711 410 2742 ratio
436 2720 516 2741 cum
551 2710 685 2742 iisdem
720 2719 741 2741 a
776 2709 943 2751 patribus
982 2713 1155 2751 accepta3
1188 2707 1363 2739 similiter
1387 2707 1500 2739 etiam
1527 2704 1760 2748 singularum

315 2766 461 2799 urbium
500 2777 544 2799 ac
580 2776 781 2810 regnorum
816 2776 883 2808 per
913 2767 1124 2810 Aegyptum
1163 2766 1369 2797 memoriae
1401 2761 1649 2795 habebantur.
1679 2761 1757 2805 (ΙΙΙ)

315 2824 451 2856 Omnia
475 2825 592 2868 igitur
621 2823 734 2864 haec,
759 2829 799 2856 nt
823 2824 861 2855 in
886 2824 971 2855 aliis
994 2824 1127 2866 priscis
1148 2822 1313 2865 populis,
1348 2820 1542 2864 sigillatim
1567 2828 1701 2862 sparsa
1723 2822 1763 2851 et

316 2880 361 2913 de
388 2880 502 2914 rebus
536 2881 714 2926 singulis;
747 2890 930 2925 nusquam
961 2889 1096 2924 corpus
1128 2878 1280 2924 aliquod
1313 2888 1357 2911 ac
1387 2880 1557 2922 systema
1580 2885 1648 2909 seu
1672 2874 1762 2908 reli—-

322 2936 335 2946 x
