1859 3326
304 197 392 238 132
770 189 1288 233 AN'NOTATIONES

299 307 442 347 (ludum
462 304 632 344 ostendit
655 302 726 343 Ph.
747 303 951 343 Cluverius
972 303 1052 344 Sic.
1075 305 1208 358 Antiq.
1230 306 1272 346 L.
1294 306 1323 344 l.
1345 318 1380 356 p.
1403 307 1512 347 219.
1542 305 1654 344 Conf.
1674 313 1752 343 not.

300 368 342 404 in
361 364 404 401 L.
424 362 512 400 XV.
537 363 608 402 17.
637 360 770 398 1171338.

419 418 524 460 145.
556 419 630 457 31.
678 414 765 455 Τὸν
791 414 866 467 μὲν
888 412 1053 456 Ἱκέταν
1079 413 1426 469 καταπολεμήσας
1448 415 1614 468 ἔθαψε]
1654 415 1756 453 Con·

306 477 426 515 cisam
478 474 711 511 sententiam
751 485 823 509 nec
861 475 954 510 satis
989 481 1160 522 apertam
1196 474 1420 524 explanabit
1469 473 1570 511 Plut.
1616 472 1758 510 Timol.

303 548 339 585 p.
363 533 470 572 252.
492 530 537 567 A.
584 528 742 576 Victus,
779 535 912 578 captus
941 535 981 565 et
1006 529 1222 580 Syracusas
1253 537 1466 581 pertractus
1494 537 1551 567 est
1583 528 1758 576 Hicetas,

310 596 425 638 atque
453 599 530 624 una
563 598 650 622 eum
675 584 757 622 filio
787 585 1006 634 tyrannidis
1035 592 1075 623 et
1103 587 1338 635 proditionis
1368 599 1508 636 poenas
1530 587 1655 635 capite
1675 586 1759 622 luit.

311 646 448 685 WEss.

425 699 529 740 145-
556 696 629 738 37
672 693 783 743 Τοὺς
813 693 919 736 κατὰ
950 694 1027 750 τὴν
1055 700 1184 749 νῆσον
1212 691 1438 765 τυράννους
1469 691 1761 766 ῥιζοὶογησας]

311 756 563 795 Simillimum
582 755 621 790 in
642 752 825 801 Excerpt.
845 752 971 790 Vales.
991 766 1027 803 p.
1052 755 1159 795 341.
1197 767 1264 791 και
1285 750 1382 800 τοὺς
1401 751 1505 793 κατὰ
1522 751 1598 805 τὴν
1617 753 1764 793 Mane-

312 811 455 853 ὁονιάν
487 805 783 863 ῥιζοτομήσας,
808 805 878 848 οἷα
906 807 980 849 τὸν
991 809 1197 877 Περσέα
1225 807 1360 847 Placet
1384 812 1582 860 utriusque
1611 810 1765 859 linguae

313 868 565 916 scriptoribus
585 865 657 902 hoc
677 878 820 915 genus,
847 862 927 905 ἀπὸ
952 880 1036 906 των
1063 861 1291 931 paeonium
1311 868 1551 904 translatum.
1583 864 1768 903 Herodot.

317 926 362 965 1.
388 923 454 960 VL
481 924 553 963 86.
582 935 618 972 p.
643 923 750 961 360.
777 920 1034 973 ἐκτέτριπταί
1053 937 1095 962 τε
1125 917 1340 977 πρόόῥιζος
1373 920 1416 961 ἐκ
1447 918 1653 991 Σπάρτης.
1681 921 1770 958 An·-

317 979 474 1018 doeides
493 978 561 1015 Or.
585 977 632 1014 de
655 977 773 1028 Myst.
796 989 832 1027 p
860 979 928 1018 19
955 975 1042 1017 ἀλλ’
1065 977 1217 1030 οἴχεται
1235 980 1317 1017 πᾶν
1341 974 1516 1032 πρόρῥιζ
1515 993 1561 1017 ον
1585 972 1693 1030 (τό
1672 975 1771 1029 ημέ·

318 1051 436 1087 τερον
456 1031 602 1100 γένος.)
631 1033 814 1083 Iosephus
834 1034 916 1071 lud
938 1033 1037 1072 Belli
1061 1035 1103 1073 L.
1123 1035 1205 1072 Vll.
1230 1036 1269 1075 8.
1295 1046 1330 1083 p.
1350 1036 1459 1074 430
1489 1029 1747 1087 πρόρριζος
1727 1048 1772 1072 εκ

319 1090 498 1144 βάθρων
528 1086 802 1141 ἀνήρπασται.
852 1090 1049 1128 Phaedrus
1081 1090 1151 1130 111.
1189 1092 1258 1131 10.
1291 1092 1366 1132 49.
1404 1104 1430 1128 α
1462 1090 1664 1128 radicibus
1697 1102 1774 1127 non

323 1150 535 1187 evertisset
560 1147 710 1184 scelere
721 1146 892 1193 funesto
924 1148 1089 1186 domum.
1132 1148 1198 1185 ubi
1217 1147 1307 1184 vide
1325 1146 1600 1183 Burmannum.
1636 1146 1774 1183 Paullo

323 1206 517 1243 diversum
544 1209 623 1250 est,
655 1201 722 1239 sed
743 1204 930 1269 originem
950 1204 1171 1252 declarans,
1202 1201 1275 1240 hoc
1300 1202 1529 1240 Philostrati
1551 1202 1581 1239 1
1587 1204 1629 1239 it.
1646 1200 1774 1252 Apoll.

323 1262 368 1299 L.
389 1259 455 1298 11
479 1260 553 1299 26.
585 1255 651 1296 ειτ’
676 1257 717 1297 ἐν
727 1254 850 1327 πάσῃ
868 1261 919 1325 τῇ
938 1261 989 1313 γῇ
1011 1273 1155 1325 ᾳυεται
1185 1255 1252 1312 (τὸ
1274 1254 1517 1311 φάρμακον)
1534 1253 1778 1312 (ἷιζοτομοῦ-

326 1331 404 1370 σης
423 1312 525 1354 αὐτὸ
550 1312 701 1366 σοφίας
719 1312 764 1353 ἐκ
784 1318 867 1353 τῶν
890 1312 1039 1367 ἑαυτῆς
1058 1310 1211 1367 κήπων.
1239 1314 1378 1353 wssss.

442 1371 545 1412 145.
575 1370 650 1410 44.
689 1368 764 1417 Εις
793 1368 870 1421 μὲν
899 1368 975 1423 τὴν
1004 1367 1324 1424 Συρακουσίαν]
1361 1368 1432 1407 Sic
1461 1370 1590 1409 statim
1619 1368 1675 1417 εἷς
1703 1366 1779 1422 τὴν

325 1425 600 1497 >Λγυριναίαν
626 1432 664 1463 et
693 1425 749 1473 εις
770 1424 846 1479 τὴν
874 1426 1182 1495 Καμαριναίων
1221 1427 1326 1466 Plut.
1357 1425 1497 1465 Timol.
1525 1437 1560 1476 p.
1589 1428 1697 1468 251
1726 1424 1777 1467 D.

329 1481 352 1526 ὃ
379 1480 531 1535 Ἱκέτης
549 1479 743 1534 ἕμβαλων
765 1480 821 1529 εις
848 1480 925 1536 τὴν
944 1482 1248 1535 Συρακουσίων
1276 1483 1379 1533 quod
1400 1484 1442 1520 in
1470 1480 1551 1535 τὴν
1569 1482 1782 1536 Συρακου-

330 1540 432 1581 σίων
451 1547 495 1576 ut
513 1545 726 1576 mutaretur
745 1550 767 1576 a
785 1540 871 1577 viro
889 1539 1015 1587 docto,
1034 1552 1172 1578 caussa
1189 1541 1322 1591 gravis
1340 1537 1443 1577 haud
1464 1546 1560 1577 erat.
1589 1537 1648 1577 De
1669 1540 1783 1577 novis

332 1596 484 1635 colonis
505 1595 606 1633 idem
628 1594 731 1632 Plut.
753 1594 847 1633 ibid
870 1608 907 1646 p.
929 1597 1038 1636 247.
1068 1595 1204 1636 117Ε83,

447 1652 551 1692 145.
579 1651 654 1691 48.
692 1647 777 1697 Οὓς
801 1650 1033 1720 συνέγραψε
1052 1649 1257 1705 Διοκλῆς]
1283 1649 1372 1689 vid.
1393 1650 1439 1688 ‹le
1458 1649 1595 1689 Diocle
1612 1650 1656 1688 L.
1671 1649 1784 1689 XIII.

331 1710 408 1749 33.
434 1715 471 1745 et
494 1708 567 1747 35.
611 1705 704 1744 Mox
732 1706 824 1760 περὶ
852 1710 936 1747 τῶν
961 1707 1138 1748 ἰδιωτῶν
1162 1705 1430 1759 συμβολαίων
1461 1707 1536 1744 etsi
1562 1718 1638 1757 quo
1666 1707 1783 1745 modo

331 1763 489 1802 defendi
508 1764 630 1813 possit
650 1775 729 1800 non
748 1764 937 1814 ignorem,
963 1764 1117 1802 libens
1106 1776 1148 1801 m
1166 1766 1251 1803 τῶν
1272 1762 1488 1803 ἰδιωτικῶν
1507 1769 1784 1802 converterem.

330 1821 506 1870 Namque
536 1821 592 1856 ita
621 1821 702 1867 ipse
735 1831 837 1869 supr.
867 1833 900 1857 c.
922 1821 994 1860 72.
1025 1819 1071 1857 de
1100 1818 1366 1866 Timoleonte,
1398 1817 1467 1858 καὶ
1500 1815 1554 1858 τὰ
1580 1818 1673 1872 περὶ
1700 1821 1785 1859 τῶν

331 1877 550 1916 ιὸιωτικῶν
571 1874 837 1926 συμβολαίων
857 1874 1078 1915 δίκαιαοῐο.
1097 1873 1264 1923 διέταξε.
1291 1874 1345 1913 Et
1362 1874 1460 1914 Exn.
1480 1874 1606 1913 Vales.
1625 1888 1663 1925 p.
1677 1875 1786 1916 413.

330 1930 594 2002 χρηματίζων
613 1952 660 1959 —-
675 1931 767 1985 περὶ
785 1933 873 1971 τῶν
889 1931 1106 1972 ἰδιωτικῶν
1124 1930 1406 1982 συμβολαίων.
1434 1929 1497 1969 Τιι
1519 1932 1554 1969 si
1569 1933 1695 1979 malis,
1717 1931 1788 1969 ad-

334 1992 447 2026 mitte
466 1990 548 2027 τῶι
568 1986 682 2027 ιδ’ίων
704 1989 829 2039 cxv-pest?
849 2000 898 2026 ex
915 1986 1013 2040 Reg.
1043 1995 1082 2025 et
1100 1989 1236 2025 confer
1253 1984 1417 2040 ἀγῶνας
1437 1985 1529 2041 περὶ
1555 1989 1640 2027 τῶν
1669 1986 1785 2027 ιδίων

335 2042 602 2096 συμβολαίων
624 2055 672 2080 ex
700 2043 880 2081 Isocratis
899 2044 1093 2095 Panegyr.
1112 2056 1192 2082 non
1210 2044 1351 2110 longe
1346 2043 1393 2080 ab
1412 2044 1548 2090 initio,
1577 2049 1616 2080 et
1645 2043 1715 2083 Or.
1738 2042 1785 2080 de

334 2101 543 2138 Permutat.
573 2100 734 2149 princip.
757 2099 894 2138 WEss.
932 2098 1164 2141 Τὁιωτικῶν
1182 2094 1439 2154 πραγμάτων
1457 2097 1633 2151 Scaliger
1653 2098 1788 2139 itidem

335 2158 482 2194 maluit.
512 2155 621 2192 IDEM
644 2157 684 2192 in
704 2155 802 2193 Add.

450 2212 556 2252 145.
590 2212 661 2251 53
710 2210 909 2265 Κέφαλος
940 2207 961 2251 ὃ
993 2208 1251 2266 Κορίνθιος]
1298 2209 1492 2263 Collegam
1518 2210 1581 2249 illi
1609 2210 1788 2263 adiungit

334 2267 567 2318 Dionysium
592 2268 696 2304 Plut.
716 2266 860 2308 'limoL
881 2281 915 2318 p.
938 2269 1047 2334 248.
1077 2267 1123 2305 A.
1153 2267 1288 2307 Wssss.

451 2324 552 2363 145.
585 2323 658 2364 65.
689 2323 774 2363 Καὶ
792 2326 962 2377 καρπῶν
981 2319 1146 2375 ἡμέρων
1165 2321 1334 2375 α’ποροι]
1365 2321 1490 2375 Magis
1510 2323 1663 2373 proprie
1681 2322 1787 2361 dice-

332 2386 442 2418 retur
460 2376 637 2432 ἄφοροι,
666 2386 704 2416 et
723 2380 888 2418 fortasse
911 2387 954 2417 ut
972 2378 1166 2418 Diodorus
1188 2381 1355 2430 scripsit.
1376 2379 1533 2417 STEPH.
1559 2379 1786 2429 Adstipulor
1823 2406 1827 2408 v

334 2434 542 2486 Stephano.
573 2434 670 2471 Vide
695 2443 777 2475 not.
798 2435 905 2475 inL.
932 2436 1000 2473 111.
1023 2437 1097 2476 50.
1127 2435 1266 2474 WVEss.

448 2492 550 2531 146.
576 2492 647 2530 75.
684 2488 845 2537 Οἶκοςε
826 2508 847 2531 ο
869 2487 1201 2543 ἕξηκοντακλινος
1220 2486 1542 2541 ὀνομαζόμενος]
1569 2489 1639 2528 Sic
1652 2487 1781 2543 σκηνὴ

331 2543 669 2592 ἑκατοντάκλινος
698 2547 738 2584 L.
766 2546 891 2586 XVII.
927 2550 1021 2594 16.;
1049 2544 1160 2595 οἶκος
1191 2543 1527 2592 ἑκατοντάκλινος
1560 2546 1702 2586 Athen.
1735 2547 1779 2586 L.

331 2603 424 2640 XII.
455 2616 489 2651 p.
516 2604 618 2642 538.
655 2601 715 2648 C.‚
752 2599 862 2648 οἶκος
890 2600 1132 2650 πολύκλινος
1159 2602 1358 2641 Heliodor.
1392 2601 1502 2641 Aeth.
1542 2601 1587 2641 V.
1615 2615 1652 2652 p.
1672 2603 1778 2642 232.

331 2658 550 2695 Ridiculum
573 2658 793 2694 Mirnbellae
814 2659 859 2694 de
880 2658 950 2696 liae
972 2660 1084 2698 domo
1109 2670 1276 2697 errorem
1294 2659 1523 2708 perstrinxit
1553 2657 1627 2695 Iac.
1652 2657 1778 2696 Bona-

330 2728 403 2751 nus
432 2714 567 2764 Syrac.
592 2714 723 2761 Antiq.
754 2713 795 2751 L.
817 2713 845 2750 I.
876 2717 915 2754 6.
947 2718 1060 2762 121.,
1087 2714 1208 2753 falsus
1239 2722 1365 2753 tamen
1387 2715 1490 2763 ipse,
1518 2726 1603 2751 cum
1624 2713 1775 2752 domum

329 2771 449 2816 hanc,
478 2783 590 2818 quam
621 2777 756 2805 auctor
787 2770 938 2807 Insulae
961 2773 1171 2808 clarissime
1199 2771 1355 2818 tribuit,
1386 2772 1488 2808 inter
1516 2783 1560 2807 ea
1585 2777 1773 2818 recenset,

327 2840 486 2875 quorum
511 2826 614 2862 finiri
630 2827 736 2862 loeus
756 2838 834 2862 non
854 2833 992 2874 potest.
1027 2825 1162 2865 IVEss.
