1859 3326
341 227 403 260 XC
945 224 1156 257 HEYNE

332 320 639 369 philosophorum
665 321 835 356 ordinem
854 323 979 356 certas
995 320 1160 356 familias
1183 324 1250 356 aut
1271 322 1413 366 stirpes
1434 323 1683 368 complexum,
1707 326 1785 370 qul,

336 382 483 425 reliqua
509 384 595 425 post
616 380 849 424 Babylonios
876 377 1153 412 Chaldaeorum
1180 381 1296 424 gente
1322 381 1532 424 exstincta,
1558 383 1630 427 ipsi
1657 394 1785 428 super.

336 442 489 479 essent,
531 442 573 472 et
614 437 842 481 sapientium
879 435 1080 480 collegium
1123 435 1278 480 aliquod
1313 437 1589 473 constituerent
1607 446 1637 473 ¹.
1695 440 1786 474 Post

336 495 541 530 Alexandri
570 497 744 538 tempora
773 491 961 526 defecisse
995 492 1087 526 illud
1120 493 1289 535 videtur,
1321 493 1520 538 Babylone
1552 496 1786 539 vacuefacta,

337 554 473 587 incolis
494 562 515 585 a
537 551 697 585 Seleuco
720 548 931 583 Seleuciam
950 549 1144 591 abductis;
1168 551 1240 583 etsi
1266 550 1331 584 ille
1351 551 1399 583 iis
1416 552 1538 585 vicum
1561 554 1666 586 urbis
1685 555 1786 588 circa

337 610 421 644 Beli
442 609 626 652 templum
652 606 896 640 habitandum
920 606 1139 650 reliquerat.
1165 605 1294 648 (Paus.
1309 608 1338 650 1,
1361 606 1409 642 16
1432 612 1544 652 extr.)
1575 610 1711 645 Strabo
1735 611 1784 646 de

337 668 385 700 iis
415 667 466 709 (in
494 665 690 709 praeclaro
716 665 798 698 loco
824 663 924 705 XVI,
950 673 985 707 p.
1004 663 1133 706 1071)
1159 664 1347 709 loquitur,
1373 670 1549 710 tanquam
1578 667 1700 701 adhuc
1725 668 1785 701 di-

337 734 470 758 versas
502 722 616 755 urbes
651 720 890 761 tenentibus,
936 729 1007 752 nec
1039 720 1115 754 alio
1142 721 1253 756 modo
1292 719 1439 756 Plinius
1464 723 1546 768 (Vl,
1564 723 1632 758 26.
1653 735 1683 761 S.
1711 724 1782 769 30)

334 782 404 816 sed
430 780 490 813 hic
511 778 764 823 antiquiorem
786 776 951 822 aliquem
977 778 1190 821 exscripsit.

425 837 639 883 [SIJRedit
664 834 752 868 inde
778 833 970 868 Diodorus
1002 833 1051 867 ad
1075 832 1231 868 Ctesiam
1263 835 1302 869 in
1326 835 1374 869 iis
1401 845 1497 881 quae
1523 836 1570 870 de
1596 833 1784 870 Medorum

335 895 495 938 imperio
520 892 632 935 (c.32
653 912 695 918 —
719 891 788 936 34)
813 895 852 924 et
876 900 965 924 mox
992 890 1040 926 de
1067 889 1175 925 India
1200 891 1447 936 (e.35-42)
1473 892 1612 934 tradit3
1633 892 1785 926 videtur

334 958 462 985 tamen
484 961 506 984 e
533 948 766 995 Megasthene
794 951 834 982 et
866 948 975 990 aliis,
1007 949 1070 992 qui
1096 953 1181 992 post
1202 949 1457 983 Alexandrum
1483 949 1531 983 de
1555 948 1663 982 ludia
1688 949 1784 981 scri-

332 1019 466 1054 psere,
503 1007 651 1042 fabulas
685 1007 732 1040 de
764 1005 936 1050 Dionyso
974 1008 1014 1039 et
1038 1006 1205 1040 Hercule
1231 1006 1460 1047 inseruisse‚·
1497 1016 1654 1051 quarum
1683 1005 1782 1038 forte

332 1065 470 1099 fundus
502 1065 640 1110 aliquis
673 1073 758 1099 esse
792 1063 914 1107 potuit
939 1061 1144 1104 hactenus,
1177 1063 1276 1108 quod
1310 1063 1392 1096 lndi
1427 1063 1474 1097 de
1506 1064 1633 1108 aliquo
1658 1064 1782 1106 prisco

330 1122 446 1156 heroe
479 1132 636 1155 narrare
671 1120 867 1161 solebant,
901 1121 965 1164 qui
999 1121 1195 1156 meliorem
1227 1121 1328 1154 vitae
1363 1119 1504 1153 cultum
1545 1130 1612 1163 per
1646 1124 1783 1164 gentes

331 1179 634 1213 circumtulisset.
680 1179 758 1211 lam
791 1179 885 1218 ista,
916 1178 1053 1223 quippe
1087 1177 1134 1209 iis
1156 1177 1317 1217 similia,
1350 1186 1447 1221 quae
1472 1177 1520 1210 de
1546 1175 1695 1210 Baccho
1719 1176 1782 1209 vel

329 1237 497 1270 Hercule
522 1236 762 1276 ferebantur,
786 1233 1070 1269 transferebant
1094 1233 1143 1268 ad
1168 1244 1233 1267 eos
1257 1234 1407 1270 Graeci.
1456 1236 1633 1269 Ceterum
1658 1235 1698 1268 in
1721 1233 1780 1267 his

327 1293 575 1328 admittendis
598 1292 774 1325 iudicium
803 1288 933 1334 parum
961 1290 1099 1324 subtile
1128 1289 1301 1325 adhibuit
1324 1291 1526 1325 Diodorus.

419 1352 525 1391 Quae
547 1350 635 1383 inde
660 1349 707 1382 de
732 1346 872 1393 Scythis
900 1347 947 1391 (c.
964 1347 1130 1390 43.44.)
1156 1351 1194 1380 et
1213 1347 1261 1381 de
1278 1347 1520 1382 Amazonibus
1544 1352 1592 1390 (c,
1613 1346 1777 1392 45.46.)

329 1414 561 1453 sequuntur,
596 1416 706 1451 quem
741 1410 935 1439 auctorem
968 1403 1152 1444 habeant,
1183 1405 1347 1438 nondum
1379 1406 1553 1450 reperim
1587 1407 1659 1440 etsi
1693 1415 1778 1438 eum

326 1467 560 1499 levissimum
603 1463 791 1496 hominem
828 1462 945 1496 fuisse
979 1463 1073 1496 satis
1109 1465 1253 1496 certum
1289 1462 1431 1496 habeo:
1470 1473 1566 1507 quae
1597 1464 1696 1495 enim
1730 1462 1778 1496 de

327 1522 581 1557 Amazonibus
609 1525 822 1561 narrantur,
851 1530 897 1553 ex
923 1519 1081 1554 Graecis
1107 1522 1304 1562 poetarum
1326 1519 1464 1552 fabulis
1487 1521 1647 1553 conficta
1671 1524 1778 1566 sunt;

327 1581 375 1614 de
411 1579 563 1624 Scythis
604 1583 730 1610 autem
772 1577 926 1611 deserto
958 1576 1176 1617 Herodoto,
1226 1577 1287 1620 qui
1322 1577 1359 1609 in
1395 1575 1466 1610 hoc
1503 1577 1585 1610 loco
1616 1578 1777 1620 scriptor

327 1642 411 1671 erat
434 1636 691 1681 gravissimus,
724 1634 913 1667 Graeculo
942 1633 1173 1679 obse-quotus
1199 1640 1270 1675 est,
1292 1635 1353 1678 qui
1381 1635 1515 1678 partim
1542 1644 1646 1667 mera
1670 1644 1776 1666 eom-

327 1699 455 1728 menta
477 1693 523 1726 de
555 1694 682 1736 gentis
716 1693 864 1735 origine
902 1690 1074 1731 tradere,
1108 1692 1243 1734 partim
1270 1701 1337 1732 ea,
1364 1701 1460 1735 quae
1489 1691 1536 1724 de
1562 1701 1637 1723 una
1662 1694 1700 1723 et
1725 1691 1777 1722 al-

325 1757 410 1786 tera
441 1749 664 1794 Scytharum
700 1749 799 1782 tribu
834 1751 1043 1780 memorata
1069 1751 1198 1789 erant,
1233 1748 1281 1781 ad
1306 1752 1422 1781 totam
1447 1752 1600 1792 gentem
1629 1748 1776 1780 referi-e

325 1810 468 1843 maluit.
516 1808 636 1840 Unum
673 1806 764 1839 illud
792 1807 986 1839 notatione
1014 1804 1167 1848 dignum
1195 1809 1278 1846 est,
1314 1805 1413 1850 quod
1436 1805 1482 1838 de
1509 1805 1654 1837 duabus
1678 1804 1776 1837 colo-

327 1868 400 1900 niis
426 1875 494 1909 per
519 1863 680 1908 Scythas
707 1873 753 1895 ex
787 1863 876 1897 Asia
909 1862 1057 1903 ductis,
1093 1864 1289 1906 apposuit,
1322 1863 1446 1896 altera
1469 1863 1708 1906 Assyriorum
1734 1862 1772 1894 in

325 1923 643 1968 Paphlagoniam,
677 1921 800 1954 altera
822 1919 1023 1957 Medorum
1055 1919 1103 1953 ad
1130 1921 1214 1954 loca
1239 1922 1339 1955 circa
1365 1921 1544 1962 Tanaim,
1572 1928 1668 1962 quae
1688 1917 1773 1952 Sar-

326 1987 512 2016 matarum
539 1980 646 2022 origo
672 1977 754 2010 suit.

417 2037 498 2070 Nec
532 2036 651 2079 magis
685 2034 814 2067 iudicii
849 2034 949 2066 acuti
982 2031 1203 2066 historicum
1239 2032 1436 2066 declarant
1471 2033 1561 2075 illa,
1593 2042 1690 2077 quae
1725 2032 1773 2066 de

327 2092 569 2140 Hyperboreis
594 2093 806 2136 subiungit:
837 2092 908 2123 nisi
933 2092 970 2123 in
995 2101 1062 2131 eo,
1099 2089 1198 2134 quod
1224 2095 1438 2130 auctorem,
1463 2101 1535 2134 quo
1562 2101 1651 2123 usus
1679 2094 1771 2129 erat,

326 2153 541 2195 subiungit,
570 2149 793 2182 Hecataeum
830 2159 877 2181 ex
910 2158 1066 2181 numero
1100 2157 1250 2188 eorum,
1281 2148 1343 2190 qui
1377 2152 1507 2180 veteres
1535 2144 1771 2190 mytlwlogias

327 2208 460 2251 scripto
497 2207 722 2240 tradiderant
743 2210 776 2238 2.
822 2206 910 2239 Fuit
941 2207 974 2238 is
1006 2205 1210 2246 Abderita,
1255 2203 1459 2236 Alexandri
1494 2207 1532 2236 et
1561 2203 1770 2235 Ptolemaei

325 2267 497 2310 Lagidae
527 2265 714 2308 aequalis:
749 2273 858 2305 quem
890 2263 967 2307 περὶ
998 2262 1064 2294 τῶν
1091 2260 1339 2306 ’Τπερβορείων
1365 2264 1659 2293 commentatum
1686 2270 1771 2294 esse

325 2325 418 2356 satis
446 2326 604 2355 constat.
650 2321 687 2351 bi
716 2330 783 2360 ea,
816 2329 910 2363 quae
943 2318 1134 2351 Diodorus
1159 2323 1291 2358 anert,
1322 2318 1456 2351 eodem
1486 2318 1596 2351 modo
1622 2317 1669 2350 ab
1691 2320 1772 2360 ipso

327 2383 417 2426 {232}
432 2379 604 2422 exposita
627 2377 750 2416 suere,
776 2376 879 2408 illum
906 2376 1140 2408 diversorum
1169 2374 1372 2417 hominum,
1398 2379 1609 2418 temporum
1632 2385 1773 2407 rerum-

327 2449 415 2483 que,
447 2436 594 2470 sabinus
620 2435 654 2465 in
679 2444 790 2465 uuum
819 2434 1014 2465 miscuisse
1041 2433 1284 2465 manifestum
1307 2435 1361 2467 lit.
1411 2432 1564 2465 Scilicet
1589 2442 1647 2472 ea,
1675 2442 1771 2476 quae

328 2495 511 2540 principio
536 2492 583 2525 de
606 2492 752 2535 populis
772 2490 819 2523 ad
839 2491 1139 2533 septentrionem
1162 2494 1200 2523 et
1222 2490 1455 2536 occidentem
1465 2489 1650 2523 Graeciae
1668 2489 1770 2522 habi-

326 2552 495 2586 tantibus
526 2553 681 2582 narrata
711 2552 839 2590 erant,
863 2546 1142 2592 geographicae
1182 2548 1339 2582 rationis
1384 2548 1623 2592 ignoratione
1665 2548 1770 2580 varie

415 2707 433 2739 l
470 2705 559 2736 Nam
593 2703 790 2738 Chaldaeos
825 2704 1054 2747 philosophos
1098 2714 1115 2735 e
1148 2703 1423 2746 Babyloniorum
1455 2703 1565 2745 stirpe
1600 2702 1769 2736 Aram-'lea

325 2752 449 2791 (υἱέες,
474 2762 617 2782 nomine
647 2758 653 2778 ἰ
675 2751 900 2782 hamaicorum
931 2753 967 2782 iu
995 2751 1057 2782 hos
1084 2751 1272 2788 translato,
1296 2752 1353 2781 vix
1380 2750 1561 2793 probabile
1586 2750 1632 2780 fit.

414 2801 436 2830 2
465 2809 482 2826 c
517 2800 570 2830 47.
610 2796 670 2828 ιῶν
691 2810 754 2840 γαρ
779 2796 839 2832 τὰς
856 2796 1006 2833 παλαιὰς
1028 2797 1247 2839 μυθολογίας
1271 2794 1560 2841 ἀναγεγραφότων
1578 2793 1769 2831 ζΑ’ίκιιταῖος

329 2843 387 2873 καί
411 2854 499 2877 ‘caree
524 2841 634 2884 ‘iered
660 2855 775 2885 (μύι-ν,
803 2844 846 2873 cs.
874 2844 1019 2874 hves-wi.
1045 2856 1074 2873 ε’.
1096 2844 1117 2873 Ι.
