1891 3310
671 530 995 572 POGGII

320 616 1340 675 PRAEFATIO.

105 811 282 846 PoGlUS
300 812 651 848 FLORENTINUS
676 814 742 848 AD
770 814 1028 849 NlcoLAUM
1055 814 1284 855 QUINTUM
1302 815 1414 849 PON.
1438 814 1558 852 MAX.

106 930 252 978 Nullus
278 950 391 979 antea
414 948 652 991 quantumvis
673 948 892 991 praeclarus
919 957 1044 981 rerum
1071 947 1232 991 scriptor
1256 948 1348 991 fuit,
1372 949 1563 982 sanctissi-

108 1012 168 1036 me
196 1009 323 1046 pater,
358 1005 418 1048 qui
447 1015 553 1037 suum
582 1016 674 1049 opus
699 1016 819 1050 aeque
846 1006 982 1038 merito
1010 1010 1121 1049 atque
1146 1016 1220 1048 ego
1253 1007 1319 1038 tibi
1352 1005 1420 1039 has
1459 1016 1562 1039 mens

106 1061 258 1104 vigilius
278 1061 388 1093 alicui
417 1063 573 1106 principi
598 1062 753 1098 dicaret.
805 1063 903 1103 Quid
936 1068 996 1097 est
1031 1065 1128 1096 enim
1168 1064 1325 1106 aequius
1362 1074 1470 1108 quam
1510 1066 1563 1096 in-

109 1120 210 1162 genii
237 1124 478 1152 monumenta
503 1120 550 1152 ad
578 1130 660 1153 eum
688 1120 880 1153 destinare
907 1121 968 1165 qui
1005 1120 1176 1153 omnibus
1207 1121 1360 1163 ingenio
1394 1125 1565 1165 praestet

109 1180 147 1209 et
172 1176 363 1210 doctrina?
412 1179 485 1210 Aut
515 1177 604 1221 quid
638 1179 758 1221 magis
784 1178 941 1212 debeam
969 1190 1078 1222 quam
1107 1188 1212 1211 meos
1238 1179 1378 1212 rivulos
1405 1180 1451 1212 ad
1478 1191 1561 1212 euin

108 1233 251 1266 fontem
286 1234 432 1269 referre
468 1246 489 1267 a
525 1247 596 1279 quo
630 1246 761 1268 cursus
796 1238 1009 1279 praesentis
1046 1238 1171 1279 operis
1206 1238 1418 1269 emanavit?
1467 1237 1560 1270 Nam

105 1291 196 1324 licet
219 1296 332 1325 antea
361 1293 534 1337 quicquid
559 1294 631 1326 ocii
655 1298 855 1336 supererat
877 1293 924 1326 ad
953 1294 1140 1326 scribendi
1166 1304 1292 1326 curam
1331 1295 1394 1335 (ne
1419 1304 1487 1337 per
1509 1305 1565 1326 se-

108 1349 273 1382 cordiam
303 1349 499 1391 efflue1·et)
533 1361 618 1384 mea
644 1356 778 1394 sponte
805 1351 1038 1392 censeri-em,
1079 1355 1161 1384 erat
1190 1356 1267 1383 tun·
1297 1352 1407 1394 paulo
1434 1353 1565 1384 remis-

108 1407 186 1439 sior
221 1409 367 1440 animus
400 1413 634 1451 temporum,
686 1419 731 1442 ne
767 1408 886 1441 dicam
921 1410 1157 1452 superiorum
1192 1409 1408 1453 pontificum
1446 1410 1566 1452 culpa,

108 1476 189 1498 cum
217 1476 326 1499 omne
355 1465 473 1499 ferme
498 1470 646 1510 tempus
672 1477 745 1499 non
770 1468 807 1498 in
834 1466 1028 1498 literarum
1065 1470 1177 1510 prout
1207 1468 1381 1510 optabam
1419 1469 1566 1508 studiis,

108 1524 174 1557 sed
191 1525 228 1556 in
244 1527 402 1568 quaestu
424 1524 471 1557 ad
493 1525 592 1557 vitae
610 1523 907 1557 sustentaculum
927 1527 1094 1556 consumi
1112 1536 1236 1558 rerum
1257 1527 1382 1568 inopia
1400 1531 1566 1569 urgeret.

108 1582 158 1615 Et
184 1587 286 1615 certe
312 1592 537 1626 quamquam
561 1583 662 1615 vitae.
686 1591 793 1614 meae
818 1582 1008 1615 institutio
1037 1592 1082 1614 ea
1108 1592 1258 1626 semper
1282 1584 1398 1616 fuerit
1423 1588 1463 1615 ut
1490 1585 1567 1628 plu-

106 1641 160 1673 ris
193 1641 369 1673 virtutem
402 1650 511 1684 quam
547 1641 745 1684 pecuniam
781 1639 968 1680 facerem,
1015 1644 1141 1672 tamen
1176 1641 1328 1673 nimium
1363 1642 1566 1684 aliquando

112 1697 160 1739 (si
186 1708 315 1730 verum
343 1699 443 1741 loqui
470 1698 574 1741 licet)
624 1697 742 1730 nostri
776 1696 972 1740 pontifices
1007 1697 1044 1728 in
1081 1698 1272 1741 erigendis
1312 1700 1566 1743 ornandisque

110 1755 305 1788 doctorum
330 1756 494 1787 virorum
527 1755 689 1797 ingeniis
727 1754 1002 1787 don-micarunt:
1039 1755 1189 1797 quidam
1219 1755 1399 1788 bonarum
1428 1757 1565 1789 artium

109 1814 278 1853 inscitia,
314 1813 462 1856 quidam
487 1815 539 1845 ita
562 1813 742 1855 pecuniae
770 1811 931 1852 addicti,
964 1815 1006 1843 ut
1030 1813 1157 1855 plures
1182 1813 1279 1856 apud
1308 1823 1372 1846 eos
1398 1813 1568 1846 ambitio-

110 1871 168 1902 nis
194 1875 232 1903 οἵ
260 1876 437 1914 quaestus
467 1880 574 1914 quam
603 1870 753 1902 virtutis
784 1873 849 1901 aut
879 1869 1092 1902 litterarum
1127 1871 1224 1903 ratio
1255 1870 1413 1903 valeret.
1461 1870 1567 1910 Quae

110 1939 174 1962 res
200 1929 308 1960 bouis
335 1928 424 1959 viris
448 1927 647 1959 admodum
676 1927 803 1970 gravis
829 1926 1029 1958 multorum
1058 1930 1221 1959 mentem
1249 1937 1270 1959 a
1297 1927 1484 1960 scribendi
1511 1939 1568 1961 co-

108 1988 296 2030 gitatione·
319 1986 511 2017 alienavit.
558 1984 753 2027 Indignum
785 1985 919 2027 quippe
949 1989 1008 2017 est
1033 1995 1101 2017 nec
1126 1984 1359 2027 sapientibus
1390 1986 1480 2017 viris
1508 1996 1568 2018 ae-

111 2055 183 2089 quo
210 2045 333 2076 animo
367 2042 561 2074 serendum
595 2051 660 2073 eos
686 2042 909 2084 saepissime
938 2043 1091 2074 reiectis
1117 2041 1338 2074 melioribus
1371 2052 1459 2084 prae
1484 2052 1567 2074 cac—

110 2105 205 2137 teris
231 2102 362 2135 extolli
387 2110 480 2143 quos
520 2101 586 2140 (ut
610 2098 915 2143 leviten-dicam)
960 2099 1052 2132 nihil
1082 2103 1237 2143 praeter
1262 2100 1477 2142 pontificum
1508 2110 1569 2132 vo—

110 2161 312 2194 luntariam
342 2158 615 2201 indulgentiam
643 2156 891 2191 commendet.
941 2156 997 2189 'l'e
1034 2157 1153 2189 solum
1191 2156 1284 2189 haec
1321 2160 1451 2189 nostra
1484 2167 1568 2189 con-

113 2220 238 2263 spexit
271 2220 398 2256 aetas,
439 2216 498 2258 qui
532 2225 612 2246 cuin
648 2215 763 2257 probe
793 2215 895 2247 noris
920 2216 1099 2247 virtutem
1125 2216 1227 2247 vitae
1256 2215 1470 2247 mortalium
1505 2214 1570 2246 du-

113 2291 193 2312 cem
223 2287 328 2316 esse,
364 2274 593 2318 praestantis
622 2272 792 2305 doctrina
823 2282 928 2306 viros
958 2272 1180 2305 sublevares
1211 2275 1249 2304 et
1275 2272 1321 2303 ab
1348 2273 1459 2304 inerti
1487 2273 1570 2304 ocio

114 2337 162 2370 ad
189 2333 376 2369 scribendi
405 2331 600 2374 negocium
628 2330 870 2370 traduceres,
906 2333 947 2362 ut
971 2341 1060 2363 vere
1086 2329 1182 2362 hanc
1208 2334 1373 2361 nostram
1401 2328 1571 2361 christia-

114 2405 199 2428 nam
230 2390 497 2434 rempublicam
524 2387 569 2419 ab
599 2397 642 2420 eo
672 2398 768 2419 nunc
794 2388 875 2431 regi
913 2388 1070 2431 gloriari
1100 2388 1311 2430 possimus,
1353 2387 1415 2430 qui
1443 2390 1482 2419 et
1514 2396 1571 2418 sa-

112 2451 303 2498 pientibus
332 2449 471 2481 existat
497 2449 535 2478 et
561 2445 695 2488 diligat
719 2445 928 2486 sapientiae
953 2444 1156 2477 studiosos.
1204 2444 1311 2484 Quod
1336 2454 1448 2476 unum
1478 2453 1570 2476 sane

114 2511 293 2545 coelestis
320 2508 380 2540 dei
405 2505 540 2536 donum
568 2503 662 2534 tanti
688 2501 899 2534 faciendum
925 2512 1061 2535 censeo
1088 2503 1216 2547 quanti
1244 2506 1302 2535 est
1325 2502 1444 2533 virtus
1465 2502 1572 2533 viciis

113 2566 379 2614 praeferenda.
432 2561 528 2594 Nam
563 2560 625 2591 uhi
661 2559 914 2591 doctrinarum
952 2566 1103 2593 cessant
1135 2560 1338 2599 exercitia,
1388 2558 1450 2589 ubi
1490 2558 1573 2590 nul-

114 2626 191 2660 lum
218 2626 316 2657 intcr
344 2623 474 2655 doctos
510 2622 622 2662 atquc
655 2618 812 2660 ignavos
847 2618 1049 2651 discrimen
1082 2618 1206 2660 viget,
1248 2616 1310 2648 ubi
1343 2615 1467 2647 nullus
1501 2616 1572 2647 vir-

115 2685 188 2715 tuti
213 2683 337 2721 locus,
377 2679 478 2711 nulla
502 2677 711 2710 studiorum
741 2676 837 2707 ratio
860 2674 1040 2714 liabetur,
1076 2675 1172 2706 vicia
1197 2674 1247 2706 ibi
1275 2675 1457 2714 regnent,
1496 2674 1572 2703 tor-

116 2743 274 2785 pescant
299 2737 472 2779 ingenia,
516 2735 746 2778 principatus
772 2737 809 2765 et
834 2742 950 2775 regna
977 2732 1154 2765 decidant
1180 2739 1378 2772 rerumque
1405 2729 1570 2760 ‹nnnium

118 2798 333 2831 dominetur
365 2793 537 2826 confusio
573 2801 731 2825 necesse
763 2794 831 2824 cst.
877 2790 1008 2835 ltaque
1036 2798 1223 2833 nunquam
1251 2788 1344 2820 satis
1369 2795 1436 2829 pro
1461 2783 1571 2818 ineri-

162 2853 314 2887 Voml.
334 2854 501 2886 Amnes-n.
1234 2853 1257 2876 a
