1891 3310
515 58 526 74 P

357 133 728 165 TRAc'rA'rUs
766 135 838 163 DE
877 134 1174 166 DIODORO.
1428 138 1494 169 XV

138 228 295 262 Diodori
329 233 454 263 autem
488 229 629 263 idioma
666 231 922 276 unusquisque
956 231 1110 265 assidua
1150 232 1232 266 eius
1269 233 1495 277 scriptorum

48 286 209 319 loc-tione
230 297 459 331 cognoscere
486 288 639 330 poterit.
664 287 763 331 quod
788 288 979 331 cognitum
1004 288 1051 321 ad
1077 289 1216 322 multos
1240 291 1278 322 in
1301 291 1347 323 iis
1371 301 1496 324 emcn-

47 342 191 377 dandos
216 343 332 385 locos,
365 344 503 377 multos
531 345 620 377 item
646 344 786 388 alioqui
813 344 1060 388 perobscuros
1084 345 1366 389 intelligendos,
1387 349 1496 381 item-

46 411 118 443 que
143 400 190 432 ad
214 401 462 435 amovendam
491 399 622 433 falsam
651 402 903 444 suspicionem
928 402 975 435 de
997 402 1236 435 librariorum
1272 403 1495 447 quibusdam

44 459 80 490 in
106 458 199 491 locis
227 457 320 497 fide,
347 458 548 501 plurimum
572 459 778 491 adiumenti
805 459 988 491 attulerit.
1043 460 1262 504 Quicunque
1296 462 1395 493 enim
1431 471 1494 494 no-

43 526 111 548 vus
136 515 330 558 scriptoris
355 515 463 548 huius
489 515 609 548 lector
633 517 707 549 erit
749 515 922 558 (etiamsi
960 516 1100 560 alioqui
1133 517 1169 548 in
1205 517 1368 550 lectione
1402 518 1494 550 alio-

44 583 124 605 rum
154 573 318 606 omnium
349 573 686 605 exercitatissimus
716 573 789 613 sit)
829 571 993 605 futurum
1020 579 1062 606 ut
1087 574 1121 606 ei
1155 583 1253 607 nova
1285 574 1404 608 multa
1435 585 1494 608 oc-

43 635 216 669 currant,
248 631 522 673 praemonitum
548 630 645 665 volo.

131 687 216 719 Hoc
248 687 404 729 addam,
438 688 564 730 elogia
590 687 636 720 dc
663 685 852 727 Diodoro,
898 686 960 719 vel
992 686 1117 729 potius
1149 686 1309 721 Diodori
1340 689 1491 732 scriptis

44 748 174 777 extare
211 745 309 787 apud
342 745 525 777 lustinum
553 744 764 787 Martyrem
799 748 839 777 et
869 743 1073 776 Eusebium
1108 744 1295 788 Pamphili
1319 745 1491 789 pulcher-

41 804 148 835 rima.
196 802 291 834 Nam
325 802 389 834 illc
423 802 711 834 celeberrimum
746 801 976 833 Graecorum
1014 800 1278 834 historicorum
1313 813 1398 835 cum
1428 813 1491 846 ap-

40 859 173 902 pellat:
207 858 266 891 hic
293 862 418 891 autem
447 858 631 890 illustrem
656 859 775 890 virum
803 867 887 890 eum
915 867 999 890 esse
1027 857 1130 897 dicit,
1160 862 1198 891 et
1221 859 1268 891 de
1295 861 1400 892 cuius
1428 860 1490 894 do-

40 917 161 949 ctrina
185 916 350 948 omnium
377 915 604 959 philologiae
627 915 880 947 studiosorum
910 923 1046 956 magna
1071 915 1122 946 sit
1145 916 1284 957 opinio.
1331 916 1490 950 Subiun-

38 975 168 1018 gitque
195 973 305 1016 paulo
333 977 438 1015 post,
486 973 634 1004 notiora
668 972 825 1005 Graecis
862 981 947 1004 esse
981 971 1140 1004 Diodori
1182 983 1293 1016 quam
1327 976 1488 1008 aliorum

39 1032 190 1073 scripta.
237 1030 341 1069 Quae
367 1029 517 1074 quidem
543 1039 614 1072 ego
639 1028 806 1062 afferens
832 1028 879 1061 ad
899 1028 1106 1061 ornandum
1126 1029 1333 1065 Diodorum
1353 1033 1489 1077 elogia,

38 1089 138 1121 idem
164 1087 430 1131 propemodum
461 1086 587 1119 facere
613 1086 703 1119 mihi
729 1086 862 1119 videor
894 1095 938 1118 ae
970 1087 1000 1118 si
1038 1085 1141 1119 faces
1166 1088 1236 1121 soli
1263 1089 1311 1122 ad
1336 1100 1420 1122 eum
1446 1091 1488 1123 il-

36 1145 271 1178 lustrandum
300 1144 554 1177 admoverem.
602 1144 789 1183 Quantum
819 1144 917 1176 enim
943 1143 1035 1176 solis
1059 1143 1186 1177 lumen
1211 1145 1311 1180 inter
1341 1149 1486 1188 stellas.

37 1206 181 1235 tantum
207 1201 307 1234 inter
331 1212 463 1235 omnes
491 1205 673 1246 quotquot
701 1201 750 1234 ad
781 1205 912 1234 nostra
942 1205 1114 1244 tempora
1145 1210 1401 1245 pervenerunt
1433 1205 1487 1238 Ιιί·

38 1261 197 1293 storicos
222 1260 263 1303 (si
288 1260 464 1291 utilitatis
499 1260 622 1303 potius
659 1269 770 1303 quam
803 1257 1007 1302 voluptatis
1044 1261 1191 1292 aurium
1232 1259 1406 1295 habenda
1436 1264 1487 1295 sit

36 1317 161 1360 ratio)
199 1321 331 1349 noster
357 1315 416 1349 hic
441 1316 632 1349 Diodorus
658 1317 826 1349 eminere
855 1316 928 1349 dici
952 1321 1087 1360 potest.
1135 1319 1187 1351 Ac
1221 1322 1363 1362 quanto
1400 1321 1488 1352 uni—-

35 1385 169 1407 versus
201 1374 303 1406 orbis
327 1375 480 1407 civitate
516 1378 582 1405 aut
613 1378 727 1417 gente
762 1384 837 1405 una
870 1378 929 1406 est
965 1376 1138 1418 capacior
1167 1380 1280 1419 atque
1313 1377 1487 1420 amplior,

36 1436 141 1464 tanto
169 1432 288 1464 maior
315 1435 375 1465 est
399 1432 622 1474 scriptorum
647 1429 806 1463 Diodori
832 1431 879 1474 (si
906 1441 1034 1464 eorum
1056 1438 1320 1477 argumentum
1343 1438 1489 1478 specte-

38 1492 134 1528 mus)
181 1498 291 1532 quam
332 1489 446 1521 ullius
491 1498 620 1521 eorum
669 1489 730 1532 qui
776 1492 910 1521 extant
954 1487 1218 1523 historicorum
1261 1491 1483 1534 amplitudo.

36 1545 131 1578 Nam
149 1555 259 1590 quum
280 1555 326 1578 ex
347 1545 505 1578 aliorum
525 1555 761 1589 unoquoque,
791 1550 968 1590 tanquam
995 1556 1041 1579 ex
1063 1548 1198 1588 rivulo,
1221 1550 1346 1592 gentis
1371 1550 1483 1581 unius

35 1608 101 1635 aut
127 1604 289 1635 civitatis
312 1608 378 1635 aut
401 1604 578 1647 principis
600 1607 711 1646 gesta
735 1601 970 1644 hauriamus,
1000 1613 1046 1637 ex
1068 1603 1149 1645 huo,
1172 1609 1349 1650 tanquam
1373 1606 1482 1639 uber-

34 1662 129 1693 rimo
164 1660 291 1700 fonte,
323 1661 385 1692 vel
410 1661 534 1704 potius
557 1660 818 1704 patentissimo
850 1659 1022 1702 flumine,
1055 1663 1219 1694 omnium
1254 1662 1335 1696 fere
1367 1664 1484 1696 totius

34 1717 250 1750 habitabilis
274 1717 375 1750 orbis
402 1718 594 1760 gentium,
628 1720 667 1749 et
698 1716 951 1760 particulatim
985 1719 1218 1762 quarundam
1252 1721 1366 1753 etiam
1401 1720 1485 1752 illu-

34 1777 167 1808 strium
204 1775 395 1808 civitatum
441 1785 502 1807 res
535 1778 664 1817 gestas
699 1772 851 1807 haurire
887 1784 1098 1818 possumus.
1163 1779 1211 1811 At
1250 1778 1350 1810 enim
1390 1775 1483 1808 mihi

33 1833 189 1865 laudare.
217 1841 399 1875 aggresso
423 1829 630 1863 Diodorum
658 1830 694 1863 id
726 1831 975 1865 obiiciendum
1013 1835 1194 1877 quispiam
1232 1835 1484 1871 existimaret.

35 1890 133 1934 quod
164 1890 251 1922 olim
288 1889 321 1921 ci
359 1889 420 1932 qui
454 1888 610 1921 laudare
638 1888 842 1920 Herculem
876 1889 1034 1932 parabat
1073 1892 1260 1924 obiectum
1287 1891 1378 1933 fuit,
1413 1892 1482 1924 Ec-

33 1947 117 1991 quis
140 1956 223 1978 eum
250 1945 424 1978 accusat?
458 1944 534 1978 Sed
560 1945 673 1978 aliter
697 1944 866 1989 profecto
893 1956 934 1979 se
961 1957 1022 1980 res
1049 1947 1174 1981 habet.
1229 1949 1345 1981 Extat
1378 1949 1480 1982 enim

34 2005 137 2043 eius,
164 2003 253 2036 licet
277 2003 396 2035 tribus
420 2006 564 2034 tantum
591 2006 767 2035 constans
790 2003 914 2036 verbis
931 2028 941 2044 ‚
972 2005 1198 2048 gravissima
1220 2009 1347 2039 tamen
1374 2016 1481 2038 accu-

33 2062 153 2101 satio,
186 2070 282 2104 quae
318 2061 498 2103 temporis
529 2060 679 2104 quidem
710 2065 900 2094 vetustate
926 2072 999 2095 non
1026 2061 1180 2104 nititur,
1218 2072 1289 2096 nec
1321 2064 1404 2097 eius
1436 2073 1478 2096 se

31 2117 262 2151 authoritate
285 2121 434 2150 tuctur:
478 2117 545 2150 sed
570 2119 803 2151 accusatoris
827 2117 1058 2153 authoritate
1085 2119 1248 2154 fortasse
1274 2121 1343 2153 niti
1367 2131 1479 2164 posse

29 2175 229 2208 videbitur.
276 2174 312 2207 Is
349 2174 448 2207 euim
484 2173 554 2207 suit
578 2173 768 2208 Lodoicus
792 2176 930 2216 Vives,
966 2176 1027 2220 qui
1054 2182 1183 2211 nostro
1208 2178 1336 2211 seculo
1359 2183 1482 2219 natus,

30 2232 239 2274 Hispaniae
258 2241 350 2264 suae
371 2232 573 2264 maximum
598 2232 713 2265 decus
733 2232 914 2266 etlumen
931 2233 978 2267 ob
1000 2233 1208 2268 doctrinam
1225 2236 1364 2268 extitit.
1386 2236 1480 2268 Eius

32 2289 128 2323 haec
152 2289 331 2332 leguntur
365 2293 421 2328 (et
452 2288 602 2333 quidem
639 2299 721 2322 cum
757 2291 940 2334 applausu
974 2301 998 2323 a
1027 2291 1249 2335 quibusdam
1283 2291 1478 2336 leguntur)

30 2346 166 2385 verba,
201 2344 384 2378 Diodorus
417 2344 558 2379 Siculus
592 2345 634 2379 ab
667 2345 900 2380 inundatione
932 2357 1023 2391 quae
1045 2348 1108 2381 snb
1136 2346 1267 2393 Ogyge
1289 2348 1374 2395 fait
1392 2358 1482 2394 rege

34 2402 223 2444 Boeotiae,
259 2403 308 2435 ad
338 2413 405 2436 sua
437 2409 617 2447 tempora,
655 2403 696 2437 id
726 2410 776 2438 est
813 2405 862 2437 ad
888 2402 928 2437 C.
954 2402 1145 2438 Caesarem
1167 2405 1395 2447 dictatorem,
1426 2405 1480 2438 hi-

30 2460 179 2494 storiam
210 2459 360 2494 deducit.
405 2470 507 2504 quem
538 2459 679 2493 Plinius
711 2460 828 2495 nescio
860 2471 932 2504 qua
965 2461 1006 2494 de
1039 2473 1152 2496 causa
1186 2462 1284 2496 dicat
1316 2462 1478 2506 primum

31 2517 130 2561 apud
151 2517 308 2551 Graecos
335 2517 477 2551 desiisse
500 2515 656 2562 nugari:
685 2527 794 2560 quum
817 2516 910 2551 nillil
929 2517 977 2552 sit
999 2529 1038 2553 eo
1060 2519 1251 2565 nugacius.
1298 2518 1380 2552 Nisi
1393 2519 1478 2566 for-

32 2586 97 2607 san
131 2575 227 2617 quod
257 2576 394 2608 nullum
427 2574 528 2618 operi
559 2585 622 2607 811⁰
650 2573 890 2607 illecebrosum
915 2582 979 2610 atet
1001 2577 1235 2622 magnificum
1257 2577 1400 2610 titulum
1422 2576 1477 2609 iu-

31 2631 177 2672 diderit,
203 2632 265 2664 sed
284 2631 507 2675 inscripnerit
532 2637 669 2664 tantum
695 2630 964 2667 Bibliothecam.
1011 2634 1118 2667 llaec
1144 2635 1274 2668 Vives:
1301 2635 1476 2666 nimirum

34 2690 166 2731 nugari
203 2690 332 2723 dicens
362 2690 566 2723 Diodorum
601 2694 755 2732 propter
795 2690 985 2723 fabulosas
1026 2701 1118 2735 quas
1151 2691 1338 2734 prioribus
1369 2691 1477 2723 libris

33 2752 170 2780 tractat
198 2748 453 2792 antiquitates.
498 2747 615 2789 Quasi
641 2756 730 2780 vero
756 2745 832 2789 hic,
870 2747 956 2782 dum
981 2748 1128 2782 παλαιὰν
1156 2749 1378 2793 μυθολογίαν
1412 2757 1473 2792 ap-
