1859 3326
336 207 399 248 26
767 201 1292 245 ANNOTATIONES

337 318 513 371 adposita
531 323 634 356 sunt.
660 316 880 355 Adfirmant
898 315 1164 366 Grammatici‚
1178 317 1317 384 quibus
1336 313 1564 371 Πασσυὸίῃ
1583 328 1664 354 non
1681 315 1789 354 aliud

336 383 398 414 est
417 389 463 413 ac
485 372 590 426 μετὰ
615 369 750 425 πάσης
772 369 810 427 ὃ
799 375 916 425 οιιῆς·
943 387 1218 430 πανστοατιιιι·
1247 369 1538 426 ὃμοθυμαὸόν.
1542 332 1790 411 ηνίᾱειιιοᾱο

337 430 592 483 Hesycffium,
623 429 797 478 Suidam,
823 429 1097 469 Eustathium
1086 444 1128 468 m
1146 416 1196 468 11.
1211 431 1263 470 Β.
1285 445 1319 481 p.
1346 432 1450 471 166.
1479 429 1617 471 WEss.

453 489 634 529 30.12.
675 485 872 539 Χαβοιάς
904 482 925 526 ὃ
956 483 1197 539 Ἀὐηναΐος
1224 486 1324 540 εἴα]
1356 485 1416 524 De
1436 500 1482 524 eo
1500 485 1600 524 nihil
1623 484 1786 524 Aeneas.

338 544 484 584 Vereor
514 544 646 591 etiam,
680 550 726 580 ut
754 546 846 581 satis
878 555 1015 580 sanum
1046 544 1130 580 eius
1162 545 1215 581 sit
1241 556 1394 580 nomen.
1446 541 1554 580 Dicit
1578 541 1786 580 Chabriam

339 602 429 639 dolo
448 600 700 650 quorumdam
721 606 932 649 peremtum
941 598 1105 638 Abdens
1123 600 1256 637 fuisse.
1296 600 1415 648 Atqui
1435 597 1644 646 Chabrias,
1672 598 1787 636 nobi-

337 660 510 696 lissimus
538 655 837 694 Atheniensium
865 656 966 702 dux,
1003 663 1115 693 sexto
1146 656 1292 694 decimo
1321 655 1462 693 abhinc
1487 668 1591 693 anno
1619 656 1662 692 in
1689 653 1787 693 Chio

338 717 473 764 periit,
502 712 784 761 Demosthene,
813 710 928 751 Corn.
951 711 1122 762 Nepote,
1150 714 1309 763 ipsoque
1338 711 1512 750 Diodoro
1542 710 1588 752 L.
1609 710 1720 749 XVI.
1743 712 1785 751 7.

339 772 518 809 testibus.
545 769 708 807 Errasse
734 769 837 806 dices
857 775 1064 806 auctorem.
1105 767 1247 807 Fateor
1274 769 1316 806 id
1335 770 1420 806 fieri
1442 770 1629 817 potuisse,
1655 779 1788 817 quam-

340 839 455 878 quam
484 829 526 865 in
555 827 643 864 viro
674 825 770 863 adeo
797 826 942 863 illustri
963 827 1104 864 erroris
1124 838 1221 863 ansa
1239 826 1395 865 videtur
1416 825 1625 864 difficilior.
1664 821 1787 875 Culpa

340 891 444 922 certe
461 886 503 922 in
524 894 777 920 amanuenses
784 911 796 930 ,
826 883 892 929 qui
911 883 1021 930 plura
1039 881 1112 919 hoc
1129 884 1172 920 in
1192 885 1377 933 scriptore
1397 882 1660 929 admiserunt,
1685 882 1788 918 reci·-

338 940 429 978 dere
448 942 603 989 poterit.
644 938 725 976 Nec
745 938 952 989 quidquam
971 945 1103 978 tamen
1123 938 1288 987 definio,
1320 941 1577 990 suspicionem
1602 937 1785 976 iniecisse

337 1002 558 1036 contentus.
587 994 724 1034 Wssss.

451 1054 525 1093 30.
560 1054 630 1093 18.
681 1047 771 1098 Τάς
799 1065 844 1091 τε
870 1052 974 1098 ναῦς
1002 1052 1054 1105 τῇ
1085 1045 1198 1091 πόλει
1228 1045 1539 1105 προσηγάγετο]
1580 1049 1787 1101 Interpres,

335 1122 460 1148 naves
478 1109 570 1147 urbi
587 1108 762 1156 infestas
781 1109 974 1146 admovet.
1005 1107 1091 1159 Ego
1110 1121 1204 1146 vero
1224 1109 1264 1146 id
1284 1121 1364 1145 non
1383 1108 1512 1145 laudo.
1551 1107 1668 1145 Vetat
1690 1119 1785 1144 usus

334 1167 446 1206 verbi
465 1161 625 1219 προσά7
628 1166 773 1212 εσθαι,
802 1170 937 1202 vetant
964 1166 1175 1214 sequentia.
1197 1160 1501 1217 Ποοσάγεσθαι
1522 1164 1652 1202 sedem
1670 1162 1786 1200 habet

335 1224 378 1262 in
397 1223 578 1274 gentibus
598 1228 636 1258 et
656 1221 894 1267 civitatibus,
921 1233 1015 1269 quas
1048 1226 1116 1258 aut
1144 1223 1261 1258 armis
1303 1228 1371 1258 aut
1401 1223 1577 1258 oratione
1613 1221 1785 1259 victores

336 1293 429 1317 suae
450 1280 670 1329 patriaeque
693 1278 833 1315 ditioni
854 1277 1056 1314 adiiciunt.
1094 1276 1238 1315 Noster
1257 1276 1300 1314 L.
1322 1277 1351 1314 Ι.
1374 1279 1447 1318 68.
1476 1273 1552 1323 τὰς
1576 1273 1618 1316 δ’
1653 1273 1784 1323 ἄλλοις

333 1351 411 1388 της
436 1334 632 1386 Φοινίκης
650 1330 788 1400 ⁷16}AEoe
806 1329 1172 1401 καταπληξάμενος
1190 1329 1486 1386 προσηγάγετο.
1510 1333 1563 1369 Et
1582 1332 1783 1371 L.XV1[1.

339 1394 413 1435 5⁶).
449 1387 560 1446 ἐπῄει
589 1389 665 1437 τὰς
693 1386 787 1442 ἑξῆς
814 1385 892 1429 πό)
898 1404 951 1436 εις
974 1413 1021 1418 -
1051 1387 1100 1436 ἃς
1120 1388 1165 1429 δὲ
1185 1392 1330 1429 πειθοῖ
1348 1385 1672 1441 προσαγόμενος.
1706 1389 1784 1427 Pro
1827 1400 1829 1403 ·

333 1450 473 1500 quibus
493 1450 565 1515 (pt)
569 1446 830 1513 ανθρωπιάις
849 1442 1137 1499 προσάγεσθαι
1157 1461 1257 1493 τους
1265 1443 1468 1497 (Έλληνας
1482 1445 1653 1485 eiusdem
1671 1446 1736 1483 lib.
1750 1460 1783 1484 c.

337 1509 380 1547 7.
402 1513 440 1543 et
457 1501 659 1560 πραότητι
683 1499 970 1555 προσά7εσθαι
991 1505 1033 1540 in
1050 1502 1231 1552 Xenoph.
1254 1502 1399 1553 Agesil.
1415 1516 1451 1552 p.
1480 1504 1550 1543 13.
1574 1503 1633 1540 ed.
1655 1502 1782 1541 ΟΧοη.

335 1565 443 1608 Quae
472 1568 707 1611 sequuntur,
742 1560 845 1597 idem
873 1559 1115 1597 confirmant.
1152 1554 1332 1610 Ομοιως
1360 1562 1463 1596 enim
1495 1556 1651 1598 ἔπεισεν
1681 1556 1785 1599 ἀπο-

335 1619 468 1660 xh'vac
500 1615 606 1671 πρὸς
629 1614 897 1667 )Αθ“ηναίους
924 1617 1126 1666 postulant
1154 1617 1414 1666 apertissime,
1460 1622 1503 1652 ut
1539 1622 1577 1653 et
1607 1615 1703 1652 haec
1733 1616 1783 1653 ad

334 1676 631 1715 Atheniensium
656 1674 866 1710 amicitiam
895 1680 933 1710 et
962 1673 1148 1709 ditionem
1175 1675 1423 1710 accesserint.
1464 1671 1570 1709 Sana
1589 1675 1719 1722 itaque
1748 1673 1784 1710 si

333 1735 480 1773 fuerint
502 1731 642 1777 verba,
673 1729 926 1776 indicabunt,
955 1728 1202 1766 Timotheum
1221 1741 1344 1766 naves
1366 1728 1663 1767 Atheniensium
1684 1731 1784 1767 civi-

337 1791 418 1828 tati
446 1789 700 1832 adiunxisse,
737 1785 840 1834 quod
870 1786 989 1834 probe
1022 1785 1302 1823 animadvertit
1330 1784 1540 1823 Lambinus
1570 1786 1620 1823 ad
1641 1785 1782 1836 Nepot.

334 1844 509 1885 Timoth.
533 1857 567 1883 c.
590 1845 634 1883 2.
675 1841 777 1879 Tum
806 1855 900 1880 vero
931 1844 1074 1889 onmia,
1115 1854 1211 1892 quae
1235 1841 1469 1890 succedunt,
1500 1854 1621 1881 naves
1646 1843 1783 1881 itidem

333 1902 586 1952 spectabunt,
616 1898 718 1936 haud
738 1911 830 1935 sane
852 1899 1049 1936 conmode.
1101 1897 1266 1945 Insulas,
1289 1904 1499 1949 gentesque
1521 1912 1589 1949 per
1611 1898 1783 1937 Acarna-

332 1962 438 1997 niam
457 1956 684 1994 Timotheus
703 1954 751 1992 ad
769 1954 1064 1992 Atheniensium
1082 1956 1308 1991 societatem
1327 1955 1475 2003 allexit,
1492 1967 1571 1993 non
1590 1957 1692 1992 solas
1711 1969 1784 1994 na-

332 2029 415 2054 ves.
452 2013 549 2051 Vide
569 2026 684 2063 ergo,
720 2024 771 2047 an
790 2012 910 2048 fuerit
931 2013 1006 2062 τῆς
1026 2025 1068 2050 τε
1090 2026 1113 2049 ν
1117 2006 1219 2061 ι7σου
1240 2007 1316 2056 τὰς
1333 2005 1411 2049 πό)
1415 2024 1469 2056 εις
1488 2007 1782 2078 προσηγάγετο-

334 2071 403 2110 Sic
434 2070 624 2108 addentur
652 2079 809 2116 prorsus
837 2080 1005 2118 congrue
1044 2065 1113 2105 καὶ
1141 2063 1218 2112 τὰς
1247 2062 1354 2104 κατὰ
1383 2063 1459 2117 τὴν
1493 2063 1782 2120 Ἀκαρνανιάν

332 2124 488 2179 ομοίως
508 2132 581 2162 etc.
610 2125 792 2162 videlicet
808 2119 957 2170 πόλεις
981 2122 1026 2160 Si
1044 2129 1174 2159 tamen
1197 2122 1269 2159 hoc
1292 2124 1453 2159 nimium
1473 2123 1663 2172 videatur,
1682 2126 1782 2162 scri-

332 2186 373 2222 bi
391 2184 534 2235 poterit
555 2177 630 2232 τήν
654 2195 696 2219 τε
717 2181 845 2230 νῆσον
865 2182 916 2232 τῇ
939 2175 1055 2218 πόλει
1077 2174 1382 2231 προσηγάγετο,
1412 2178 1479 2217 καὶ
1500 2176 1553 2219 τὰ
1572 2177 1679 2219 κατὰ
1703 2178 1781 2233 τὴν

330 2237 622 2291 Ἀκαρνανιάν
652 2243 691 2273 et
716 2237 824 2284 reliq.
861 2235 945 2286 Ego
965 2238 1071 2284 prius
1090 2241 1286 2284 praeopto.
1326 2234 1553 2273 Timotheus
1572 2236 1643 2274 hac
1663 2250 1780 2286 expe-

331 2298 479 2335 ditione
505 2295 722 2343 Corcyram
740 2293 808 2330 sub
833 2293 1038 2344 imperium
1057 2291 1354 2329 Atheniensium
1375 2293 1498 2342 redeg
1475 2294 1545 2340 frit,
1572 2295 1779 2346 sociosque

332 2356 436 2393 idem
464 2352 651 2390 adiunvit
679 2350 897 2401 Epir-,otas
929 2348 1199 2395 Athamanas,
1242 2348 1448 2396 Chaonas,
1482 2361 1689 2401 omnesque
1708 2363 1779 2389 eas

330 2417 484 2462 gentes,
514 2420 617 2458 quae
643 2419 756 2444 mare
782 2406 882 2443 illud
911 2407 1114 2453 adiacent,
1141 2407 1241 2442 sicut
1258 2405 1342 2442 eius
1363 2406 1405 2443 in
1425 2405 1513 2443 Vita
1529 2419 1562 2443 c.
1581 2409 1624 2447 2.
1646 2407 1778 2457 Nepos

331 2468 498 2516 scripsit.
528 2464 661 2501 Wnss.

445 2522 519 2562 30.
551 2521 625 2560 20.
662 2514 872 2557 Ἀλκέταν
906 2517 1144 2557 ζΜολοττῶν
1173 2514 1348 2567 βασιλέα
1373 2515 1478 2569 etc.]
1516 2517 1602 2557 Sibi
1622 2533 1708 2557 eum
1738 2527 1777 2557 et

331 2580 475 2630 patriae
505 2576 746 2614 conciliavit:
790 2574 891 2611 unde
913 2573 1110 2611 Timothei
1139 2576 1274 2610 amicis
1304 2582 1528 2613 accensetur
1548 2582 1587 2613 et
1609 2576 1776 2627 hospiti-

331 2639 403 2674 bus
423 2639 463 2672 in
486 2633 553 2672 Or.
573 2630 845 2670 Demosthenis
867 2632 907 2667 in
929 2629 1098 2667 Timoth.
1123 2642 1158 2677 p.
1181 2631 1285 2670 (558.
1328 2631 1465 2668 Wuss.

445 2692 518 2731 30.
553 2690 628 2729 24.
666 2686 774 2739 Περὶ
803 2683 1036 2736 Λευκάδα]
1081 2686 1259 2723 Meminit
1287 2686 1510 2737 Xenophon
1540 2695 1638 2726 extr.
1668 2687 1710 2726 L.
1729 2688 1775 2726 V.

329 2747 484 2786 Hellen.
507 2753 546 2783 et
565 2745 785 2794 Polyaenus
804 2742 845 2780 L.
867 2741 936 2781 lli.
964 2744 1031 2782 10.
1057 2744 1098 2782 3.
1122 2742 1235 2779 huius
1254 2755 1417 2792 pugnae.
1452 2744 1774 2782 Lacedaemonio-

332 2817 417 2843 rum
446 2811 574 2841 tamen
603 2802 719 2838 classi
746 2799 983 2849 praefectum
1016 2798 1078 2836 hie
1102 2798 1404 2849 Nicmnaclmm,
1432 2802 1496 2838 ille
1517 2801 1772 2839 Nicoloolmm

333 2861 514 2912 adpellat,
541 2871 619 2897 non
641 2860 724 2895 sinc
746 2868 887 2894 errore.
915 2855 1049 2892 Wssss.
