1859 3326
312 245 346 274 x
881 217 1197 269 stPnANI

281 380 286 386 .
314 341 399 374 dem
434 342 537 373 certe
570 335 860 380 exemplaribus.
906 335 1094 367 Eusebius
1127 343 1274 377 quoque
1312 332 1454 376 Evang.
1489 331 1623 376 Praep.
1652 332 1718 365 lib.
1740 332 1767 373 1,

316 402 418 442 (pag.
446 395 506 432 13.
535 394 712 429 editionis
737 392 854 435 patris
878 392 970 435 mei)
1013 391 1104 424 dicit
1136 401 1219 423 eum
1245 391 1282 422 in
1308 400 1420 422 unum
1449 400 1541 434 opus
1566 389 1767 433 collegisse

313 457 528 490 universam
554 449 727 495 ἱστορικὴν
749 446 993 493 βιβλιοθήκην,
1045 449 1187 482 Verum
1215 447 1314 480 iden!
1339 447 1404 482 lib.
1431 449 1474 488 2,
1511 457 1596 491 pag.
1616 445 1686 489 33,
1717 450 1768 491 βι-

306 511 511 558 βλιοθήκας
534 517 691 541 numero
716 504 852 549 plurali
878 509 1009 546 vocat,
1043 515 1113 538 nec
1137 505 1243 537 addit
1266 503 1458 549 ἱοτορικιίς’
1494 505 1633 551 scribit!
1657 505 1769 544 enim,

314 570 334 603 ὁ
362 567 424 606 τὰς
449 565 684 611 βιβλιοθήκας
708 566 763 597 ἐπὶ
787 562 915 596 ταυτὸν
941 562 1029 607 ὁμοῦ
1060 560 1269 606 συναγαγών.
1313 561 1448 595 Itidem
1473 562 1637 595 lustinus
1664 561 1770 604 Mar-

315 631 379 671 tyr
403 625 449 658 de
475 634 519 657 eo
546 622 647 661 dicit,
675 620 694 654 ὁ
719 618 780 657 τὰς
803 618 1037 663 βιβλιοθήκας
1059 618 1237 664 ἐπιτεμών,
1286 618 1448 651 Rursum
1473 618 1660 652 Eusebius
1684 627 1770 661 pag.

318 684 383 718 36.
408 683 499 715 citat
525 679 659 711 librum
695 682 868 722 quartum
898 677 1139 721 βιβλιοθηκῶν
1171 676 1345 710 Diodori·
1388 677 1465 709 lam
1502 686 1592 709 vero
1625 679 1664 709 et
1696 675 1769 708 Pli-

314 742 399 773 nius
439 736 534 781 (nisi
561 734 620 766 hic
648 744 795 777 quoque
821 734 1004 766 mendosa
1028 737 1116 766 sunt
1142 733 1397 777 exemplaria)
1438 732 1672 777 βιβλιοθήκας
1705 744 1769 766 nu-

315 808 420 831 mero
450 793 584 838 plurali
610 792 787 835 appellat.
834 791 948 823 Cuius
978 789 1100 823 locum
1131 794 1300 833 repetam
1329 792 1439 835 paulo
1466 791 1601 832 altius,
1650 795 1692 824 ut
1715 792 1768 823 in-

314 854 437 896 telligi
473 851 592 895 possit
630 849 729 893 quod
763 848 810 882 de
843 846 915 880 hoc
946 848 1056 881 titulo
1090 848 1230 881 scribit.
1277 849 1385 882 Haec
1418 849 1534 892 igitur
1566 849 1648 881 eius
1679 851 1768 880 sunt

312 911 428 944 verba
454 911 490 940 in
517 906 753 950 praefatione
782 907 898 939 totius
928 905 1071 947 operis:
1104 902 1186 937 Iam
1212 904 1350 947 Musae,
1376 905 1592 946 Pendet-tae,
1623 905 1767 948 ἐγχειρί-

313 970 406 1007 διον,
435 964 575 1009 λειμὼν,
608 964 821 1003 πινακίδιον,
852 960 1103 1004 inscriptiones
1132 969 1282 1006 propter
1315 973 1404 1006 qaas
1435 961 1679 996 vadimonium
1710 961 1766 993 de-

311 1023 384 1058 seri
412 1021 536 1066 possit.
587 1020 636 1053 At
665 1030 773 1063 quum
795 1017 1005 1059 intraveris,
1054 1018 1105 1052 dii
1137 1019 1289 1063 deaeque
1319 1030 1427 1062 quam
1459 1018 1552 1053 nilail
1580 1017 1620 1051 in
1652 1017 1765 1050 medio

310 1080 478 1115 iuvenies,
533 1076 658 1111 Nostri
688 1076 882 1111 crassiores
917 1075 1200 1119 Antiquitatum,
1243 1077 1523 1120 Exemplorum,
1555 1074 1768 1117 Artiumque

310 1150 418 1183 quam
441 1133 672 1185 facetissimi.
718 1132 1024 1167 Lucubratimeem
1051 1139 1160 1177 pulo,
1200 1134 1263 1177 qni
1284 1133 1415 1167 Antias
1440 1133 1527 1168 civis
1551 1138 1631 1166 erat
1653 1137 1688 1165 et
1707 1142 1766 1165 vo-

310 1196 481 1235 cabatur,
515 1191 679 1227 salerius
706 1190 848 1235 primus
881 1190 1019 1223 asserit.
1071 1190 1188 1224 Varro
1212 1191 1251 1224 in
1276 1190 1416 1235 Satyris
1441 1189 1514 1223 suis
1539 1189 1767 1235 Sese-ulyxem

310 1260 346 1287 et·
370 1251 585 1285 Flexibulas,
635 1248 745 1291 Apud
772 1248 930 1281 Graecos
955 1247 1057 1281 desiit
1079 1248 1217 1292 nugari
1239 1248 1445 1289 Diodorus,
1479 1253 1514 1281 et
1534 1247 1767 1291 βιβλιοθήκας

309 1310 495 1344 historiam
522 1317 624 1340 suam
650 1304 843 1349 inscripsit.
886 1304 1033 1348 Appion
1058 1305 1198 1348 quidem
1220 1305 1484 1351 grammaticus
1509 1309 1580 1339 etc.
1627 1305 1766 1338 Hacte-

311 1380 379 1402 nus
408 1367 563 1400 Plinius.
610 1365 656 1397 At
688 1366 888 1395 enarrator
915 1363 1178 1407 Aristophanis
1213 1365 1305 1396 citat
1333 1363 1456 1396 locum
1493 1363 1680 1407 quendam
1717 1362 1764 1395 de

308 1425 458 1469 tripode
495 1433 542 1456 ex
575 1420 733 1454 Diodori
765 1419 862 1452 libro
893 1421 964 1461 16,
1009 1422 1076 1454 τῶν
1107 1423 1269 1466 ἱστοριῶν
1302 1419 1544 1464 βιβλιοθήκης.
1588 1420 1658 1453 Ubi
1686 1418 1766 1452 for-

309 1489 412 1518 tasse
441 1481 647 1523 scripserat
673 1477 734 1520 τῆς
759 1477 825 1511 τῶν
854 1479 1013 1522 ἱστοριῶν
1040 1478 1280 1523 βιβλιοθήκης.
1332 1478 1413 1512 Nec
1440 1482 1528 1511 sunt
1555 1477 1664 1511 valde
1696 1477 1766 1509 abo

310 1540 455 1575 similes
480 1537 515 1570 hi
541 1537 662 1579 tituli,
701 1532 855 1581 ἱστορικὴ
887 1535 1118 1578 βιβλιοθήκῃ,
1155 1540 1194 1568 et
1218 1535 1238 1579 ἡ
1264 1536 1333 1568 τῶν
1357 1537 1517 1580 ἱστοριῶν
1542 1533 1765 1578 βιβλιοθήκῃ.

308 1600 387 1632 Iam
410 1606 502 1629 vero
528 1594 574 1627 de
601 1593 734 1633 titulo,
773 1592 835 1636 qui
863 1597 921 1625 est
945 1592 1044 1635 apud
1069 1592 1327 1634 Athenaeum,
1362 1593 1539 1638 quidnam
1572 1590 1765 1625 dicemus!

309 1658 401 1690 citat
426 1654 524 1687 enim
551 1651 614 1684 ille
638 1650 845 1683 Diodorum
873 1651 907 1682 ἕν
934 1654 1007 1687 τοῖς
1033 1652 1109 1696 περὶ
1133 1650 1376 1694 βιβλιοθήκης.
1424 1650 1507 1690 Quo
1527 1653 1656 1682 tamen
1681 1659 1764 1682 sen—

309 1725 353 1748 su
383 1722 475 1756 opus
502 1708 660 1742 Diodori
686 1706 868 1750 appellari
896 1708 1016 1750 possit
1038 1707 1080 1740 τὸ
1105 1710 1179 1752 περὶ
1202 1706 1436 1752 βιβλιοθήκης
1470 1718 1543 1740 non
1574 1707 1763 1750 intelligo,

309 1783 355 1805 ac
378 1768 553 1802 mendum
584 1765 740 1798 subesse
767 1763 894 1796 verbis
918 1764 992 1797 illis
1021 1766 1056 1797 ἐν
1090 1770 1164 1802 τοῖς
1193 1768 1269 1811 περὶ
1299 1765 1487 1800 existimo.
1534 1764 1604 1797 Est
1636 1769 1762 1796 autem

306 1830 413 1862 locus
441 1834 550 1870 quem
579 1823 680 1862 citat,
707 1820 803 1853 libro
827 1820 886 1860 16,
906 1832 990 1865 pag.
1007 1822 1104 1856 523.
1128 1820 1237 1855 huius
1263 1827 1416 1855 nostrae
1441 1821 1631 1855 editionis.
1675 1819 1764 1854 Por-

308 1897 352 1920 ro
387 1882 486 1928 quod
514 1880 561 1913 ad
595 1877 874 1926 praecedentes*
911 1880 1049 1912 attinet
1084 1880 1372 1922 inscriptiones,
1410 1879 1563 1912 videtur
1598 1879 1764 1911 omnium

309 1939 588 1985 simplicissima
614 1946 698 1969 esse
726 1934 832 1976 haec,
858 1943 972 1980 (quae
998 1941 1036 1970 et
1061 1937 1097 1969 in
1122 1937 1261 1969 nostris
1284 1936 1563 1979 exemplaribus
1588 1935 1764 1979 habetur)

308 1997 461 2043 ῖοίοοικὴ
487 1993 715 2039 βιβλιοθήκῃ.
746 2002 769 2025 a
795 2003 868 2036 qua
895 2004 969 2026 non
994 1993 1140 2026 abludit
1163 1994 1238 2026 ista
1274 1993 1355 2035 (uti
1378 1993 1489 2026 modo
1514 1993 1616 2036 dixi)
1644 1990 1664 2037 ἦ
1696 1994 1763 2026 τῶν

308 2055 470 2101 ἱστοριῶν
500 2050 727 2096 βιβλιοθήκῃ.
773 2050 856 2084 Nec
887 2051 983 2084 enim
1015 2050 1117 2082 aliud
1144 2049 1247 2083 hisce
1280 2050 1589 2093 inscriptionibus
1622 2052 1764 2095 signifi-

309 2114 386 2147 cari
422 2110 607 2149 arbitror,
651 2117 762 2152 quam
795 2118 888 2151 opus
918 2106 1137 2140 historicum
1176 2117 1224 2140 ex
1264 2108 1455 2140 variorum
1496 2107 1763 2142 historicorum

308 2169 459 2212 scriptis
483 2167 537 2199 ita
563 2165 786 2206 conflatum,
819 2170 861 2197 ut
883 2174 996 2196 unum
1024 2164 1183 2196 aliorum
1209 2163 1411 2196 multorum
1437 2165 1558 2197 instar
1580 2175 1679 2207 esse,
1713 2171 1763 2207 et,

308 2232 487 2270 tanquam
520 2221 751 2255 bibliotheca
786 2220 978 2254 historic-is
1010 2222 1124 2253 variis
1154 2221 1468 2263 instructissima,
1507 2223 1762 2265 cognitionem

307 2282 553 2316 historiarum
582 2289 691 2312 omne
716 2289 837 2323 genus
861 2278 1148 2310 subministrare
1175 2278 1305 2321 possit.
1353 2278 1475 2318 Quum
1502 2284 1630 2312 autem
1655 2291 1763 2314 voca-

307 2346 371 2374 tur
396 2337 647 2382 βιβλιοθῆκαι,
677 2338 837 2381 primum
862 2335 1012 2380 quidem
1036 2334 1334 2367 subaudiendum
1359 2337 1522 2379 relinqui
1545 2341 1634 2380 puto
1661 2337 1764 2371 adie-

309 2399 448 2432 ctivum
474 2396 660 2438 ἱστορικαίε
697 2393 834 2426 deinde
866 2393 1049 2437 pluralem
1074 2402 1268 2425 numerum
1300 2394 1443 2437 aliquid.
1467 2394 1627 2438 amplius
1651 2396 1764 2439 signi-

307 2456 424 2488 ficare
457 2461 568 2495 quam
599 2450 853 2493 singularem:
896 2451 1001 2494 quasi
1028 2460 1101 2482 non
1126 2450 1237 2482 unius
1259 2450 1533 2493 bibliothecae,
1579 2453 1648 2486 sed
1672 2454 1763 2486 mul-

309 2516 434 2544 tarum
458 2506 772 2541 bibliothecarum
800 2508 920 2540 instar
945 2517 1029 2540 esse
1056 2508 1177 2551 possit
1200 2505 1270 2540 hoc
1296 2518 1402 2550 opus.
1448 2509 1556 2549 Quod
1589 2520 1680 2544 vero
1710 2510 1763 2543 di-

311 2570 362 2601 cit
386 2565 594 2606 Eusebius,
635 2564 844 2598 Diodorum
870 2564 908 2596 in
931 2574 1045 2596 unum
1071 2573 1164 2607 opus
1200 2564 1401 2608 collegisse
1428 2566 1677 2600 bibliothecas
1710 2567 1763 2600 hi-

310 2625 492 2664 storicas,
521 2622 652 2655 eodem
675 2621 801 2654 redire
827 2615 1072 2655 crediderim(
1098 2621 1279 2665 intelligit
1301 2623 1414 2663 enim,
1441 2629 1483 2656 ut
1506 2625 1649 2666 opinor,
1675 2635 1762 2658 eum

310 2683 549 2715 diversorum
575 2677 775 2711 authorum
799 2679 940 2722 scripta
975 2681 1075 2720 (tam
1104 2678 1222 2711 multa
1254 2683 1297 2711 ut
1329 2679 1578 2713 bibliothecas
1602 2682 1760 2725 implere

308 2740 492 2784 possent)
527 2736 566 2768 in
596 2745 710 2768 unum
736 2745 828 2778 opus
856 2736 1108 2779 congessisse.
1154 2734 1256 2768 ldem
1284 2746 1374 2769 vero
1400 2737 1586 2771 Eusebius
1610 2740 1649 2771 in
1673 2749 1761 2782 pro—

310 2795 435 2829 oemio
461 2793 547 2827 libri
574 2793 616 2834 2,
654 2793 862 2836 simplicius
884 2792 1043 2837 loquens
1067 2792 1113 2826 de
1141 2802 1207 2834 eo,
1253 2790 1325 2833 Qui
1349 2794 1500 2839 (inquit)
1531 2805 1577 2828 ex
1594 2795 1759 2839 pluribus

312 2849 481 2888 Μθιονίαε
505 2848 668 2896 collegit.-
702 2854 738 2884 ἐκ
762 2847 926 2884 πλειόνων
950 2849 1013 2888 τὰς
1037 2850 1191 2896 ἱστορίας
1211 2848 1467 2897 ἀναλεξάμενος.
1522 2855 1570 2888 At
1595 2854 1760 2888 lustinus
