<?xml version="1.0" encoding="UTF-8"?>
<!DOCTYPE html PUBLIC "-//W3C//DTD XHTML 1.0 Transitional//EN"
    "http://www.w3.org/TR/xhtml1/DTD/xhtml1-transitional.dtd">
<html xmlns="http://www.w3.org/1999/xhtml" xml:lang="en" lang="en">
 <head>
  <title>
</title>
<meta http-equiv="Content-Type" content="text/html;charset=utf-8" />
  <meta name='ocr-system' content='tesseract 3.04.00' />
  <meta name='ocr-capabilities' content='ocr_page ocr_carea ocr_par ocr_line ocrx_word'/>
</head>
<body>
  <div class='ocr_page' id='page_1' title='image "./bibliothecahisto05dioduoft_0788.png"; bbox 0 0 1859 3326; ppageno 0'>
   <div class='ocr_carea' id='block_1_1' title="bbox 321 234 508 268">
    <p class='ocr_par' dir='ltr' id='par_1_1' title="bbox 321 234 508 268">
     <span class='ocr_line' id='line_1_1' title="bbox 321 234 508 268; baseline 0.011 -3"><span class='ocrx_word' id='word_1_1' title='bbox 321 234 508 268; x_wconf 60' lang='lat' dir='ltr'><strong>cxxxlv</strong></span> 
     </span>
    </p>
   </div>
   <div class='ocr_carea' id='block_1_2' title="bbox 428 668 1675 720">
    <p class='ocr_par' dir='ltr' id='par_1_2' title="bbox 428 668 1675 720">
     <span class='ocr_line' id='line_1_2' title="bbox 428 668 1675 720; baseline 0.002 -5"><span class='ocrx_word' id='word_1_2' title='bbox 428 668 860 716; x_wconf 72' lang='lat' dir='ltr'><strong>OECONOMIA</strong></span> <span class='ocrx_word' id='word_1_3' title='bbox 900 672 1303 719; x_wconf 81' lang='lat' dir='ltr'><strong>HISTORIAE</strong></span> <span class='ocrx_word' id='word_1_4' title='bbox 1345 673 1675 720; x_wconf 89' lang='lat' dir='ltr'><strong>DIODORI.</strong></span> 
     </span>
    </p>
   </div>
   <div class='ocr_carea' id='block_1_3' title="bbox 326 890 1780 1039">
    <p class='ocr_par' dir='ltr' id='par_1_3' title="bbox 326 890 1780 1039">
     <span class='ocr_line' id='line_1_3' title="bbox 326 890 1780 958; baseline 0.003 -19"><span class='ocrx_word' id='word_1_5' title='bbox 326 890 721 953; x_wconf 62' lang='lat' dir='ltr'><strong>Argumentum</strong></span> <span class='ocrx_word' id='word_1_6' title='bbox 767 905 958 956; x_wconf 71' lang='lat' dir='ltr'><strong>operis</strong></span> <span class='ocrx_word' id='word_1_7' title='bbox 1010 902 1307 945; x_wconf 75' lang='lat' dir='ltr'><strong>secundum</strong></span> <span class='ocrx_word' id='word_1_8' title='bbox 1344 902 1606 958; x_wconf 71' lang='lat' dir='ltr'><strong>singulas</strong></span> <span class='ocrx_word' id='word_1_9' title='bbox 1659 905 1780 944; x_wconf 77' lang='lat' dir='ltr'><strong>eius</strong></span> 
     </span>
     <span class='ocr_line' id='line_1_4' title="bbox 737 983 1357 1039; baseline 0 -15"><span class='ocrx_word' id='word_1_10' title='bbox 737 988 945 1037; x_wconf 74' lang='lat' dir='ltr'><strong>partes</strong></span> <span class='ocrx_word' id='word_1_11' title='bbox 991 983 1357 1039; x_wconf 72' lang='lat' dir='ltr'><strong>explicatum.</strong></span> 
     </span>
    </p>
   </div>
   <div class='ocr_carea' id='block_1_4' title="bbox 323 1079 1790 2859">
    <p class='ocr_par' dir='ltr' id='par_1_4' title="bbox 323 1079 1790 2742">
     <span class='ocr_line' id='line_1_5' title="bbox 326 1079 1783 1142; baseline 0.003 -18"><span class='ocrx_word' id='word_1_12' title='bbox 326 1079 454 1126; x_wconf 69' lang='lat' dir='ltr'><strong>Multi</strong></span> <span class='ocrx_word' id='word_1_13' title='bbox 474 1094 583 1128; x_wconf 88' lang='lat' dir='ltr'><strong>titulo</strong></span> <span class='ocrx_word' id='word_1_14' title='bbox 601 1095 744 1130; x_wconf 84' lang='lat' dir='ltr'><strong>inducti</strong></span> <span class='ocrx_word' id='word_1_15' title='bbox 760 1100 867 1140; x_wconf 89' lang='lat' dir='ltr'><strong>sunt,</strong></span> <span class='ocrx_word' id='word_1_16' title='bbox 897 1101 941 1132; x_wconf 81' lang='lat' dir='ltr'><strong>ut</strong></span> <span class='ocrx_word' id='word_1_17' title='bbox 966 1098 1188 1142; x_wconf 79' lang='lat' dir='ltr'><strong>crederent,</strong></span> <span class='ocrx_word' id='word_1_18' title='bbox 1222 1098 1381 1133; x_wconf 88' lang='lat' dir='ltr'><strong>Diodori</strong></span> <span class='ocrx_word' id='word_1_19' title='bbox 1405 1107 1520 1142; x_wconf 84' lang='lat' dir='ltr'><strong>opere</strong></span> <span class='ocrx_word' id='word_1_20' title='bbox 1540 1107 1615 1131; x_wconf 88' lang='lat' dir='ltr'><strong>non</strong></span> <span class='ocrx_word' id='word_1_21' title='bbox 1631 1096 1703 1130; x_wconf 87' lang='lat' dir='ltr'><strong>nisi</strong></span> <span class='ocrx_word' id='word_1_22' title='bbox 1720 1106 1783 1130; x_wconf 81' lang='lat' dir='ltr'><strong>va-</strong></span> 
     </span>
     <span class='ocr_line' id='line_1_6' title="bbox 323 1150 1786 1197; baseline 0.004 -15"><span class='ocrx_word' id='word_1_23' title='bbox 323 1150 422 1182; x_wconf 84' lang='lat' dir='ltr'><strong>riam</strong></span> <span class='ocrx_word' id='word_1_24' title='bbox 441 1152 630 1185; x_wconf 86' lang='lat' dir='ltr'><strong>variorum</strong></span> <span class='ocrx_word' id='word_1_25' title='bbox 642 1154 862 1197; x_wconf 90' lang='lat' dir='ltr'><strong>populorum</strong></span> <span class='ocrx_word' id='word_1_26' title='bbox 878 1155 1074 1191; x_wconf 84' lang='lat' dir='ltr'><strong>historiam</strong></span> <span class='ocrx_word' id='word_1_27' title='bbox 1092 1158 1291 1196; x_wconf 82' lang='lat' dir='ltr'><strong>contineri,</strong></span> <span class='ocrx_word' id='word_1_28' title='bbox 1308 1155 1411 1188; x_wconf 83' lang='lat' dir='ltr'><strong>nulla</strong></span> <span class='ocrx_word' id='word_1_29' title='bbox 1432 1159 1536 1189; x_wconf 80' lang='lat' dir='ltr'><strong>certa</strong></span> <span class='ocrx_word' id='word_1_30' title='bbox 1550 1155 1697 1188; x_wconf 83' lang='lat' dir='ltr'><strong>ratione</strong></span> <span class='ocrx_word' id='word_1_31' title='bbox 1716 1164 1786 1188; x_wconf 84' lang='lat' dir='ltr'><strong>nec</strong></span> 
     </span>
     <span class='ocr_line' id='line_1_7' title="bbox 326 1206 1786 1261; baseline 0.003 -23"><span class='ocrx_word' id='word_1_32' title='bbox 326 1206 376 1239; x_wconf 81' lang='lat' dir='ltr'><strong>ad</strong></span> <span class='ocrx_word' id='word_1_33' title='bbox 397 1217 593 1244; x_wconf 87' lang='lat' dir='ltr'><strong>commune</strong></span> <span class='ocrx_word' id='word_1_34' title='bbox 619 1211 771 1256; x_wconf 84' lang='lat' dir='ltr'><strong>aliquod</strong></span> <span class='ocrx_word' id='word_1_35' title='bbox 795 1215 993 1261; x_wconf 70' lang='lat' dir='ltr'><strong>consilium</strong></span> <span class='ocrx_word' id='word_1_36' title='bbox 1017 1216 1218 1259; x_wconf 77' lang='lat' dir='ltr'><strong>digestam.</strong></span> <span class='ocrx_word' id='word_1_37' title='bbox 1262 1213 1500 1256; x_wconf 82' lang='lat' dir='ltr'><strong>Propositum</strong></span> <span class='ocrx_word' id='word_1_38' title='bbox 1522 1213 1556 1246; x_wconf 87' lang='lat' dir='ltr'><strong>ei</strong></span> <span class='ocrx_word' id='word_1_39' title='bbox 1575 1216 1678 1253; x_wconf 86' lang='lat' dir='ltr'><strong>erat,</strong></span> <span class='ocrx_word' id='word_1_40' title='bbox 1714 1221 1786 1244; x_wconf 87' lang='lat' dir='ltr'><strong>om-</strong></span> 
     </span>
     <span class='ocr_line' id='line_1_8' title="bbox 323 1262 1786 1315; baseline 0.006 -21"><span class='ocrx_word' id='word_1_41' title='bbox 323 1262 425 1307; x_wconf 59' lang='lat' dir='ltr'><strong>nium</strong></span> <span class='ocrx_word' id='word_1_42' title='bbox 442 1271 599 1300; x_wconf 71' lang='lat' dir='ltr'><strong>aetatum</strong></span> <span class='ocrx_word' id='word_1_43' title='bbox 604 1269 892 1312; x_wconf 75' lang='lat' dir='ltr'><strong>populorumque</strong></span> <span class='ocrx_word' id='word_1_44' title='bbox 907 1283 963 1304; x_wconf 81' lang='lat' dir='ltr'><strong>res</strong></span> <span class='ocrx_word' id='word_1_45' title='bbox 978 1273 1217 1315; x_wconf 76' lang='lat' dir='ltr'><strong>perlustrare,</strong></span> <span class='ocrx_word' id='word_1_46' title='bbox 1237 1270 1336 1315; x_wconf 87' lang='lat' dir='ltr'><strong>quod</strong></span> <span class='ocrx_word' id='word_1_47' title='bbox 1348 1274 1425 1303; x_wconf 84' lang='lat' dir='ltr'><strong>tum</strong></span> <span class='ocrx_word' id='word_1_48' title='bbox 1438 1270 1631 1313; x_wconf 86' lang='lat' dir='ltr'><strong>scriptoris</strong></span> <span class='ocrx_word' id='word_1_49' title='bbox 1641 1268 1786 1314; x_wconf 85' lang='lat' dir='ltr'><strong>profes·</strong></span> 
     </span>
     <span class='ocr_line' id='line_1_9' title="bbox 327 1321 1786 1371; baseline 0.005 -19"><span class='ocrx_word' id='word_1_50' title='bbox 327 1321 449 1363; x_wconf 82' lang='lat' dir='ltr'><strong>sione,</strong></span> <span class='ocrx_word' id='word_1_51' title='bbox 463 1326 539 1356; x_wconf 90' lang='lat' dir='ltr'><strong>tum</strong></span> <span class='ocrx_word' id='word_1_52' title='bbox 554 1324 640 1359; x_wconf 84' lang='lat' dir='ltr'><strong>libri</strong></span> <span class='ocrx_word' id='word_1_53' title='bbox 657 1332 881 1371; x_wconf 85' lang='lat' dir='ltr'><strong>argumento</strong></span> <span class='ocrx_word' id='word_1_54' title='bbox 899 1333 1057 1364; x_wconf 86' lang='lat' dir='ltr'><strong>constat.</strong></span> <span class='ocrx_word' id='word_1_55' title='bbox 1081 1329 1122 1361; x_wconf 83' lang='lat' dir='ltr'><strong>lu</strong></span> <span class='ocrx_word' id='word_1_56' title='bbox 1135 1327 1319 1361; x_wconf 82' lang='lat' dir='ltr'><strong>eiusmodi</strong></span> <span class='ocrx_word' id='word_1_57' title='bbox 1338 1336 1452 1370; x_wconf 85' lang='lat' dir='ltr'><strong>opere</strong></span> <span class='ocrx_word' id='word_1_58' title='bbox 1465 1331 1567 1360; x_wconf 88' lang='lat' dir='ltr'><strong>recte</strong></span> <span class='ocrx_word' id='word_1_59' title='bbox 1585 1328 1786 1360; x_wconf 84' lang='lat' dir='ltr'><strong>aestiman-</strong></span> 
     </span>
     <span class='ocr_line' id='line_1_10' title="bbox 327 1377 1788 1429; baseline 0.005 -20"><span class='ocrx_word' id='word_1_60' title='bbox 327 1377 376 1411; x_wconf 85' lang='lat' dir='ltr'><strong>do</strong></span> <span class='ocrx_word' id='word_1_61' title='bbox 393 1389 473 1412; x_wconf 87' lang='lat' dir='ltr'><strong>cum</strong></span> <span class='ocrx_word' id='word_1_62' title='bbox 487 1384 731 1425; x_wconf 87' lang='lat' dir='ltr'><strong>spectandum</strong></span> <span class='ocrx_word' id='word_1_63' title='bbox 748 1385 810 1426; x_wconf 84' lang='lat' dir='ltr'><strong>sit,</strong></span> <span class='ocrx_word' id='word_1_64' title='bbox 834 1389 873 1419; x_wconf 89' lang='lat' dir='ltr'><strong>et</strong></span> <span class='ocrx_word' id='word_1_65' title='bbox 889 1385 976 1429; x_wconf 79' lang='lat' dir='ltr'><strong>quid</strong></span> <span class='ocrx_word' id='word_1_66' title='bbox 988 1385 1162 1420; x_wconf 77' lang='lat' dir='ltr'><strong>commodi</strong></span> <span class='ocrx_word' id='word_1_67' title='bbox 1178 1383 1344 1428; x_wconf 74' lang='lat' dir='ltr'><strong>temporis</strong></span> <span class='ocrx_word' id='word_1_68' title='bbox 1361 1382 1518 1417; x_wconf 82' lang='lat' dir='ltr'><strong>rationes</strong></span> <span class='ocrx_word' id='word_1_69' title='bbox 1533 1382 1788 1426; x_wconf 73' lang='lat' dir='ltr'><strong>auctoriprae-</strong></span> 
     </span>
     <span class='ocr_line' id='line_1_11' title="bbox 324 1434 1788 1488; baseline 0.006 -22"><span class='ocrx_word' id='word_1_70' title='bbox 324 1434 499 1479; x_wconf 71' lang='lat' dir='ltr'><strong>stiterint,</strong></span> <span class='ocrx_word' id='word_1_71' title='bbox 533 1443 572 1472; x_wconf 85' lang='lat' dir='ltr'><strong>et</strong></span> <span class='ocrx_word' id='word_1_72' title='bbox 601 1440 691 1483; x_wconf 78' lang='lat' dir='ltr'><strong>quid</strong></span> <span class='ocrx_word' id='word_1_73' title='bbox 708 1440 787 1475; x_wconf 78' lang='lat' dir='ltr'><strong>vitii</strong></span> <span class='ocrx_word' id='word_1_74' title='bbox 810 1442 1021 1488; x_wconf 74' lang='lat' dir='ltr'><strong>argumenti</strong></span> <span class='ocrx_word' id='word_1_75' title='bbox 1045 1442 1218 1487; x_wconf 78' lang='lat' dir='ltr'><strong>expositio</strong></span> <span class='ocrx_word' id='word_1_76' title='bbox 1243 1441 1286 1476; x_wconf 79' lang='lat' dir='ltr'><strong>ab</strong></span> <span class='ocrx_word' id='word_1_77' title='bbox 1309 1441 1434 1475; x_wconf 73' lang='lat' dir='ltr'><strong>iisdem</strong></span> <span class='ocrx_word' id='word_1_78' title='bbox 1453 1447 1488 1474; x_wconf 84' lang='lat' dir='ltr'><strong>et</strong></span> <span class='ocrx_word' id='word_1_79' title='bbox 1507 1451 1530 1483; x_wconf 78' lang='grc' dir='ltr'><em>ᾳ</em></span> <span class='ocrx_word' id='word_1_80' title='bbox 1563 1441 1788 1475; x_wconf 80' lang='lat' dir='ltr'><strong>Graecorum</strong></span> 
     </span>
     <span class='ocr_line' id='line_1_12' title="bbox 325 1490 1787 1546; baseline 0.005 -23"><span class='ocrx_word' id='word_1_81' title='bbox 325 1490 473 1537; x_wconf 72' lang='lat' dir='ltr'><strong>ingenio</strong></span> <span class='ocrx_word' id='word_1_82' title='bbox 493 1496 716 1541; x_wconf 73' lang='lat' dir='ltr'><strong>moribusque</strong></span> <span class='ocrx_word' id='word_1_83' title='bbox 734 1499 897 1542; x_wconf 78' lang='lat' dir='ltr'><strong>traxerit,</strong></span> <span class='ocrx_word' id='word_1_84' title='bbox 925 1501 972 1535; x_wconf 89' lang='lat' dir='ltr'><strong>de</strong></span> <span class='ocrx_word' id='word_1_85' title='bbox 995 1505 1155 1546; x_wconf 88' lang='lat' dir='ltr'><strong>utroque</strong></span> <span class='ocrx_word' id='word_1_86' title='bbox 1174 1501 1340 1535; x_wconf 86' lang='lat' dir='ltr'><strong>lectores</strong></span> <span class='ocrx_word' id='word_1_87' title='bbox 1355 1500 1484 1544; x_wconf 80' lang='lat' dir='ltr'><strong>paucis</strong></span> <span class='ocrx_word' id='word_1_88' title='bbox 1500 1500 1787 1542; x_wconf 77' lang='lat' dir='ltr'><strong>praemonuisse</strong></span> 
     </span>
     <span class='ocr_line' id='line_1_13' title="bbox 328 1551 1788 1603; baseline 0.005 -23"><span class='ocrx_word' id='word_1_89' title='bbox 328 1551 504 1585; x_wconf 80' lang='lat' dir='ltr'><strong>sufficiat.</strong></span> <span class='ocrx_word' id='word_1_90' title='bbox 553 1554 707 1589; x_wconf 88' lang='lat' dir='ltr'><strong>Consilii</strong></span> <span class='ocrx_word' id='word_1_91' title='bbox 729 1562 768 1590; x_wconf 90' lang='lat' dir='ltr'><strong>et</strong></span> <span class='ocrx_word' id='word_1_92' title='bbox 783 1558 1018 1602; x_wconf 87' lang='lat' dir='ltr'><strong>concipiendi</strong></span> <span class='ocrx_word' id='word_1_93' title='bbox 1036 1563 1075 1592; x_wconf 84' lang='lat' dir='ltr'><strong>et</strong></span> <span class='ocrx_word' id='word_1_94' title='bbox 1089 1557 1321 1603; x_wconf 82' lang='lat' dir='ltr'><strong>exsequendi</strong></span> <span class='ocrx_word' id='word_1_95' title='bbox 1346 1557 1665 1600; x_wconf 78' lang='lat' dir='ltr'><strong>opportunitatem</strong></span> <span class='ocrx_word' id='word_1_96' title='bbox 1685 1554 1788 1589; x_wconf 85' lang='lat' dir='ltr'><strong>haud</strong></span> 
     </span>
     <span class='ocr_line' id='line_1_14' title="bbox 327 1606 1787 1659; baseline 0.008 -22"><span class='ocrx_word' id='word_1_97' title='bbox 327 1606 441 1642; x_wconf 84' lang='lat' dir='ltr'><strong>dubie</strong></span> <span class='ocrx_word' id='word_1_98' title='bbox 461 1610 652 1646; x_wconf 80' lang='lat' dir='ltr'><strong>obtulerat</strong></span> <span class='ocrx_word' id='word_1_99' title='bbox 670 1623 820 1657; x_wconf 89' lang='lat' dir='ltr'><strong>aevum,</strong></span> <span class='ocrx_word' id='word_1_100' title='bbox 843 1616 881 1648; x_wconf 88' lang='lat' dir='ltr'><strong>in</strong></span> <span class='ocrx_word' id='word_1_101' title='bbox 903 1625 975 1659; x_wconf 89' lang='lat' dir='ltr'><strong>quo</strong></span> <span class='ocrx_word' id='word_1_102' title='bbox 994 1616 1124 1649; x_wconf 69' lang='lat' dir='ltr'><strong>rivere</strong></span> <span class='ocrx_word' id='word_1_103' title='bbox 1143 1614 1313 1648; x_wconf 85' lang='lat' dir='ltr'><strong>Diodoro</strong></span> <span class='ocrx_word' id='word_1_104' title='bbox 1332 1615 1534 1658; x_wconf 75' lang='lat' dir='ltr'><strong>obtigerat.</strong></span> <span class='ocrx_word' id='word_1_105' title='bbox 1568 1615 1664 1647; x_wconf 88' lang='lat' dir='ltr'><strong>Tum</strong></span> <span class='ocrx_word' id='word_1_106' title='bbox 1685 1615 1787 1648; x_wconf 83' lang='lat' dir='ltr'><strong>enim</strong></span> 
     </span>
     <span class='ocr_line' id='line_1_15' title="bbox 326 1664 1787 1717; baseline 0.005 -21"><span class='ocrx_word' id='word_1_107' title='bbox 326 1664 511 1706; x_wconf 85' lang='lat' dir='ltr'><strong>plurimos</strong></span> <span class='ocrx_word' id='word_1_108' title='bbox 531 1669 632 1702; x_wconf 85' lang='lat' dir='ltr'><strong>orbis</strong></span> <span class='ocrx_word' id='word_1_109' title='bbox 651 1674 839 1705; x_wconf 89' lang='lat' dir='ltr'><strong>terrarum</strong></span> <span class='ocrx_word' id='word_1_110' title='bbox 858 1672 1018 1717; x_wconf 89' lang='lat' dir='ltr'><strong>populos</strong></span> <span class='ocrx_word' id='word_1_111' title='bbox 1033 1673 1145 1705; x_wconf 90' lang='lat' dir='ltr'><strong>unius</strong></span> <span class='ocrx_word' id='word_1_112' title='bbox 1163 1673 1322 1716; x_wconf 88' lang='lat' dir='ltr'><strong>imperio</strong></span> <span class='ocrx_word' id='word_1_113' title='bbox 1339 1672 1551 1713; x_wconf 86' lang='lat' dir='ltr'><strong>subiectos,</strong></span> <span class='ocrx_word' id='word_1_114' title='bbox 1572 1671 1787 1715; x_wconf 80' lang='lat' dir='ltr'><strong>multosque</strong></span> 
     </span>
     <span class='ocr_line' id='line_1_16' title="bbox 326 1721 1789 1771; baseline 0.006 -18"><span class='ocrx_word' id='word_1_115' title='bbox 326 1721 391 1754; x_wconf 62' lang='lat' dir='ltr'><strong>vel</strong></span> <span class='ocrx_word' id='word_1_116' title='bbox 413 1722 515 1758; x_wconf 86' lang='lat' dir='ltr'><strong>bello</strong></span> <span class='ocrx_word' id='word_1_117' title='bbox 540 1727 762 1771; x_wconf 76' lang='lat' dir='ltr'><strong>subiugatos</strong></span> <span class='ocrx_word' id='word_1_118' title='bbox 783 1728 846 1762; x_wconf 85' lang='lat' dir='ltr'><strong>vel</strong></span> <span class='ocrx_word' id='word_1_119' title='bbox 871 1730 1058 1763; x_wconf 84' lang='lat' dir='ltr'><strong>societate</strong></span> <span class='ocrx_word' id='word_1_120' title='bbox 1078 1740 1122 1763; x_wconf 89' lang='lat' dir='ltr'><strong>ac</strong></span> <span class='ocrx_word' id='word_1_121' title='bbox 1153 1729 1309 1763; x_wconf 83' lang='lat' dir='ltr'><strong>foedere</strong></span> <span class='ocrx_word' id='word_1_122' title='bbox 1327 1730 1474 1763; x_wconf 86' lang='lat' dir='ltr'><strong>iunctos</strong></span> <span class='ocrx_word' id='word_1_123' title='bbox 1492 1739 1575 1762; x_wconf 91' lang='lat' dir='ltr'><strong>cum</strong></span> <span class='ocrx_word' id='word_1_124' title='bbox 1592 1728 1789 1762; x_wconf 81' lang='lat' dir='ltr'><strong>observas-</strong></span> 
     </span>
     <span class='ocr_line' id='line_1_17' title="bbox 327 1780 1789 1830; baseline -0.002 -10"><span class='ocrx_word' id='word_1_125' title='bbox 327 1782 407 1820; x_wconf 54' lang='lat' dir='ltr'><strong>set,</strong></span> <span class='ocrx_word' id='word_1_126' title='bbox 440 1780 551 1815; x_wconf 82' lang='lat' dir='ltr'><strong>facile</strong></span> <span class='ocrx_word' id='word_1_127' title='bbox 581 1785 729 1818; x_wconf 80' lang='lat' dir='ltr'><strong>animus</strong></span> <span class='ocrx_word' id='word_1_128' title='bbox 756 1785 796 1818; x_wconf 89' lang='lat' dir='ltr'><strong>in</strong></span> <span class='ocrx_word' id='word_1_129' title='bbox 815 1795 899 1819; x_wconf 86' lang='lat' dir='ltr'><strong>eam</strong></span> <span class='ocrx_word' id='word_1_130' title='bbox 917 1787 1186 1830; x_wconf 83' lang='lat' dir='ltr'><strong>cogitationem</strong></span> <span class='ocrx_word' id='word_1_131' title='bbox 1206 1786 1341 1820; x_wconf 90' lang='lat' dir='ltr'><strong>deduci</strong></span> <span class='ocrx_word' id='word_1_132' title='bbox 1360 1787 1502 1830; x_wconf 86' lang='lat' dir='ltr'><strong>potuit,</strong></span> <span class='ocrx_word' id='word_1_133' title='bbox 1532 1789 1575 1818; x_wconf 89' lang='lat' dir='ltr'><strong>ut</strong></span> <span class='ocrx_word' id='word_1_134' title='bbox 1592 1786 1709 1819; x_wconf 85' lang='lat' dir='ltr'><strong>totius</strong></span> <span class='ocrx_word' id='word_1_135' title='bbox 1724 1795 1789 1829; x_wconf 83' lang='lat' dir='ltr'><strong>ge-</strong></span> 
     </span>
     <span class='ocr_line' id='line_1_18' title="bbox 328 1836 1790 1888; baseline 0.005 -22"><span class='ocrx_word' id='word_1_136' title='bbox 328 1836 432 1868; x_wconf 79' lang='lat' dir='ltr'><strong>neris</strong></span> <span class='ocrx_word' id='word_1_137' title='bbox 458 1836 631 1882; x_wconf 83' lang='lat' dir='ltr'><strong>humani,</strong></span> <span class='ocrx_word' id='word_1_138' title='bbox 662 1846 842 1887; x_wconf 85' lang='lat' dir='ltr'><strong>tanquam</strong></span> <span class='ocrx_word' id='word_1_139' title='bbox 866 1845 977 1877; x_wconf 86' lang='lat' dir='ltr'><strong>unius</strong></span> <span class='ocrx_word' id='word_1_140' title='bbox 1004 1844 1257 1888; x_wconf 86' lang='lat' dir='ltr'><strong>reipublicae,</strong></span> <span class='ocrx_word' id='word_1_141' title='bbox 1292 1848 1404 1888; x_wconf 85' lang='lat' dir='ltr'><strong>gesta</strong></span> <span class='ocrx_word' id='word_1_142' title='bbox 1426 1848 1542 1887; x_wconf 84' lang='lat' dir='ltr'><strong>atque</strong></span> <span class='ocrx_word' id='word_1_143' title='bbox 1570 1842 1655 1876; x_wconf 83' lang='lat' dir='ltr'><strong>fata·</strong></span> <span class='ocrx_word' id='word_1_144' title='bbox 1671 1842 1790 1886; x_wconf 89' lang='lat' dir='ltr'><strong>respi-</strong></span> 
     </span>
     <span class='ocr_line' id='line_1_19' title="bbox 328 1897 1790 1941; baseline 0.005 -17"><span class='ocrx_word' id='word_1_145' title='bbox 328 1897 452 1935; x_wconf 84' lang='lat' dir='ltr'><strong>ceret,</strong></span> <span class='ocrx_word' id='word_1_146' title='bbox 485 1897 641 1941; x_wconf 73' lang='lat' dir='ltr'><strong>eiusque</strong></span> <span class='ocrx_word' id='word_1_147' title='bbox 666 1909 901 1933; x_wconf 86' lang='lat' dir='ltr'><strong>communem</strong></span> <span class='ocrx_word' id='word_1_148' title='bbox 919 1901 982 1934; x_wconf 62' lang='lat' dir='ltr'><strong>vel</strong></span> <span class='ocrx_word' id='word_1_149' title='bbox 999 1902 1215 1935; x_wconf 79' lang='lat' dir='ltr'><strong>universam</strong></span> <span class='ocrx_word' id='word_1_150' title='bbox 1233 1900 1429 1935; x_wconf 84' lang='lat' dir='ltr'><strong>historiam</strong></span> <span class='ocrx_word' id='word_1_151' title='bbox 1449 1904 1653 1935; x_wconf 82' lang='lat' dir='ltr'><strong>contexere</strong></span> <span class='ocrx_word' id='word_1_152' title='bbox 1674 1899 1790 1933; x_wconf 89' lang='lat' dir='ltr'><strong>desti-</strong></span> 
     </span>
     <span class='ocr_line' id='line_1_20' title="bbox 326 1953 1790 2003; baseline 0.005 -22"><span class='ocrx_word' id='word_1_153' title='bbox 326 1955 450 1986; x_wconf 80' lang='lat' dir='ltr'><strong>naret.</strong></span> <span class='ocrx_word' id='word_1_154' title='bbox 500 1953 649 1989; x_wconf 86' lang='lat' dir='ltr'><strong>Deinde</strong></span> <span class='ocrx_word' id='word_1_155' title='bbox 675 1967 783 1999; x_wconf 78' lang='lat' dir='ltr'><strong>vero,</strong></span> <span class='ocrx_word' id='word_1_156' title='bbox 821 1954 920 2003; x_wconf 86' lang='lat' dir='ltr'><strong>quod</strong></span> <span class='ocrx_word' id='word_1_157' title='bbox 944 1959 1102 1992; x_wconf 83' lang='lat' dir='ltr'><strong>notitias</strong></span> <span class='ocrx_word' id='word_1_158' title='bbox 1127 1959 1165 1991; x_wconf 87' lang='lat' dir='ltr'><strong>in</strong></span> <span class='ocrx_word' id='word_1_159' title='bbox 1193 1968 1277 1992; x_wconf 83' lang='lat' dir='ltr'><strong>eam</strong></span> <span class='ocrx_word' id='word_1_160' title='bbox 1298 1969 1379 1996; x_wconf 81' lang='lat' dir='ltr'><strong>rem</strong></span> <span class='ocrx_word' id='word_1_161' title='bbox 1403 1956 1676 2003; x_wconf 82' lang='lat' dir='ltr'><strong>comparandas</strong></span> <span class='ocrx_word' id='word_1_162' title='bbox 1701 1965 1790 1999; x_wconf 85' lang='lat' dir='ltr'><strong>spe-</strong></span> 
     </span>
     <span class='ocr_line' id='line_1_21' title="bbox 330 2008 1789 2058; baseline 0.005 -19"><span class='ocrx_word' id='word_1_163' title='bbox 330 2008 478 2049; x_wconf 82' lang='lat' dir='ltr'><strong>ctabat,</strong></span> <span class='ocrx_word' id='word_1_164' title='bbox 513 2012 617 2044; x_wconf 76' lang='lat' dir='ltr'><strong>nullo</strong></span> <span class='ocrx_word' id='word_1_165' title='bbox 645 2013 720 2046; x_wconf 85' lang='lat' dir='ltr'><strong>alio</strong></span> <span class='ocrx_word' id='word_1_166' title='bbox 750 2018 922 2058; x_wconf 87' lang='lat' dir='ltr'><strong>tempore</strong></span> <span class='ocrx_word' id='word_1_167' title='bbox 945 2015 1008 2049; x_wconf 72' lang='lat' dir='ltr'><strong>vel</strong></span> <span class='ocrx_word' id='word_1_168' title='bbox 1030 2016 1227 2049; x_wconf 84' lang='lat' dir='ltr'><strong>literarum</strong></span> <span class='ocrx_word' id='word_1_169' title='bbox 1251 2016 1498 2056; x_wconf 86' lang='lat' dir='ltr'><strong>commercio,</strong></span> <span class='ocrx_word' id='word_1_170' title='bbox 1526 2015 1589 2048; x_wconf 81' lang='lat' dir='ltr'><strong>vel</strong></span> <span class='ocrx_word' id='word_1_171' title='bbox 1605 2015 1789 2048; x_wconf 89' lang='lat' dir='ltr'><strong>librorum</strong></span> 
     </span>
     <span class='ocr_line' id='line_1_22' title="bbox 328 2069 1788 2117; baseline 0.005 -20"><span class='ocrx_word' id='word_1_172' title='bbox 328 2072 528 2110; x_wconf 75' lang='lat' dir='ltr'><strong>apparatu,</strong></span> <span class='ocrx_word' id='word_1_173' title='bbox 562 2069 623 2102; x_wconf 74' lang='lat' dir='ltr'><strong>vel</strong></span> <span class='ocrx_word' id='word_1_174' title='bbox 652 2072 839 2113; x_wconf 86' lang='lat' dir='ltr'><strong>permisso</strong></span> <span class='ocrx_word' id='word_1_175' title='bbox 867 2075 1223 2107; x_wconf 83' lang='lat' dir='ltr'><strong>commentariorum</strong></span> <span class='ocrx_word' id='word_1_176' title='bbox 1246 2073 1478 2117; x_wconf 83' lang='lat' dir='ltr'><strong>publicorum</strong></span> <span class='ocrx_word' id='word_1_177' title='bbox 1499 2082 1591 2113; x_wconf 87' lang='lat' dir='ltr'><strong>usu,</strong></span> <span class='ocrx_word' id='word_1_178' title='bbox 1622 2071 1730 2115; x_wconf 83' lang='lat' dir='ltr'><strong>plura</strong></span> <span class='ocrx_word' id='word_1_179' title='bbox 1748 2074 1788 2105; x_wconf 86' lang='lat' dir='ltr'><strong>et</strong></span> 
     </span>
     <span class='ocr_line' id='line_1_23' title="bbox 331 2124 1788 2172; baseline 0.005 -18"><span class='ocrx_word' id='word_1_180' title='bbox 331 2124 479 2157; x_wconf 81' lang='lat' dir='ltr'><strong>maiora</strong></span> <span class='ocrx_word' id='word_1_181' title='bbox 495 2126 709 2168; x_wconf 87' lang='lat' dir='ltr'><strong>commoda,</strong></span> <span class='ocrx_word' id='word_1_182' title='bbox 738 2138 847 2171; x_wconf 84' lang='lat' dir='ltr'><strong>quam</strong></span> <span class='ocrx_word' id='word_1_183' title='bbox 871 2133 978 2170; x_wconf 87' lang='lat' dir='ltr'><strong>tunc,</strong></span> <span class='ocrx_word' id='word_1_184' title='bbox 1004 2129 1132 2163; x_wconf 87' lang='lat' dir='ltr'><strong>oblata</strong></span> <span class='ocrx_word' id='word_1_185' title='bbox 1150 2134 1271 2163; x_wconf 87' lang='lat' dir='ltr'><strong>erant.</strong></span> <span class='ocrx_word' id='word_1_186' title='bbox 1316 2129 1570 2170; x_wconf 76' lang='lat' dir='ltr'><strong>Quamobrem</strong></span> <span class='ocrx_word' id='word_1_187' title='bbox 1588 2129 1682 2161; x_wconf 86' lang='lat' dir='ltr'><strong>tanti</strong></span> <span class='ocrx_word' id='word_1_188' title='bbox 1701 2138 1788 2172; x_wconf 84' lang='lat' dir='ltr'><strong>ope·</strong></span> 
     </span>
     <span class='ocr_line' id='line_1_24' title="bbox 325 2180 1786 2230; baseline 0.004 -19"><span class='ocrx_word' id='word_1_189' title='bbox 325 2180 381 2212; x_wconf 77' lang='lat' dir='ltr'><strong>ris</strong></span> <span class='ocrx_word' id='word_1_190' title='bbox 405 2191 488 2214; x_wconf 84' lang='lat' dir='ltr'><strong>cum</strong></span> <span class='ocrx_word' id='word_1_191' title='bbox 510 2182 636 2216; x_wconf 83' lang='lat' dir='ltr'><strong>fausto</strong></span> <span class='ocrx_word' id='word_1_192' title='bbox 658 2194 836 2218; x_wconf 86' lang='lat' dir='ltr'><strong>successu</strong></span> <span class='ocrx_word' id='word_1_193' title='bbox 857 2186 1086 2230; x_wconf 84' lang='lat' dir='ltr'><strong>suscipiendi</strong></span> <span class='ocrx_word' id='word_1_194' title='bbox 1113 2187 1277 2229; x_wconf 86' lang='lat' dir='ltr'><strong>aliquam</strong></span> <span class='ocrx_word' id='word_1_195' title='bbox 1305 2190 1451 2229; x_wconf 86' lang='lat' dir='ltr'><strong>partem</strong></span> <span class='ocrx_word' id='word_1_196' title='bbox 1469 2185 1598 2218; x_wconf 88' lang='lat' dir='ltr'><strong>seculo</strong></span> <span class='ocrx_word' id='word_1_197' title='bbox 1616 2185 1786 2218; x_wconf 87' lang='lat' dir='ltr'><strong>tribuere</strong></span> 
     </span>
     <span class='ocr_line' id='line_1_25' title="bbox 326 2234 1788 2286; baseline 0.005 -18"><span class='ocrx_word' id='word_1_198' title='bbox 326 2234 429 2270; x_wconf 84' lang='lat' dir='ltr'><strong>haud</strong></span> <span class='ocrx_word' id='word_1_199' title='bbox 450 2238 678 2277; x_wconf 79' lang='lat' dir='ltr'><strong>dubitamus.</strong></span> <span class='ocrx_word' id='word_1_200' title='bbox 726 2241 911 2277; x_wconf 85' lang='lat' dir='ltr'><strong>Similiter</strong></span> <span class='ocrx_word' id='word_1_201' title='bbox 929 2248 1055 2276; x_wconf 83' lang='lat' dir='ltr'><strong>autem</strong></span> <span class='ocrx_word' id='word_1_202' title='bbox 1076 2243 1121 2275; x_wconf 88' lang='lat' dir='ltr'><strong>ab</strong></span> <span class='ocrx_word' id='word_1_203' title='bbox 1139 2244 1262 2277; x_wconf 83' lang='lat' dir='ltr'><strong>altera</strong></span> <span class='ocrx_word' id='word_1_204' title='bbox 1282 2246 1403 2286; x_wconf 86' lang='lat' dir='ltr'><strong>parte,</strong></span> <span class='ocrx_word' id='word_1_205' title='bbox 1431 2243 1470 2274; x_wconf 88' lang='lat' dir='ltr'><strong>in</strong></span> <span class='ocrx_word' id='word_1_206' title='bbox 1491 2245 1548 2275; x_wconf 87' lang='lat' dir='ltr'><strong>tot</strong></span> <span class='ocrx_word' id='word_1_207' title='bbox 1564 2242 1788 2286; x_wconf 83' lang='lat' dir='ltr'><strong>populorum</strong></span> 
     </span>
     <span class='ocr_line' id='line_1_26' title="bbox 326 2297 1787 2344; baseline 0.005 -19"><span class='ocrx_word' id='word_1_208' title='bbox 326 2297 616 2341; x_wconf 78' lang='lat' dir='ltr'><strong>temporumque</strong></span> <span class='ocrx_word' id='word_1_209' title='bbox 634 2298 856 2333; x_wconf 79' lang='lat' dir='ltr'><strong>diversitate</strong></span> <span class='ocrx_word' id='word_1_210' title='bbox 876 2300 1144 2342; x_wconf 82' lang='lat' dir='ltr'><strong>describenda,</strong></span> <span class='ocrx_word' id='word_1_211' title='bbox 1167 2300 1310 2344; x_wconf 88' lang='lat' dir='ltr'><strong>aliquid</strong></span> <span class='ocrx_word' id='word_1_212' title='bbox 1327 2301 1410 2332; x_wconf 79' lang='lat' dir='ltr'><strong>vitii</strong></span> <span class='ocrx_word' id='word_1_213' title='bbox 1430 2303 1468 2333; x_wconf 84' lang='lat' dir='ltr'><strong>et</strong></span> <span class='ocrx_word' id='word_1_214' title='bbox 1487 2302 1649 2344; x_wconf 79' lang='lat' dir='ltr'><strong>tempori</strong></span> <span class='ocrx_word' id='word_1_215' title='bbox 1670 2304 1708 2333; x_wconf 90' lang='lat' dir='ltr'><strong>et</strong></span> <span class='ocrx_word' id='word_1_216' title='bbox 1725 2311 1787 2344; x_wconf 88' lang='lat' dir='ltr'><strong>pa-</strong></span> 
     </span>
     <span class='ocr_line' id='line_1_27' title="bbox 327 2352 1787 2401; baseline 0.003 -16"><span class='ocrx_word' id='word_1_217' title='bbox 327 2352 428 2385; x_wconf 69' lang='lat' dir='ltr'><strong>triae</strong></span> <span class='ocrx_word' id='word_1_218' title='bbox 457 2358 496 2386; x_wconf 65' lang='lat' dir='ltr'><strong>et</strong></span> <span class='ocrx_word' id='word_1_219' title='bbox 517 2353 679 2388; x_wconf 80' lang='lat' dir='ltr'><strong>hominis</strong></span> <span class='ocrx_word' id='word_1_220' title='bbox 703 2358 930 2399; x_wconf 85' lang='lat' dir='ltr'><strong>praesertim</strong></span> <span class='ocrx_word' id='word_1_221' title='bbox 951 2357 1086 2390; x_wconf 85' lang='lat' dir='ltr'><strong>Graeci</strong></span> <span class='ocrx_word' id='word_1_222' title='bbox 1106 2358 1259 2401; x_wconf 82' lang='lat' dir='ltr'><strong>ingenio</strong></span> <span class='ocrx_word' id='word_1_223' title='bbox 1278 2360 1317 2390; x_wconf 84' lang='lat' dir='ltr'><strong>et</strong></span> <span class='ocrx_word' id='word_1_224' title='bbox 1333 2357 1500 2390; x_wconf 85' lang='lat' dir='ltr'><strong>moribus</strong></span> <span class='ocrx_word' id='word_1_225' title='bbox 1521 2356 1787 2393; x_wconf 82' lang='lat' dir='ltr'><strong>concedamus.</strong></span> 
     </span>
     <span class='ocr_line' id='line_1_28' title="bbox 328 2407 1788 2458; baseline 0.005 -19"><span class='ocrx_word' id='word_1_226' title='bbox 328 2407 428 2440; x_wconf 61' lang='lat' dir='ltr'><strong>Nam</strong></span> <span class='ocrx_word' id='word_1_227' title='bbox 453 2420 650 2445; x_wconf 76' lang='lat' dir='ltr'><strong>con-mune</strong></span> <span class='ocrx_word' id='word_1_228' title='bbox 677 2411 747 2446; x_wconf 88' lang='lat' dir='ltr'><strong>hoc</strong></span> <span class='ocrx_word' id='word_1_229' title='bbox 776 2412 891 2447; x_wconf 87' lang='lat' dir='ltr'><strong>hahet</strong></span> <span class='ocrx_word' id='word_1_230' title='bbox 918 2425 1001 2447; x_wconf 89' lang='lat' dir='ltr'><strong>cum</strong></span> <span class='ocrx_word' id='word_1_231' title='bbox 1028 2415 1186 2458; x_wconf 83' lang='lat' dir='ltr'><strong>reliquis</strong></span> <span class='ocrx_word' id='word_1_232' title='bbox 1206 2414 1363 2448; x_wconf 75' lang='lat' dir='ltr'><strong>Graecis</strong></span> <span class='ocrx_word' id='word_1_233' title='bbox 1389 2413 1654 2458; x_wconf 84' lang='lat' dir='ltr'><strong>scriptoribus,</strong></span> <span class='ocrx_word' id='word_1_234' title='bbox 1687 2413 1788 2458; x_wconf 85' lang='lat' dir='ltr'><strong>quod</strong></span> 
     </span>
     <span class='ocr_line' id='line_1_29' title="bbox 331 2465 1789 2510; baseline 0.003 -13"><span class='ocrx_word' id='word_1_235' title='bbox 331 2465 467 2510; x_wconf 46' lang='lat' dir='ltr'><strong>&lt;ibique</strong></span> <span class='ocrx_word' id='word_1_236' title='bbox 503 2473 719 2503; x_wconf 79' lang='lat' dir='ltr'><strong>exterorum</strong></span> <span class='ocrx_word' id='word_1_237' title='bbox 750 2481 875 2505; x_wconf 87' lang='lat' dir='ltr'><strong>mores</strong></span> <span class='ocrx_word' id='word_1_238' title='bbox 902 2475 940 2505; x_wconf 88' lang='lat' dir='ltr'><strong>et</strong></span> <span class='ocrx_word' id='word_1_239' title='bbox 962 2472 1138 2504; x_wconf 88' lang='lat' dir='ltr'><strong>instituta</strong></span> <span class='ocrx_word' id='word_1_240' title='bbox 1155 2481 1226 2504; x_wconf 90' lang='lat' dir='ltr'><strong>non</strong></span> <span class='ocrx_word' id='word_1_241' title='bbox 1246 2475 1324 2504; x_wconf 87' lang='lat' dir='ltr'><strong>tam</strong></span> <span class='ocrx_word' id='word_1_242' title='bbox 1349 2482 1431 2505; x_wconf 85' lang='lat' dir='ltr'><strong>cum</strong></span> <span class='ocrx_word' id='word_1_243' title='bbox 1453 2471 1683 2504; x_wconf 85' lang='lat' dir='ltr'><strong>Graecorum</strong></span> <span class='ocrx_word' id='word_1_244' title='bbox 1704 2481 1789 2503; x_wconf 91' lang='lat' dir='ltr'><strong>con-</strong></span> 
     </span>
     <span class='ocr_line' id='line_1_30' title="bbox 327 2523 1788 2573; baseline 0.003 -19"><span class='ocrx_word' id='word_1_245' title='bbox 327 2523 590 2558; x_wconf 80' lang='lat' dir='ltr'><strong>suetudinibus</strong></span> <span class='ocrx_word' id='word_1_246' title='bbox 611 2533 895 2570; x_wconf 84' lang='lat' dir='ltr'><strong>comparantur,</strong></span> <span class='ocrx_word' id='word_1_247' title='bbox 931 2538 1040 2573; x_wconf 86' lang='lat' dir='ltr'><strong>quam</strong></span> <span class='ocrx_word' id='word_1_248' title='bbox 1062 2527 1120 2560; x_wconf 87' lang='lat' dir='ltr'><strong>his</strong></span> <span class='ocrx_word' id='word_1_249' title='bbox 1138 2529 1264 2572; x_wconf 88' lang='lat' dir='ltr'><strong>potius</strong></span> <span class='ocrx_word' id='word_1_250' title='bbox 1287 2527 1572 2561; x_wconf 82' lang='lat' dir='ltr'><strong>conformantur</strong></span> <span class='ocrx_word' id='word_1_251' title='bbox 1590 2530 1628 2561; x_wconf 85' lang='lat' dir='ltr'><strong>et</strong></span> <span class='ocrx_word' id='word_1_252' title='bbox 1643 2536 1788 2560; x_wconf 82' lang='lat' dir='ltr'><strong>accom-</strong></span> 
     </span>
     <span class='ocr_line' id='line_1_31' title="bbox 327 2580 1786 2630; baseline 0.003 -19"><span class='ocrx_word' id='word_1_253' title='bbox 327 2580 541 2617; x_wconf 76' lang='lat' dir='ltr'><strong>modantur.</strong></span> <span class='ocrx_word' id='word_1_254' title='bbox 591 2583 667 2617; x_wconf 85' lang='lat' dir='ltr'><strong>Sed</strong></span> <span class='ocrx_word' id='word_1_255' title='bbox 684 2585 731 2619; x_wconf 90' lang='lat' dir='ltr'><strong>de</strong></span> <span class='ocrx_word' id='word_1_256' title='bbox 749 2584 808 2618; x_wconf 85' lang='lat' dir='ltr'><strong>his</strong></span> <span class='ocrx_word' id='word_1_257' title='bbox 824 2585 936 2618; x_wconf 84' lang='lat' dir='ltr'><strong>satis!</strong></span> <span class='ocrx_word' id='word_1_258' title='bbox 976 2586 1057 2619; x_wconf 88' lang='lat' dir='ltr'><strong>Iam</strong></span> <span class='ocrx_word' id='word_1_259' title='bbox 1075 2587 1202 2630; x_wconf 82' lang='lat' dir='ltr'><strong>itaque</strong></span> <span class='ocrx_word' id='word_1_260' title='bbox 1225 2585 1442 2626; x_wconf 86' lang='lat' dir='ltr'><strong>videamus,</strong></span> <span class='ocrx_word' id='word_1_261' title='bbox 1468 2595 1578 2629; x_wconf 88' lang='lat' dir='ltr'><strong>quam</strong></span> <span class='ocrx_word' id='word_1_262' title='bbox 1597 2584 1786 2617; x_wconf 87' lang='lat' dir='ltr'><strong>rationem</strong></span> 
     </span>
     <span class='ocr_line' id='line_1_32' title="bbox 329 2635 1785 2686; baseline 0.003 -18"><span class='ocrx_word' id='word_1_263' title='bbox 329 2635 524 2672; x_wconf 84' lang='lat' dir='ltr'><strong>Diodorus</strong></span> <span class='ocrx_word' id='word_1_264' title='bbox 556 2645 710 2675; x_wconf 85' lang='lat' dir='ltr'><strong>secutus</strong></span> <span class='ocrx_word' id='word_1_265' title='bbox 745 2643 815 2684; x_wconf 89' lang='lat' dir='ltr'><strong>sit,</strong></span> <span class='ocrx_word' id='word_1_266' title='bbox 856 2646 900 2676; x_wconf 79' lang='lat' dir='ltr'><strong>ut</strong></span> <span class='ocrx_word' id='word_1_267' title='bbox 924 2647 1000 2676; x_wconf 86' lang='lat' dir='ltr'><strong>tam</strong></span> <span class='ocrx_word' id='word_1_268' title='bbox 1024 2643 1260 2676; x_wconf 82' lang='lat' dir='ltr'><strong>diversarum</strong></span> <span class='ocrx_word' id='word_1_269' title='bbox 1291 2645 1460 2676; x_wconf 85' lang='lat' dir='ltr'><strong>aetatum</strong></span> <span class='ocrx_word' id='word_1_270' title='bbox 1487 2641 1785 2686; x_wconf 78' lang='lat' dir='ltr'><strong>populorumque</strong></span> 
     </span>
     <span class='ocr_line' id='line_1_33' title="bbox 330 2690 1141 2742; baseline 0.014 -18"><span class='ocrx_word' id='word_1_271' title='bbox 330 2690 510 2728; x_wconf 79' lang='lat' dir='ltr'><strong>historias</strong></span> <span class='ocrx_word' id='word_1_272' title='bbox 534 2706 609 2731; x_wconf 91' lang='lat' dir='ltr'><strong>uno</strong></span> <span class='ocrx_word' id='word_1_273' title='bbox 627 2708 742 2742; x_wconf 86' lang='lat' dir='ltr'><strong>opere</strong></span> <span class='ocrx_word' id='word_1_274' title='bbox 760 2699 908 2733; x_wconf 87' lang='lat' dir='ltr'><strong>iunctas</strong></span> <span class='ocrx_word' id='word_1_275' title='bbox 929 2699 1141 2735; x_wconf 82' lang='lat' dir='ltr'><strong>exhiberet.</strong></span> 
     </span>
    </p>

    <p class='ocr_par' dir='ltr' id='par_1_5' title="bbox 327 2750 1786 2859">
     <span class='ocr_line' id='line_1_34' title="bbox 419 2750 1785 2801; baseline 0.001 -18"><span class='ocrx_word' id='word_1_276' title='bbox 419 2750 624 2788; x_wconf 75' lang='lat' dir='ltr'><strong>Methodus</strong></span> <span class='ocrx_word' id='word_1_277' title='bbox 650 2755 777 2799; x_wconf 85' lang='lat' dir='ltr'><strong>operis</strong></span> <span class='ocrx_word' id='word_1_278' title='bbox 802 2756 942 2801; x_wconf 85' lang='lat' dir='ltr'><strong>duplex</strong></span> <span class='ocrx_word' id='word_1_279' title='bbox 969 2761 1048 2798; x_wconf 80' lang='lat' dir='ltr'><strong>est,</strong></span> <span class='ocrx_word' id='word_1_280' title='bbox 1085 2757 1208 2789; x_wconf 84' lang='lat' dir='ltr'><strong>altera</strong></span> <span class='ocrx_word' id='word_1_281' title='bbox 1226 2753 1384 2789; x_wconf 72' lang='lat' dir='ltr'><strong>universi</strong></span> <span class='ocrx_word' id='word_1_282' title='bbox 1398 2753 1535 2798; x_wconf 67' lang='lat' dir='ltr'><strong>operis,</strong></span> <span class='ocrx_word' id='word_1_283' title='bbox 1563 2754 1688 2788; x_wconf 77' lang='lat' dir='ltr'><strong>altera</strong></span> <span class='ocrx_word' id='word_1_284' title='bbox 1713 2751 1785 2786; x_wconf 79' lang='grc' dir='ltr'><strong>εἰη-</strong></span> 
     </span>
     <span class='ocr_line' id='line_1_35' title="bbox 327 2807 1786 2859; baseline 0.002 -19"><span class='ocrx_word' id='word_1_285' title='bbox 327 2807 502 2851; x_wconf 67' lang='lat' dir='ltr'><strong>gularum</strong></span> <span class='ocrx_word' id='word_1_286' title='bbox 522 2810 707 2856; x_wconf 73' lang='lat' dir='ltr'><strong>partium5</strong></span> <span class='ocrx_word' id='word_1_287' title='bbox 749 2814 959 2858; x_wconf 83' lang='lat' dir='ltr'><strong>posterior,</strong></span> <span class='ocrx_word' id='word_1_288' title='bbox 993 2825 1062 2849; x_wconf 85' lang='lat' dir='ltr'><strong>seu</strong></span> <span class='ocrx_word' id='word_1_289' title='bbox 1088 2812 1346 2859; x_wconf 85' lang='lat' dir='ltr'><strong>particularis,</strong></span> <span class='ocrx_word' id='word_1_290' title='bbox 1381 2814 1422 2846; x_wconf 83' lang='lat' dir='ltr'><strong>in</strong></span> <span class='ocrx_word' id='word_1_291' title='bbox 1441 2812 1602 2846; x_wconf 77' lang='lat' dir='ltr'><strong>diversis</strong></span> <span class='ocrx_word' id='word_1_292' title='bbox 1617 2810 1786 2856; x_wconf 82' lang='lat' dir='ltr'><strong>partibus</strong></span> 
     </span>
    </p>
   </div>
  </div>
 </body>
</html>
