1859 3326
303 188 399 236 ‚112
768 185 1283 231 ANNOTATIONES

302 299 509 353 regnavit,
536 311 735 350 nunquam
762 298 881 341 Ponti
907 311 991 339 rex.
1030 298 1156 339 Docet
1174 299 1215 339 id
1243 301 1456 341 clarissime
1487 298 1768 347 Demosthenes

307 358 377 395 Or.
395 360 438 395 in
463 357 689 395 Aristocrat.
710 371 746 407 Ρ.
768 359 877 398 430
907 358 1044 395 Wnss

422 414 526 454 123.
557 415 629 453 81.
666 410 780 468 &edes
777 415 821 452 17
825 412 899 464 ος]
946 413 1009 451 Ex
1029 411 1288 451 Demosthene
1316 414 1358 451 in
1380 412 1568 452 Oratione
1597 427 1666 464 pro
1691 413 1767 452 Co-

303 482 403 509 rona
430 472 471 508 in
495 469 642 507 duobus
672 470 835 507 decretis
862 469 917 521 (p.
943 471 1047 511 138
1077 475 1116 506 et
1138 467 1261 536 140.)
1291 478 1453 508 vocatur
1481 471 1653 508 eiusdem
1672 473 1765 508 anni

304 524 445 579 ἄρχων
465 525 749 579 Μνησιφιλος.
793 526 1004 564 Pausanias
1025 534 1152 563 tamen
1175 528 1215 563 in
1238 525 1415 563 Phocicis
1436 540 1466 564 e.
1488 527 1528 566 3.
1568 527 1766 578 Theophi-

303 585 385 622 lum
413 582 551 629 habet,
575 589 620 618 ut
650 584 768 619 etiam
796 582 1011 632 Dionysius
1040 580 1359 619 Halicarnasseus
1387 585 1429 619 in
1449 583 1572 632 Epist.
1604 583 1652 621 ad
1673 584 1766 621 Am·-

304 652 455 678 maeum
482 652 517 688 p.
543 638 644 679 123.
679 646 717 674 et
736 641 817 687 ipse
836 637 1115 676 Demosthenes
1137 638 1232 675 alibi
1250 640 1292 675 in
1315 637 1559 689 Paragraphe
1579 640 1764 678 adversus

304 697 582 735 Pantaenetum
602 706 639 743 p.
665 694 770 735 564.
802 693 1060 743 Theophilum
1078 693 1311 731 Archontem
1331 697 1517 734 nominat.
1547 695 1679 745 Itaque
1700 709 1765 734 su-

304 756 453 802 spicor,
486 753 529 788 in
549 750 736 800 decretis,
765 762 861 800 quae
891 752 1064 787 citantur
1093 762 1116 786 a
1135 748 1415 798 Demosthene,
1442 764 1521 788 non
1541 754 1668 789 notari
1690 753 1764 790 Ar·-

304 809 484 845 chontem
511 806 775 856 Eponymum,
807 807 874 844 sed
899 808 1019 844 alium
1042 820 1062 843 e
1083 805 1382 844 Thesmothetis.
1406 806 1538 847 PA.1.M
1580 808 1679 846 Vide
1707 807 1762 845 lo.

304 862 516 903 Meursium
541 863 586 899 de
605 862 790 901 Archont.
809 863 852 901 L
876 863 941 902 IV.
965 864 1007 904 9
1035 868 1074 900 et
1094 861 1278 915 Sylburg.
1305 863 1351 900 ad
1372 862 1555 916 Dionysii
1577 863 1763 903 Dinarch.

304 931 342 971 p.
370 920 475 962 115
507 918 645 960 Wnss.

420 976 523 1016 123.
552 978 624 1015 82.
666 971 795 1022 Γάϊος
815 972 1036 1025 Κοΐντιος]
1064 975 1178 1014 Livio
1207 982 1244 1012 et
1262 974 1390 1013 Fastis
1425 977 1552 1023 Τῖτος
1574 983 1633 1014 est
1652 989 1763 1025 prae-

302 1043 455 1070 nomen.
482 1030 617 1069 RHOD.
655 1031 700 1068 Id
720 1045 855 1070 verum
885 1039 953 1070 est.
994 1031 1074 1069 Sed
1096 1032 1204 1069 addit
1225 1032 1361 1069 Livius
1390 1031 1432 1068 L.
1454 1033 1536 1070 VII.
1562 1035 1637 1073 22.
1670 1036 1763 1084 qui—

302 1092 393 1128 dam
415 1086 654 1135 Kaesonem,
678 1088 755 1126 alii
773 1088 912 1128 Caium
931 1101 1069 1128 nomen
1092 1088 1278 1135 Quinctio
1300 1090 1509 1127 adiiciunt.
1549 1087 1640 1128 Non
1669 1103 1761 1141 ergo

298 1158 419 1198 prave
439 1144 595 1185 Noster.
627 1144 767 1183 wass.

418 1202 520 1241 123.
551 1203 622 1242 86.
663 1195 974 1254 ΠἸηκόβερναν]
1014 1200 1073 1238 Ita
1104 1203 1286 1250 oportuit.
1317 1201 1351 1238 V
1354 1201 1406 1239 id.
1423 1201 1471 1239 ad
1500 1201 1544 1239 L.
1564 1200 1658 1240 XII.
1686 1204 1759 1242 77.

299 1254 348 1295 In
376 1255 587 1308 Olynthios
618 1257 819 1307 Philippus
849 1260 1045 1306 superiore
1078 1270 1180 1294 anno
1208 1260 1350 1305 movit,
1380 1257 1452 1294 hoc
1482 1271 1576 1295 vero
1605 1258 1759 1297 eosdem

299 1313 475 1364 subegit,
502 1314 665 1351 testibus
691 1313 955 1351 Philochoro
945 1327 986 1351 in
1008 1313 1193 1364 Dionysii
1221 1313 1268 1350 ad
1288 1314 1411 1351 Amm.
1440 1313 1563 1364 Epist.
1588 1328 1625 1364 Ρ.
1655 1316 1757 1356 123.

301 1377 341 1406 et
360 1369 568 1408 Plutarcho
596 1368 646 1411 T.
667 1368 715 1409 11.
734 1383 771 1422 p.
795 1371 900 1413 845.
920 1369 982 1421 D,
1015 1372 1050 1408 si
1068 1376 1194 1408 tamen
1217 1372 1251 1407 is
1269 1373 1372 1409 vitae
1389 1369 1662 1409 Demosthenis
1683 1384 1758 1409 au·-

299 1432 397 1464 ctor.
428 1425 568 1464 wass.

416 1483 520 1523 123.
548 1482 623 1522 94.
651 1476 930 1536 Εὐθυκράτην
960 1496 1003 1522 τε
1024 1480 1091 1521 καὶ
1109 1479 1376 1536 Λασθένην]
1414 1482 1648 1536 Perstringit
1668 1497 1757 1534 per-

298 1544 412 1587 petua
440 1541 592 1576 inustos
619 1546 710 1577 nota
731 1540 947 1588 proditores
966 1537 1214 1576 Demosthen.
1240 1539 1307 1576 Or.
1338 1540 1384 1576 de
1403 1538 1586 1577 Cherson.
1617 1553 1654 1589 p.
1679 1542 1753 1580 59.

300 1602 341 1631 et
370 1594 415 1630 de
438 1594 529 1645 Leg.
560 1608 706 1645 perper.
727 1596 942 1633 administr.
972 1609 1008 1645 Ρ.
1032 1597 1154 1641 257.,
1182 1597 1338 1644 eiusque
1368 1598 1543 1644 exemplo
1562 1596 1775 1635 Aristides

298 1646 349 1689 Τ.
371 1649 418 1687 ll.
438 1665 474 1701 p.
496 1653 604 1691 252.
633 1657 672 1688 et
696 1650 882 1689 Libanius
906 1651 953 1689 Τ.
976 1650 1003 1688 l.
1025 1665 1060 1702 Ρ.
1086 1652 1189 1691 110.
1227 1651 1305 1701 1Ρεί
1327 1651 1556 1689 Macedones
1583 1653 1754 1702 prodito-

295 1718 358 1744 res
379 1719 443 1743 eos
462 1721 554 1745 vero
574 1709 727 1745 nomine
748 1708 1014 1757 adpellabant·
1005 1736 1015 1755 ,
1038 1708 1140 1758 quod
1157 1708 1310 1755 quidem
1329 1711 1481 1759 aegrius
1499 1721 1585 1746 cum
1605 1710 1754 1746 ferrent

295 1771 334 1800 et
356 1770 607 1811 quererentur
625 1764 726 1812 apud
746 1765 977 1832 Philippum,
1006 1765 1072 1800 ille
1094 1760 1263 1810 σκαιοὺς
1284 1761 1362 1829 ἔφη
1384 1760 1505 1833 φύσει
1525 1764 1593 1803 καὶ
1613 1762 1665 1818 ἀ)
1667 1765 1752 1818 ροί-

293 1834 392 1865 κους
413 1815 514 1858 εἶναι
535 1815 801 1869 Μακεδόνας,
829 1820 897 1859 καὶ
918 1817 993 1872 τὴν
1016 1816 1195 1873 σκάφην,
1224 1815 1387 1873 σκάᾳην
1406 1817 1612 1872 λέγοντας,
1640 1835 1752 1873 pror-

294 1887 360 1913 sus
382 1876 603 1926 eleganter,
633 1877 675 1913 in
697 1875 799 1914 Plut.
829 1875 1069 1927 Apophtheg.
1091 1890 1126 1926 Ρ.
1152 1877 1254 1916 178.
1272 1875 1315 1913 Β.
1346 1876 1481 1914 WEss.

413 1932 514 1971 124.
543 1933 618 1971 97.
651 1928 1066 1986 Ἔλαφυροπώὶησε]
1098 1931 1375 1969 Aristotelem·
1364 1946 1405 1970 m
1425 1931 1486 1969 his
1505 1933 1749 1972 auctionibus

290 1983 423 2024 hastae
443 1987 621 2036 Philippo
641 1987 983 2040 flagitiosissimam
1013 2001 1166 2036 operam
1186 2001 1369 2036 navasse,
1398 1990 1546 2026 inimici
1568 1992 1750 2029 crimina-

289 2041 473 2080 bantun’
475 2041 559 2082 Έτι
580 2042 625 2083 δὲ
642 2044 990 2112 κατασκαφείσης
995 2040 1204 2084 ’.Οὶύνθου
1225 2040 1353 2095 μηιύε
1338 2060 1392 2083 ειν
1413 2044 1476 2083 ἐπὶ
1497 2046 1582 2098 λιαᾳ
1586 2060 1750 2096 υροπω-

289 2098 401 2138 λειου
422 2099 613 2139 Φι7ι’ππ(υ
637 2098 735 2148 τοὺς
755 2095 1090 2146 πλουσιωτάτους
1110 2102 1194 2139 τῶν
1210 2098 1280 2139 '.O7
1283 2099 1442 2140 υνθίων
1462 2101 1673 2140 Aristocles
1702 2104 1746 2140 in

289 2153 449 2193 Eusebii
467 2142 601 2205 Praep.
621 2155 773 2208 Evang.
802 2156 844 2193 L.
866 2156 956 2194 XV.
977 2158 1019 2196 2.
1041 2169 1076 2204 Ρ.
1099 2157 1206 2198 792.
1227 2155 1269 2193 Β.
1302 2157 1410 2200 Quae
1429 2158 1672 2195 calumniae
1661 2172 1746 2208 ipsa

289 2213 473 2259 temporis
495 2215 648 2249 ratione
668 2213 936 2264 profligantur.
978 2212 1205 2250 Aristoteles
1227 2211 1300 2249 hoc
1329 2226 1430 2250 anno
1451 2220 1490 2250 et
1507 2217 1683 2262 sequenti
1702 2216 1744 2252 in

289 2265 419 2318 Mysia
446 2268 687 2315 morabatur,
714 2268 897 2306 Hermiae
927 2269 1201 2306 Atarnensium
1229 2268 1394 2316 hospitio
1418 2282 1522 2307 usus.
1560 2269 1617 2306 Ad
1650 2270 1745 2308 Phi-

288 2324 435 2373 lippum
467 2337 560 2361 vero
592 2324 786 2362 Archonte
813 2325 967 2362 Eubulo
993 2332 1060 2363 aut
1089 2332 1191 2362 certe
1224 2324 1448 2375 Pythodoro
1477 2326 1671 2374 profectus
1700 2329 1743 2364 iu

287 2378 555 2418 Macedoniam
579 2387 653 2427 est,
673 2381 838 2418 testibus
860 2382 1095 2431 Apollodoro
1115 2382 1157 2418 in
1176 2380 1365 2433 Diogenis
1386 2381 1430 2421 L.
1454 2381 1501 2422 V.
1523 2382 1565 2423 9.
1591 2389 1631 2419 et
1646 2381 1743 2420 Dio-

286 2437 400 2486 nysio
420 2434 544 2483 Epist.
573 2436 622 2473 ad
641 2435 766 2474 Amm.
788 2450 823 2486 Ρ.
852 2439 954 2478 121.
982 2438 1116 2475 'WESS.

404 2492 508 2531 124.
539 2493 582 2531 4
621 2493 718 2532 110)
721 2491 818 2540 λοὺς
844 2495 930 2544 μᾶ)
933 2491 1033 2545 λον]
1075 2491 1377 2530 Rhodomannus
1407 2492 1548 2533 nomm
1577 2494 1740 2545 μᾶὶλον

285 2547 458 2598 corrigit.
484 2546 639 2586 Mallem
667 2546 787 2596 πολὺ,
818 2549 917 2586 unde
938 2551 1040 2589 πολ).
1046 2552 1093 2589 οὗ
1112 2549 1236 2586 Vatic.
1255 2557 1386 2586 natum
1406 2549 1573 2587 videtur.
1603 2549 1737 2587 WEss.

401 2604 505 2643 124.
540 2605 613 2644 14.
645 2601 850 2643 Μάλιστα
869 2602 902 2643 δ’
938 2601 1090 2652 αὐτοὺς
1110 2602 1324 2658 παρώξυιε
1351 2627 1399 2633 -
1420 2603 1733 2658 Δημοσθένης]

284 2657 534 2696 Orationibus
554 2659 822 2709 Olynthiacis,
849 2673 943 2710 quas
961 2664 1156 2709 superiore
1178 2674 1280 2698 anno
1302 2663 1496 2708 recitavit,
1523 2663 1736 2711 ceterisque

281 2714 522 2765 Philippicis,
545 2717 588 2753 in
606 2727 767 2764 quarum
789 2717 932 2753 iustum
952 2724 1100 2767 tempus
1120 2716 1335 2767 Dionysius
1359 2718 1400 2754 in
1422 2730 1479 2765 ea,
1504 2728 1617 2765 quam
1635 2716 1733 2765 dixi,

281 2771 330 2808 ad
359 2770 483 2811 Amm.
513 2771 691 2821 Epistola
719 2772 890 2820 inquirit.
934 2770 993 2809 De
1024 2773 1283 2824 legationibus
1314 2772 1386 2810 ad
1399 2785 1586 2810 conrnune
1611 2775 1731 2812 totius

281 2825 467 2866 Graeciae
486 2835 620 2867 contra
629 2827 848 2879 Philippum
865 2829 996 2867 missis
1013 2827 1197 2867 Aeschin.
1214 2828 1256 2867 in
1264 2827 1431 2878 Ctesiph.
1453 2840 1489 2880 p.
1503 2830 1578 2871 62.
1590 2828 1731 2868 Wsss.
