1891 3310
479 154 543 194 m
572 152 685 202 me
716 153 1000 200 xv1.cA1›
1025 157 1067 209 6
1094 159 1207 196 -s.
1517 163 1571 211 ει

110 266 299 311 ‘³”‘'.87
325 268 396 311 73.
429 266 642 320 Καίσαοος
665 263 908 320 ἀναστῆησαι
911 277 981 314 τος
1000 264 1098 315 τοὺς
1120 267 1456 325 ΤαυρομιςνΙι-ας]
1476 271 1571 311 Post

111 324 289 363 Siculum
311 327 452 363 bellum
476 323 618 361 Caesar
643 323 884 363 Octavianus
904 323 1271 372 Tauromenitan0s‚
1300 327 1347 363 ob
1367 327 1516 365 advers·
1509 343 1567 367 ·un

109 383 158 420 ad
182 395 313 420 eorum
332 382 513 432 oppidum
535 380 681 418 cladem
702 380 804 430 apud
825 379 941 418 Dion.
965 378 1140 418 Cassium
1159 379 1202 417 L.
1225 379 1371 419 XLIX.
1397 396 1432 432 p.
1445 385 1567 433 450„

107 440 186 476 alio
210 439 427 476 traduxisse
448 437 627 484 videtur,
659 439 808 475 colonis
831 436 1134 474 Tauromenium
1154 437 1343 477 deductis.
1384 438 1480 476 Nam
1501 455 1565 478 co—

106 496 233 533 loniae
255 494 406 532 iuribus
422 495 576 545 insigne
597 494 776 544 deinceps
804 495 925 532 fuis-e
954 496 1065 531 testis
1097 495 1212 531 etiam
1241 494 1395 532 Plinius
1425 504 1483 533 est
1515 497 1566 536 N.

104 550 208 590 Hist.
231 549 275 590 L.
302 550 368 588 Ill.
397 554 436 592 8.
471 550 608 591 wass,

217 609 290 648 87.
314 608 388 648 80.
408 604 501 647 ‘On'
521 606 598 659 μὲν
620 603 661 646 οἱ
689 604 869 658 Θηβαῖοι
892 628 940 635 -
964 601 1034 646 ὃτὲ
1053 604 1098 645 δὲ
1119 603 1158 645 οῗ
1174 602 1412 658 Ἀθηναῖοι]
1439 607 1564 647 Auxi-

103 663 174 711 lii,
199 663 299 712 quod
321 662 576 701 Athenienses
596 663 888 700 Euboeensibus
906 669 1138 701 maturatum
1162 662 1447 711 submiserunt,
1476 678 1561 702 me-

100 721 216 758 minit
226 719 426 759 Demosth.
442 719 602 770 Olynth.
629 719 658 757 1.
679 733 715 771 p.
734 719 792 767 4.,
810 726 893 757 tum
911 720 977 756 Or.
999 722 1038 756 in
1049 719 1209 756 Androt.
1231 732 1266 768 p.
1284 719 1390 759 386.
1413 727 1450 757 et
1468 721 1557 759 adv.

102 775 330 814 Aristocrat.
353 789 388 826 p.
405 778 526 824 431„
546 777 585 813 id
607 778 766 825 insuper
785 776 940 822 docens,
969 774 1178 812 Thebanos
1196 777 1320 812 victos
1340 777 1479 813 abiisse
1501 784 1560 814 at-

103 845 177 883 que
197 828 500 880 υποσπόιὸοις.
541 831 692 883 Inspice
714 839 911 882 praeterea
928 832 1086 884 Ulpiani
1104 831 1251 869 scholia
1271 839 1309 870 et
1331 832 1559 873 Aeschinem

101 888 170 927 Or.
191 889 233 926 in
247 887 485 937 ctesiphont.
506 903 542 941 p.
565 890 638 930 65.
669 889 806 928 Wssss.

215 947 290 986 87.
318 946 393 986 95.
431 941 681 986 Μαυσώλου
713 947 787 985 τοῦ
817 945 975 998 Καρῶν
1009 939 1241 989 δυνάστου]
1280 942 1380 982 Belli
1401 949 1556 985 socialis

99 999 317 1040 Mausolum
335 1003 459 1039 facem
477 1009 517 1039 et
540 1003 769 1053 signiferum
786 1003 906 1039 fuisse
918 1029 930 1049 ,
962 1000 1212 1038 Demosthen.
1233 1001 1429 1051 significat
1447 1006 1556 1053 prin-

97 1059 172 1108 cip.
197 1058 264 1096 Or.
287 1058 334 1096 de
354 1056 478 1096 Rhod.
499 1058 644 1098 Libert.
672 1059 863 1096 Videntur
882 1065 1010 1096 tamen
1029 1056 1227 1108 Byzantii,
1255 1056 1400 1096 Rhoda
1415 1067 1453 1097 et
1468 1058 1554 1098 Chii

97 1116 174 1153 iam
193 1121 282 1153 ante
306 1128 347 1152 se
375 1115 574 1163 iunxisse,
611 1129 634 1153 a
655 1114 928 1153 'lhebanorum
951 1115 1046 1152 duce
1065 1113 1333 1162 Epaminonda
1355 1117 1396 1151 in
1415 1117 1553 1154 foedus

97 1173 266 1219 accensi,
292 1171 394 1221 quod
417 1174 627 1240 superiore
636 1173 736 1210 libro
756 1186 791 1212 c.
819 1173 892 1212 79.
912 1171 1123 1209 indicatum
1148 1178 1216 1207 est.
1245 1169 1384 1207 wass.

213 1229 288 1269 87.
316 1228 360 1268 4
393 1226 446 1268 Oc
473 1227 550 1279 μὲν
580 1244 653 1268 ουν
683 1227 748 1267 ἐπὶ
770 1230 855 1268 τῶν
884 1225 1022 1268 ἄλλων
1044 1227 1174 1278 νεῶν]
1204 1227 1302 1264 Vide
1320 1226 1435 1265 Corn.
1455 1227 1553 1277 Nep.

97 1281 240 1322 Chabr.
263 1298 296 1322 c.
314 1285 357 1325 4.
388 1291 428 1321 et
445 1283 644 1322 Demosth.
676 1284 745 1323 Or.
767 1287 809 1323 in
829 1284 980 1333 Leptin.
1001 1298 1036 1335 p.
1058 1284 1167 1324 294.
1201 1289 1240 1320 et
1268 1283 1315 1320 de
1342 1283 1426 1322 filio
1454 1287 1551 1333 eius,

96 1340 238 1380 iuvene
259 1341 570 1393 ingeniosissime
592 1353 769 1390 nequam,
794 1341 934 1379 Athen.
956 1340 1000 1379 L.
1019 1341 1084 1378 IV.
1102 1353 1138 1390 p.
1164 1340 1269 1380 165.
1286 1339 1331 1376 E.
1358 1339 1495 1382 Wssss.

209 1399 284 1438 87.
311 1398 354 1438 9.
396 1396 536 1451 ΖΚῙέχρι
558 1400 634 1450 τῆς
653 1396 910 1449 Λυχνίτιὸος
932 1419 980 1429 --
1002 1395 1179 1450 λίμνης]
1207 1395 1276 1435 Sic
1295 1403 1335 1434 et
1354 1395 1548 1449 Scymnus

95 1449 215 1491 Chius
235 1467 274 1492 v.
284 1454 409 1502 429„
437 1454 503 1491 ubi
524 1454 570 1491 de
584 1454 749 1524 Illyriis:

194 1506 313 1561 ''Exec
345 1508 390 1549 δὲ
420 1509 569 1562 λίμνην
597 1525 640 1550 ευ
667 1505 764 1563 μάλ’
792 1505 818 1579 ᾗ
842 1505 965 1565 χώρα
988 1506 1083 1550 τινὰ

203 1562 428 1619 Μεγάὶηην
458 1563 553 1619 παρ’
590 1564 733 1613 αὐτοῖς
761 1563 837 1619 τὴν
864 1566 1071 1619 Λυχνίτιν
1101 1563 1335 1619 λεγομεᾝνην

93 1620 139 1659 In
168 1621 327 1674 Polybii
356 1623 399 1660 L.
428 1622 475 1663 V.
504 1624 608 1664 108.
638 1622 853 1674 Λυχνιὸιά
884 1623 1021 1675 λιμνη.
1060 1622 1178 1660 Plura
1207 1623 1256 1660 ad
1287 1622 1469 1660 Strabon.
1499 1623 1544 1664 1..

93 1677 181 1717 Vll.
209 1693 246 1730 p.
276 1680 383 1721 503.
412 1677 575 1719 casaub.
603 1686 643 1718 et
662 1680 829 1721 Palmer.
854 1679 990 1718 Graec.
1010 1679 1145 1730 Ant-iq.
1171 1678 1215 1716 L.
1236 1679 1266 1717 Ι.
1285 1680 1361 1719 35.
1380 1693 1416 1732 p.
1437 1681 1547 1720 205.

92 1734 232 1774 wnss.

208 1792 281 1833 87.
315 1792 388 1833 16.
429 1790 515 1831 Καὶ
544 1788 702 1839 πολλὰς
727 1788 925 1846 ἀφορμὰς
953 1787 1113 1832 δόντων
1146 1789 1203 1838 εἷς
1233 1785 1415 1842 πόλεμον
1444 1792 1545 1842 etc.]

94 1846 220 1886 Multa
251 1848 296 1885 de
325 1847 398 1884 hoc
428 1861 570 1899 genere
600 1849 789 1886 conduxit
818 1849 1000 1887 Pricaeus
1027 1851 1069 1886 in
1098 1848 1316 1886 Paullinam
1340 1850 1376 1889 l.
1405 1849 1454 1886 ad
1475 1847 1546 1887 Ti-

91 1903 212 1942 moth.
235 1903 280 1942 V.
308 1905 378 1945 14.
399 1903 658 1954 Amphipolim
678 1905 878 1955 Philippus
898 1906 1104 1956 adgressus
1124 1911 1195 1952 est,
1223 1901 1452 1961 αὐτονομίᾳ
1471 1918 1545 1942 nu-

93 1971 163 2009 per
183 1972 366 1998 concessa
386 1974 572 2009 securam,
603 1975 764 2012 pronam
791 1969 920 2000 tamen
949 1963 992 1999 in
1016 1961 1285 2007 Athenienses,
1312 1973 1407 2009 quos
1430 1968 1467 1998 et
1487 1963 1544 1998 le-

93 2017 196 2068 gatis
215 2018 360 2065 missis,
393 2025 434 2054 ut
455 2030 570 2066 quam
589 2019 778 2056 citissime
810 2020 956 2056 auxilio
976 2024 1225 2055 occurrerent
1244 2017 1452 2066 urbemque
1475 2031 1544 2055 oc-

92 2079 289 2123 cuparent,
319 2081 497 2125 rogarat:
527 2075 594 2112 sed
612 2074 716 2112 lenta
737 2076 833 2123 illic,
858 2082 903 2112 ut
924 2088 1035 2125 saepe
1055 2077 1095 2111 in
1116 2076 1292 2123 populari
1311 2081 1425 2122 statu,
1448 2088 1543 2111 eon-

93 2130 193 2167 eilia.
233 2127 533 2169 Demosthenem
548 2131 637 2179 adi,
663 2138 703 2168 et
720 2145 812 2170 vere
830 2131 933 2169 hunc
955 2133 997 2168 in
1015 2144 1159 2169 annum
1177 2144 1240 2168 res
1263 2129 1544 2182 Amphipolita-

92 2196 165 2224 nas
183 2189 382 2224 coniectas
410 2187 647 2239 adgnosces,
677 2187 945 2239 Olynth.1.p.
967 2188 1010 2228 4
1037 2187 1177 2227 WEss.

207 2245 282 2284 88.
313 2244 390 2283 22.
428 2241 541 2290 Τοὺς
561 2242 645 2296 μὲν
671 2241 899 2298 ἀλλοτρίως
923 2265 971 2273 -
992 2239 1272 2298 ἐφυγάδευσε]
1302 2242 1355 2280 Et
1374 2257 1440 2281 eos
1457 2247 1544 2293 qui

91 2296 209 2336 dem'
197 2301 396 2349 lnprirnis‚
421 2311 583 2350 quorum
602 2314 717 2351 opera
737 2301 832 2339 urbe
853 2307 936 2339 erat
957 2301 1119 2350 potituS.
1150 2300 1217 2339 Sic
1237 2307 1340 2337 certe
1360 2300 1543 2338 Libanius

91 2351 141 2392 Τ.
162 2354 190 2393 Ι.
208 2367 244 2405 p.
267 2357 370 2397 106
390 2355 439 2393 D.
461 2353 770 2424 Ἀμφιπολιτῶν
803 2372 919 2426 τινας
944 2351 1244 2425 θεραπεῦσας,
1270 2352 1374 2407 εἶχεν
1395 2353 1544 2423 Ἀμφί-

89 2412 223 2450 πολιν.
253 2406 311 2458 ὡς
339 2409 385 2451 δὲ
394 2405 465 2478 ἦν
492 2408 718 2465 δεσπότης,
748 2408 799 2452 δι’
832 2405 890 2454 ὧν
917 2411 1060 2482 εἴληφε
1085 2428 1162 2464 την
1191 2408 1334 2480 ιξόλιν,
1366 2408 1541 2459 τούτους

90 2462 297 2518 ἐξήλαυνε.
325 2463 430 2536 πρός
449 2483 492 2520 γε
513 2466 611 2517 τοὺς
629 2468 871 2517 Πυδναιόυς
894 2467 943 2510 οὐ
967 2465 1224 2521 ὃιὲστησεν’
1201 2465 1282 2508 απὸ
1304 2470 1388 2508 τῶν
1416 2482 1543 2508 σπον·

91 2521 176 2563 δῶν
195 2520 271 2570 τὰς
291 2538 404 2577 σφα9
407 2520 468 2571 άς.
500 2522 587 2564 ἀλλ’
619 2523 804 2577 ἀνέμιξεν
835 2522 1055 2580 ἀμφότερα
1081 2530 1173 2572 ταῖς
1202 2522 1332 2564 αὐτοῦ
1364 2521 1538 2574 τέχναις.

92 2579 264 2623 Quorum
285 2587 479 2630 postrema
497 2580 730 2631 Philippum,
751 2582 852 2631 quod
873 2584 1125 2631 interpretem
1143 2582 1257 2632 fugit,
1283 2580 1489 2618 indicant
1477 2593 1541 2618 m—

90 2641 150 2673 ter
176 2637 278 2687 ipsas
306 2637 510 2676 libationes
537 2644 576 2675 et
604 2639 858 2677 iurisiurandi
881 2640 1085 2677 sollemnia
1112 2637 1382 2688 Pydnaeorum
1409 2637 1542 2685 plures

92 2692 354 2731 obtruncasse.
382 2692 508 2731 Docet
526 2696 608 2744 ipse
628 2694 764 2733 Liban.
785 2693 833 2733 T.
851 2695 900 2733 ll.
920 2709 956 2746 p.
978 2697 1084 2737 698.
1103 2693 1147 2731 B.
1166 2700 1204 2731 et
1223 2693 1271 2730 ad
1284 2691 1536 2732 Demosthen.

93 2746 255 2800 Olynth.
275 2749 304 2788 1.
325 2763 361 2800 p.
381 2750 423 2791 3.
454 2749 713 2799 scholiastes,
741 2750 790 2788 de
819 2751 961 2802 Pydna
989 2765 1012 2789 a
1030 2750 1210 2798 Philippo
1231 2751 1444 2800 intercepta
1463 2749 1537 2788 ad·-

92 2805 268 2844 scribens
291 2807 424 2856 plura,
448 2814 532 2845 tum
550 2806 743 2847 Aristides
762 2805 810 2846 T.
829 2807 882 2846 11.
901 2818 938 2860 p.
957 2809 1067 2849 227·
1095 2806 1231 2846 WESS·

151 2860 249 2902 Vol..
281 2861 326 2901 ll.
1233 2862 1262 2901 6
