1875 3310
420 191 708 233 QECONOMIA
745 193 1015 229 HISTORIAE
1054 198 1278 233 DIODORI·
1419 207 1573 240 cxcxu

201 291 379 325 Ceterum
402 288 464 324 hle
489 289 588 324 liber
613 289 650 323 in
683 289 882 323 Codicibus
908 291 1015 326 MSS.
1040 294 1078 328 in
1111 296 1205 331 duas
1228 303 1356 343 partes
1383 303 1483 338 solet
1508 306 1570 340 de-

107 349 242 389 scribi,
277 358 386 393 quam
417 348 659 392 partitionem
691 347 828 380 deinde
853 348 1011 383 Diodori
1041 352 1207 387 editores
1231 356 1266 388 in
1287 360 1365 392 suis
1386 363 1568 406 exemplis

106 406 225 438 secuti
253 409 351 438 sunt.
399 405 440 437 ln
461 406 541 449 ipso
561 413 676 448 opere
698 414 778 436 cum
800 405 940 438 nullum
964 407 1044 439 eius
1063 411 1261 453 vestigium
1284 419 1427 457 exstet,
1461 429 1567 453 vero-

106 462 228 495 simile
258 467 336 501 est,
368 473 449 495 eam
479 472 500 494 a
527 462 784 505 grammaticis
806 466 843 494 et
862 461 1027 495 librariis
1048 474 1132 498 esse
1154 466 1303 505 factam.
1350 472 1565 510 Divortium

105 518 200 552 facit
216 519 401 563 proelium
418 519 466 553 ad
482 518 643 560 Arbela,
667 528 739 562 quo
755 517 895 551 Darius
913 519 1034 553 victus
1055 526 1134 564 est,
1159 526 1302 568 ὤμω·

672 611 805 651 Pars
825 615 992 664 prior.

190 686 286 721 Arm.
309 692 344 725 2.
389 688 516 722 Prima
542 696 633 720 cura
657 686 883 727 Alexandri,
916 687 1120 722 ulciscendi
1149 690 1301 725 caedem
1329 697 1496 736 parentis
1522 702 1562 732 et

97 745 135 778 ei
165 746 264 778 iusta
291 745 475 786 faciendi3
508 745 680 787 proxima
697 743 893 777 ordinandi
913 749 951 776 et
968 745 1141 780 firmandi
1161 759 1339 792 regnum,
1362 754 1561 788 conciliato

98 804 261 835 oninium
288 813 437 842 amore,
469 803 691 834 confirmata
717 802 903 834 sociorum
931 801 1025 843 lide,
1063 807 1285 846 pracsertim
1314 807 1562 853 Graecorum,

97 859 217 893 milite
241 860 374 893 crebra
394 859 668 891 exercitatione
688 862 882 901 occupato.
929 857 971 890 ln
1000 860 1184 902 Attalum,
1218 865 1324 907 regni
1356 868 1561 909 aemulum,

99 922 248 949 secreta
269 916 446 948 mandata
467 915 572 948 dedit
589 915 782 948 Hecataeo
796 940 805 956 ‚
830 915 951 947 amico
968 915 1055 949 fido.
1082 928 1113 950 e.
1129 922 1161 954 2.
1207 921 1294 953 Cum
1317 922 1560 958 nihilominus

93 972 201 1005 multi
218 973 363 1017 populi,
389 973 533 1016 ipsique
555 972 691 1004 Graeci
709 972 754 1005 ab
776 982 820 1005 eo
841 973 1169 1016 abalienat-entur,
1200 988 1329 1010 omnes
1348 980 1408 1012 vel
1427 980 1557 1015 huma-

93 1030 213 1063 nitate
238 1029 515 1069 reconciliavit,
549 1029 610 1061 vel
638 1029 673 1060 vi
704 1029 872 1073 subegit,
913 1039 958 1062 ac
983 1031 1165 1074 singulari
1190 1034 1388 1075 prudentia
1415 1037 1559 1081 effecit,

90 1090 135 1118 ut
157 1087 292 1120 Graeci
314 1097 398 1120 eum
422 1097 605 1119 summum
624 1087 891 1129 imperatorem
913 1092 1098 1128 crearent,
1123 1088 1232 1133 eique
1252 1089 1390 1125 bellum
1411 1095 1448 1126 in
1469 1094 1557 1129 Per-

90 1154 155 1177 sas
176 1144 382 1188 gerendum
402 1144 692 1177 committerent.
727 1154 757 1179 c.
777 1145 809 1179 3.
833 1143 867 1180 4.

183 1201 385 1244 Descripto
415 1205 514 1233 statu
544 1200 750 1241 Graeciae,
787 1204 996 1244 sequuntur
1015 1212 1076 1234 res
1097 1202 1131 1234 in
1155 1203 1241 1236 Asia
1261 1210 1406 1247 gestae.
1452 1209 1556 1243 Atta-

89 1257 186 1299 lum,
221 1259 280 1303 qui
301 1259 457 1290 militem
479 1257 525 1289 ad
543 1257 768 1290 seditionem
792 1263 982 1307 moverat,
1013 1259 1229 1292 Hecataeus
1248 1263 1340 1296 clam
1360 1265 1406 1298 de
1429 1268 1554 1300 medio

86 1316 198 1351 tollit.
249 1315 338 1349 lnde.
359 1314 546 1347 Diodorus
570 1316 824 1347 narrationem
845 1316 970 1347 statim
992 1317 1176 1349 transfert
1200 1318 1246 1350 ad
1274 1320 1410 1354 bellum
1433 1323 1555 1358 Persi-

88 1383 183 1408 cum,
222 1373 406 1406 Inseritur
427 1372 594 1403 narratio
615 1372 806 1414 episodiea
822 1373 869 1405 de
890 1383 1019 1416 regum
1040 1373 1193 1407 l’ersiae
1213 1374 1370 1411 historia
1389 1380 1434 1412 ab
1450 1380 1554 1415 Ocho

84 1431 261 1474 repetita.
293 1440 320 1467 c,
338 1433 371 1466 5.
396 1431 428 1464 6.
478 1428 637 1469 Darius,
670 1431 837 1463 consiliis
865 1435 903 1462 et
933 1432 1075 1474 coeptis
1100 1432 1323 1475 Alexandri,
1366 1447 1474 1479 quem
1503 1439 1551 1471 ob

84 1492 249 1537 aetatem
279 1486 528 1529 despexerat,
576 1487 791 1530 perculsus,
833 1489 1037 1520 intentiore
1055 1490 1180 1521 animo
1199 1489 1356 1531 bellum,
1392 1492 1551 1539 Philippi

85 1550 207 1578 morte
228 1546 497 1586 interceptum,
523 1548 651 1586 parat,
684 1545 841 1578 classem
865 1546 1038 1584 instruit,
1061 1547 1187 1588 copias
1206 1550 1326 1590 cogit,
1354 1549 1468 1584 duces
1486 1553 1550 1586 de-

81 1601 178 1644 ligit.
233 1601 412 1634 Memnon
443 1600 611 1633 Rhodius
637 1612 718 1634 cum
753 1604 924 1635 exercitu
952 1603 1129 1646 Cyzicum
1159 1606 1265 1647 petit.
1318 1605 1552 1642 Rel'eruntur

81 1658 262 1690 nonnulla
287 1658 332 1690 de
358 1657 424 1690 lda
458 1663 604 1700 monte,
650 1669 718 1702 pcr
751 1670 860 1703 quem
894 1659 1164 1692 transeundum
1196 1665 1278 1693 erat
1349 1662 1550 1700 Parmenio

81 1714 266 1758 Grynium
293 1716 410 1758 capit,
442 1721 480 1748 et
506 1716 665 1749 Pitanen
692 1723 894 1760 oppugnat,
943 1718 1068 1751 Callas
1092 1718 1129 1749 in
1150 1717 1301 1751 Troade
1322 1721 1443 1764 impar
1464 1734 1549 1757 cum

78 1771 207 1805 Persis
229 1783 475 1816 congressus,
503 1772 710 1806 Rhoeteum
729 1785 769 1807 se
788 1776 932 1818 recipit.
968 1786 987 1807 c
1016 1778 1050 1811 7.

171 1829 250 1862 Rex
274 1831 353 1873 ipse
379 1830 659 1873 expeditionem
684 1833 840 1874 suscipit
868 1834 901 1863 in
919 1836 1053 1875 gentes
1071 1832 1196 1874 plnres
1217 1834 1488 1869 tumultuantes
1509 1837 1548 1870 in

79 1886 264 1928 Thracia,
290 1886 477 1928 Paeonia,
502 1894 541 1920 et
563 1887 737 1932 lllyrico,
758 1889 919 1921 maxime
939 1895 1064 1922 autem
1086 1891 1121 1921 in
1145 1888 1348 1923 'l'hebanos
1369 1893 1403 1923 in
1426 1894 1546 1935 ipsum

78 1951 332 1978 contumaces.
380 1945 489 1977 Urbis
508 1945 671 1985 obsidio,
699 1948 941 1990 expugnatio,
974 1946 1158 1979 excidium
1184 1944 1410 1981 horrendum
1432 1950 1544 1986 dictu.

79 2012 109 2036 e.
129 2005 204 2036 8-
220 2005 271 2038 14.
327 2002 419 2035 l‘ost
437 2001 529 2035 haec
555 2008 595 2035 ut
616 2004 652 2035 in
679 2005 931 2037 concitatores
954 2004 1180 2036 seditionum
1211 2005 1546 2049 aninnadxerteret,

79 2059 126 2091 ab
153 2057 446 2092 Atheniensibus
474 2061 697 2103 postulavit,
732 2066 772 2092 ut
796 2060 1092 2094 Demosthenem
1123 2066 1161 2094 ct
1179 2061 1393 2119 lqcurgum
1413 2065 1544 2098 trade-

74 2122 171 2150 rent.
220 2117 439 2149 intercessit
459 2118 661 2151 Demades.
689 2128 718 2150 c.
742 2118 793 2152 15.
834 2117 965 2150 Redux
988 2118 1034 2150 ab
1055 2119 1296 2161 expeditione
1318 2121 1474 2154 consilia
1496 2122 1542 2156 de

73 2173 175 2206 bello
196 2174 233 2205 in
254 2173 391 2207 Persas
411 2175 660 2208 accelerando
682 2176 830 2207 confert
850 2185 930 2207 cum
953 2175 1129 2216 ducibus,
1155 2177 1297 2209 reiecta
1315 2179 1543 2212 matrimonii

74 2241 184 2271 cura,
217 2231 263 2263 ad
289 2232 386 2276 quod
415 2237 503 2265 ante
530 2232 731 2265 ineundum
754 2234 863 2265 amici
890 2233 1080 2265 adhortati
1102 2236 1223 2265 erant.
1268 2233 1383 2266 Sacra
1404 2240 1441 2268 et
1459 2246 1544 2269 con-

72 2289 172 2321 vivia
193 2288 239 2320 ob
258 2289 460 2322 instantem
480 2291 751 2334 profectionem
778 2290 1030 2325 celebrantur.
1067 2300 1096 2322 c.
1120 2291 1173 2326 16.

163 2344 259 2378 Αιιη.
283 2350 316 2384 3.
362 2347 576 2380 Alexander
602 2349 743 2380 traiicit
769 2350 976 2382 exercitum
1007 2348 1041 2379 in
1071 2349 1210 2380 Asiam.
1268 2346 1460 2381 Recensus
1482 2359 1541 2382 co-

74 2404 232 2447 piarum.
280 2403 401 2435 Laeta
421 2405 546 2436 oniina
568 2405 603 2436 in
624 2405 787 2437 Troade.
840 2405 979 2438 Persae
1008 2405 1155 2437 obviam
1186 2404 1271 2436 facti
1303 2406 1337 2436 in
1362 2404 1540 2450 Phrygia,

73 2471 145 2494 non
179 2461 307 2493 audito
335 2461 556 2502 Memnone,
593 2463 654 2506 qui
675 2462 813 2494 bellum
833 2464 866 2494 in
890 2462 1151 2494 Macedoniam
1173 2460 1382 2493 transferre
1402 2462 1541 2495 suade-

71 2517 155 2557 bat,
185 2529 347 2561 pugnam
367 2518 588 2551 decernunt.
632 2519 821 2552 Proelium
844 2520 889 2551 ad
911 2519 1133 2560 Granicum,
1167 2524 1204 2551 et
1225 2520 1325 2561 regis
1346 2525 1538 2552 certamen

71 2575 265 2618 singulare
284 2585 363 2607 Cum
383 2575 635 2619 Spithrohate,
686 2576 827 2609 Persae
852 2578 937 2608 vii-ti
958 2581 996 2609 et
1014 2579 1048 2608 in
1071 2576 1195 2619 sugam
1216 2576 1299 2608 acti.
1329 2585 1358 2608 c.
1381 2578 1540 2613 17-21.

70 2631 218 2665 Deinde
239 2632 452 2666 Alexander
471 2634 630 2667 ulterius
650 2633 780 2667 hostes
799 2640 1034 2678 persecutuS,
1059 2633 1246 2673 Miletum,
1271 2643 1342 2675 quo
1364 2643 1444 2666 cum
1461 2633 1541 2667 Me·

71 2698 208 2722 mnone
237 2689 506 2733 confugerant,
542 2693 773 2735 oppugnavit
788 2698 826 2725 et
844 2694 962 2736 cepit,
997 2692 1146 2724 sublata
1165 2692 1268 2733 prius
1286 2689 1426 2731 classe,
1459 2701 1539 2735 cap.

69 2750 125 2782 22.
142 2750 205 2787 23;
249 2747 335 2779 inde
356 2759 600 2791 progressus,
638 2749 912 2782 Halicarnasso
931 2759 975 2781 ac
993 2752 1072 2782 tota
1092 2758 1210 2791 paene
1230 2748 1342 2780 Asiae
1362 2758 1428 2780 ora
1446 2751 1534 2790 poti-

122 2805 212 2837 l'oi..
231 2804 278 2837 11.
303 2806 473 2838 Arx-exn.
1191 2815 1214 2836 n
