1859 3326
331 193 396 237 30
792 184 1312 227 ANNOTATIONES

329 304 392 346 ias
422 304 588 371 sapiunt.
625 300 852 351 Opportune
883 298 1023 339 Strabo
1056 299 1102 340 L.
1123 298 1230 339 XVI.
1254 313 1290 352 p.
1314 301 1453 342 1099.
1488 295 1514 354 ἦ
1544 300 1787 370 Πτολεμαΐζ*

332 362 420 404 ἐστι
447 355 605 430 μεγάλη
633 353 777 405 πόλις,
813 354 876 425 ἣν
883 353 1012 410 Ἄκην
1040 353 1257 408 ὠνόμαζον
1284 353 1500 411 πρότερον
1548 349 1576 412 ᾗ
1604 356 1785 412 ἐχρῶντο

333 414 576 474 ὁρμητηρίῳ
594 412 700 467 πρὸς
719 411 795 467 τὴν
815 410 1032 467 Αἴγυπτον
1053 429 1092 454 οι
1113 412 1291 467 Πέρσαι.
1317 414 1423 452 Hinc
1445 416 1549 452 enim
1567 415 1703 467 liquet,
1717 427 1787 453 cur

334 479 468 526 copiae
497 473 674 512 Persicae
704 471 747 508 in
776 469 876 508 hauc
905 471 1039 509 urbem
1066 470 1213 508 fuerint
1240 470 1463 509 conductae.
1502 470 1629 510 Prave
1649 484 1753 522 ergo
1763 483 1788 509 a

333 544 481 598 nupero
500 527 691 580 Polyaeni
719 526 866 564 editore
890 525 933 564 L.
956 526 1087 567 111.9.
1114 527 1186 568 56.
1209 527 1329 565 verba
1352 523 1590 580 Ἰφικράτης
1621 525 1663 567 ἓν
1682 525 1787 581 Άκῃ

333 582 574 639 πυθόμενος
593 590 790 622 mutantur
807 580 850 622 ἐν
874 578 1043 639 Θράκῃ,
1071 589 1109 620 et
1130 596 1175 621 co
1195 583 1348 633 quidem
1373 585 1524 631 colore,
1557 584 1660 633 quod
1679 586 1788 622 nulla

321 643 427 698 Ἄκη
447 642 548 693 apud
572 639 824 708 Geographos
843 646 1030 677 occurrat.
1072 639 1182 677 Vidit
1200 640 1338 677 deinde
1368 640 1640 689 inprudentius
1659 641 1701 678 id
1720 641 1788 678 fu-

332 705 412 742 isse
433 701 604 746 dictum,
634 711 706 735 nec
723 693 852 747 Ἄκην
886 702 1014 733 tamen
1040 698 1209 733 retinere
1238 698 1388 743 voluit,
1426 698 1565 746 quippe
1585 695 1791 747 Iphicratis

331 759 462 806 rebus,
484 763 528 793 ut
552 755 716 803 putavit,
735 753 893 790 minime
912 754 1218 790 convenientem.
1246 751 1309 790 Tu
1329 755 1458 803 potius
1477 752 1635 791 Bosium
1655 754 1791 790 confer

332 817 376 855 in
395 813 511 852 Corn.
532 812 695 861 Nepotis
715 808 868 846 Datam.
889 821 923 849 c.
952 810 991 849 5.
1013 815 1052 846 et
1069 808 1261 847 Hadriani
1279 807 1447 847 Relandi
1466 809 1632 847 Palaest.
1653 808 1698 846 L.
1721 809 1788 846 111.

332 885 371 923 Ρ.
394 871 498 911 536.
527 867 717 914 Ceterum,
730 868 825 915 quin
839 860 1092 918 Ἀρτάβαζος
1114 871 1336 915 corruptum
1355 867 1407 904 sit
1425 878 1475 903 ex
1497 861 1790 920 Φαρνάβαζος,

333 925 585 967 dubitandum
606 936 687 960 non
705 921 873 960 videtur.
903 921 1039 960 VVEss.

447 982 523 1022 34.
554 982 628 1022 87.
660 974 733 1025 ε,Ως
767 976 915 1017 ἐπίπαν
954 975 1034 1031 γὰρ
1071 975 1112 1017 οἳ
1146 979 1232 1017 τῶν
1269 977 1370 1028 ctc.]
1411 976 1515 1016 Satis
1548 978 1598 1017 ad
1626 986 1789 1017 senten-

329 1042 426 1079 tiam
443 1041 520 1076 loci
537 1037 668 1084 suerit,
697 1038 731 1073 si
749 1036 971 1085 plerumque
985 1035 1192 1073 Persarum
1211 1034 1326 1072 duces
1344 1034 1385 1072 id
1403 1035 1600 1074 factitasse
1619 1048 1791 1074 censeas.

330 1097 420 1137 vid.
444 1095 491 1132 ad
517 1094 561 1134 L.
584 1093 632 1130 11.
655 1095 699 1132 2.
740 1091 879 1129 WEss.

448 1151 522 1192 34.
556 1151 630 1191 91.
666 1143 945 1198 Νεκτάνεβις]
984 1146 1052 1185 Sic
1080 1159 1231 1198 quoque
1259 1160 1307 1184 ex
1330 1146 1564 1185 Manethone
1583 1150 1626 1186 in
1645 1147 1788 1186 Chron.

331 1208 538 1248 Eusebius.
585 1206 699 1243 Alius
730 1211 790 1241 est
817 1205 983 1244 Νεκταν
986 1201 1091 1255 εβὼς
1139 1208 1222 1242 sive
1253 1204 1503 1242 Nectanebus
1539 1205 1641 1256 apud
1672 1205 1789 1243 Corn.

332 1267 431 1318 Nep.
452 1263 590 1302 Chabr.
613 1276 645 1300 c.
668 1265 712 1302 2.
743 1260 802 1299 De
822 1275 867 1300 eo
891 1262 995 1299 infra
1019 1275 1052 1301 c.
1079 1262 1153 1301 92
1183 1261 1317 1298 WEss.

445 1322 519 1362 34.
541 1322 615 1361 99.
647 1314 845 1371 Πυργους
867 1313 1072 1370 μεγάλους
1093 1315 1274 1384 ἔχουσα]
1306 1315 1417 1355 Conf.
1436 1316 1481 1354 L.
1500 1317 1531 1356 I.
1551 1319 1625 1358 33.
1653 1317 1790 1357 WEss.

445 1379 520 1419 34.
541 1379 584 1418 2.
621 1373 682 1415 Τὸ
714 1372 1015 1428 Πηλουσιακόν
1046 1369 1182 1426 στόμα
1216 1370 1554 1427 κατεσκεύασαν]
1582 1374 1694 1413 Ferri
1716 1374 1790 1412 hoc

330 1443 476 1488 posset,
504 1436 583 1472 nisi
599 1433 752 1482 omnia,
782 1443 879 1481 quae
901 1431 1137 1479 succedunt,
1168 1430 1218 1468 ad
1239 1443 1360 1469 unum
1383 1444 1517 1484 regem
1536 1432 1789 1469 referrentur.

330 1493 436 1534 Malo
457 1485 769 1532 κατεσκεύασεν.
796 1488 931 1526 Wssss.

446 1549 521 1589 34.
544 1549 585 1588 9.
616 1542 724 1586 Ουτε
743 1549 831 1592 τοΐς
853 1542 1018 1584 ἱππεῦσι
1037 1539 1348 1597 προσπελάσαι]
1376 1543 1496 1582 Nasci
1515 1550 1645 1595 posset
1663 1547 1791 1593 suspi-

333 1607 418 1653 cio,
451 1617 548 1656 quae
568 1610 607 1641 et
627 1605 774 1641 iniecta
795 1614 819 1639 a
844 1603 931 1640 viro
955 1608 1014 1638 est
1041 1601 1154 1638 docto
1187 1600 1404 1638 Miscellan.
1430 1599 1594 1639 observ.
1614 1602 1699 1638 Vol.
1719 1600 1787 1638 111.

331 1675 369 1714 Ρ.
384 1663 506 1710 307„
544 1660 591 1698 de
611 1653 879 1713 προσελάσαι,
909 1660 1003 1695 trito
1025 1657 1252 1705 admodum,
1290 1670 1377 1694 cum
1402 1657 1448 1694 de
1468 1659 1643 1706 equitatu
1665 1670 1790 1695 sermo

332 1727 414 1768 est,
446 1717 655 1764 vocabulo,
680 1717 759 1753 nisi
776 1722 911 1753 auctor
934 1715 980 1751 de
1000 1714 1394 1764 adpropinquantibus
1415 1714 1607 1763 equitibus
1631 1713 1792 1752 adhibe-

331 1783 393 1815 ret
412 1779 493 1825 ipse
512 1774 554 1812 L.
577 1773 647 1813 111.
673 1773 749 1812 37.
784 1768 873 1822 ἅμα
900 1769 944 1810 ὁὲ
963 1773 1022 1810 τῶ
1046 1766 1339 1839 προσπελάζειν
1365 1767 1415 1809 τὸ
1445 1769 1522 1822 μὲν
1541 1769 1697 1825 θηρίον
1715 1786 1792 1823 με-

330 1827 584 1887 τεωρότερον
604 1831 689 1869 τῶν
711 1826 865 1867 ἱππέων
885 1812 1022 1893 ἐξῆρε
1020 1824 1094 1866 τὸν
1116 1823 1282 1877 αὐχένα.
1318 1825 1454 1864 WEss.

448 1889 522 1929 35.
539 1889 611 1928 18-
630 1882 796 1937 ’Έχον
772 1880 895 1953 ηὶόνα
910 1878 1189 1951 παρήκουσαν
1192 1879 1253 1936 ἐφ’
1274 1880 1417 1923 ἱκανὸν
1435 1878 1586 1936 τόπον]
1598 1883 1795 1922 Pindarus

503 1942 711 1995 Μένδητα
730 1938 846 1994 παρὰ
866 1937 1054 1993 κρημνὸν
1073 1935 1189 1978 θα).Ι
1152 1953 1299 1991 ασσης
1319 1936 1508 1990 ἔσχατον.

332 2000 508 2048 dixerat,
539 2000 633 2037 urbe
654 1998 857 2050 praecipiti
875 1998 985 2034 litori
1001 1996 1186 2045 inposita.
1230 1994 1310 2033 Sed
1329 1998 1488 2044 erravit,
1521 1995 1683 2034 docente
1702 1996 1793 2035 Ari-

334 2055 506 2097 stideT.
527 2055 596 2094 111.
619 2069 656 2106 p.
682 2056 788 2096 610.
818 2053 954 2092 WEss.

332 2169 385 2210 w
447 2113 522 2155 35.
547 2113 622 2154 35.
645 2105 986 2165 Ἐπικαιροτάτην
1005 2109 1138 2150 οὖσαν
1159 2103 1306 2156 πόλιν]
1335 2106 1583 2147 Describitur
1603 2108 1648 2147 L.
1668 2109 1698 2147 Ι.
1715 2110 1790 2151 50.

389 2180 476 2208 Ess.

449 2225 523 2267 35.
541 2225 618 2266 43.
660 2219 739 2273 Τό,
767 2237 811 2264 τε
830 2218 994 2277 θράσος
1014 2217 1173 2273 αὐτοῦ]
1212 2221 1389 2260 Praestat
1404 2217 1591 2275 θάρσος,
1629 2223 1761 2273 quod·
1750 2235 1793 2262 m

333 2282 447 2322 laude
470 2284 566 2334 poni
587 2282 700 2329 solet,
730 2294 817 2319 cum
837 2282 1000 2318 alterum
1024 2281 1279 2316 temeritatem
1301 2279 1493 2328 quandam
1512 2282 1718 2329 exprimat,
1747 2286 1793 2318 ut

335 2341 434 2380 alias
453 2346 513 2377 est
531 2346 741 2377 ostensum.
764 2336 904 2376 WEss.

452 2397 525 2437 35.
553 2397 631 2437 48.
666 2389 914 2447 Ἔφθόνουν
938 2389 1051 2447 αὐτῷ
1076 2388 1169 2444 etc]
1208 2390 1350 2429 Hiulca
1380 2395 1503 2430 oratio
1532 2398 1602 2430 est.
1635 2391 1792 2432 Rhodo-

336 2465 501 2492 mannus
530 2454 571 2489 in
599 2457 679 2489 not.
709 2446 886 2488 Addend.
921 2434 1137 2496 succurrit,
1166 2448 1361 2516 defectus,
1370 2449 1589 2518 inquiens,
1620 2451 1693 2488 sed
1713 2463 1791 2488 non

337 2511 533 2557 enormis,
563 2510 635 2575 qui
662 2510 723 2545 ita
750 2507 1107 2559 suppleripotest:
1146 2520 1184 2545 οι
1215 2503 1260 2544 ὑὲ
1289 2503 1381 2558 περὶ
1411 2504 1485 2546 τὸν
1511 2502 1791 2559 Φαρνάβαζον

336 2568 449 2661 μηαλ)
439 2581 499 2607 ον
518 2562 568 2620 ἐς(
565 2559 744 2605 θόνουν.
790 2562 863 2601 Cui
880 2575 960 2600 non
976 2573 1170 2614 repugno:
1212 2562 1304 2599 defit
1324 2568 1429 2600 certe
1449 2564 1575 2601 simile
1595 2563 1787 2612 quiddam.

393 2633 474 2660 Ess.

456 2678 530 2719 35
554 2677 626 2719 57.
655 2674 744 2717 Καὶ
763 2678 846 2716 τῶν
867 2672 1040 2727 ἐτησίων
1059 2670 1140 2725 ἤδη
1162 2672 1411 2726 γενομένων]
1430 2675 1530 2713 Vide
1548 2687 1644 2725 quae
1654 2682 1791 2714 auctor

339 2735 512 2787 disputat
531 2733 575 2772 L.
598 2733 629 2774 Ι.
653 2735 726 2775 39.
754 2733 799 2770 de
819 2699 963 2770 Etesilis
985 2739 1022 2768 et
1040 2731 1120 2769 Nili
1139 2732 1567 2774 i11c1emento.WEss

455 2792 528 2833 35.
557 2793 632 2832 66.
672 2785 883 2841 Καθάπερ
911 2783 1061 2828 Κόνων
1090 2785 1221 2827 ἔπαθε
1225 2803 1246 2827 ν
1277 2784 1298 2828 ὃ
1321 2786 1593 2842 ὶΑθηναῖος]
1625 2788 1790 2828 Mortem

339 2850 641 2900 suppliciumque
650 2846 834 2896 CononiS,
851 2853 896 2885 ut
913 2856 1029 2895 supra
1044 2844 1362 2898 significavimus,
1373 2845 1633 2889 dissimulavit
1645 2853 1792 2895 auctor,
