1859 3326
293 211 441 244 chvl
582 209 892 245 OECONOM'lA's
907 208 1179 246 H'ls'romAn
1215 215 1444 248 moDORI.

382 307 479 342 Αηη.
494 307 528 345 4.
577 303 755 353 Spartani
773 302 970 355 'ingentem
999 310 1253 344 calamitatem
1275 312 1377 355 passi
1396 316 1483 346 sunt
1501 307 1627 349 terrae
1647 315 1755 349 moti-

293 367 376 402 bus.
413 366 515 419 'Mox
537 370 716 401 secutum‘
733 373 792 402 est
814 368 1189 403 belluui'decennale
1216 373 1349 404 contra
1363 370 1526 405 Helotas
1547 375 1587 408 et
1605 372 1757 408 Messe-

296 426 380 458 nios
398 424 575 458 rebelles.
607 435 638 458 c.
654 429 709 463 63.
736 424 792 463 64.

827 525 1001 572 O'lymp.
1019 527 1229 563 LXXVIII.
1254 532 1259 536 ’

391 591 486 629 Arm.
508 588 542 630 1.
589 588 812 638 Mycenaei,
841 593 983 627 'bellum
1010 597 1208 628 moventes
1231 594 1270 626 in
1293 594 1475 638 Argivos,
1513 594 1582 630 sub
1600 605 1760 642 quorum

300 649 460 693 imperio
481 661 564 684 esse
583 651 781 693 nolebant,
813 651 851 683 in
865 652 1091 685 servitutem
1111 651 1269 685 redacti.
1305 662 1334 684 c.
1350 654 1405 688 65.

390 707 486 740 Anu.
501 711 533 742 2.
578 708 788 749 Anaxiiai,
809 707 974 741 Zancles
1000 705 1187 753 quondam
1214 710 1415 753 principis,
1456 709 1525 742 filii
1555 711 1766 755 suscipiunt

298 766 562 809 principatum,
586 776 608 797 a
625 765 728 821 Micy
732 765 795 799 tho
815 770 939 799 tutone
959 766 1276 823 administratum,
1303 767 1339 797 in
1359 765 1470 798 fidem
1492 775 1661 801 summae
1679 774 1766 812 pro-

298 821 429 855 bitatis
454 824 524 854 viri
548 823 663 856 male
660 816 885 867 suspiciosi.
909 818 971 850 ¹-—-
1011 823 1175 857 Hieroni
1199 818 1239 856 in
1264 824 1432 868 imperio
1449 825 1618 858 succedit
1643 824 1765 860 frater

299 878 574 922 thiasylhulus
609 890 638 915 c
657 884 714 917 66
943 909 949 913 .
1035 908 1037 912 .

392 935 489 970 Anu.
508 940 541 973 3.
591 936 855 982 'Ihrasybul'us
873 935 1135 971 obavaritiam
1156 939 1195 970 et
1210 936 1424 980 superbiam
1451 936 1594 970 civibus
1615 948 1769 981 exosus,

299 1003 419 1037 regno
438 995 633 1037 expulsus,
656 995 756 1037 apud
773 994 1047 1028 Locrossvitam
1068 995 1253 1038 privatam
1271 995 1363 1038 agit.
1407 993 1637 1038 Syracusani
1655 996 1768 1030 libem

300 1055 418 1084 tatem
437 1055 675 1095 recuperant,
694 1052 878 1094 ¹deinceps
896 1061 1015 1095 usque
1030 1051 1079 1083 ad
1097 1051 1273 1095 Dionysii
1293 1052 1542 1094 principatum
1565 1057 1768 1087 servatam.

299 1109 440 1141 Eorum
460 1110 674 1153 exemplum
690 1113 845 1147 secutae
858 1109 1038 1153 retiquae
1057 1109 1252 1148 civitatum„
1271 1107 1455 1150 abrogato
1474 1110 1580 1153 regio
1596 1109 1770 1153 imperio,

300 1167 380 1198 suis
396 1176 544 1211 quoque
564 1166 837 1210 rebuspublicis
852 1166 1071 1198 libertatem
1092 1167 1351 1197 asseruerunt.
1385 1175 1415 1196 c.
1434 1168 1488 1201 67,
1517 1167 1574 1200 68.

392 1229 411 1249 *
437 1222 580 1256 Romae
602 1227 679 1256 tum
700 1224 863 1266 primum
884 1226 1045 1265 quatuor
1061 1221 1221 1255 'lribuni
1239 1220 1359 1264 plebis
1379 1223 1513 1256 creati.

389 1278 487 1311 Ann-
505 1279 538 1315 4
585 1282 745 1332 Xerxes,
771 1280 976 1323 Persaiuni
996 1289 1084 1319 rex,
1110 1288 1178 1321 per
1194 1277 1352 1310 insidias
1367 1278 1549 1311 Artabani
1570 1282 1608 1312 et
1623 1279 1773 1321 Mithri-

301 1315 420 1378 datis,
448 1337 606 1370 occisus.
651 1327 856 1380 Superstes
880 1335 982 1369 filius
1001 1330 1242 1370 Artaxerxes
1259 1329 1417 1369 caedem
1438 1330 1610 1389 parentis
1627 1337 1774 1373 ulcisci·

300 1394 384 1446 tur,
409 1399 448 1428 et
466 1404 585 1439 regno
600 1396 759 1441 potitur
789 1404 824 1433 c.
843 1393 899 1428 69.

859 1493 893 1528 Ο
904 1494 943 1539 ly
953 1503 1031 1537 mp,
1048 1492 1225 1530 LXXIX.

394 1558 491 1598 Anu.
514 1561 546 1596 1.
592 1555 727 1595 Thasii
746 1563 785 1594 et
804 1549 1036 1604 Aeginetae,
1069 1559 1115 1592 ab
1135 1558 1427 1593 Atheniensibus
1445 1559 1686 1604 deficientes,
1718 1572 1777 1598 ar-

304 1612 376 1649 mis
403 1617 441 1649 in
469 1622 697 1661 potestatem
722 1618 961 1661 rediguntur.
1007 1615 1141 1649 Pluies
1161 1617 1253 1649 socii
1271 1626 1406 1660 aspero
1426 1621 1464 1650 et
1483 1619 1672 1662 superbo
1663 1631 1778 1665 impe-

305 1674 363 1706 rio
399 1674 685 1708 Atheniensium
722 1676 770 1709 ad
795 1675 1049 1708 deiectionem
1079 1674 1217 1709 adacti.
1253 1692 1297 1699 —-
1354 1674 1510 1707 Colonia
1538 1676 1777 1728 Amphipolin

305 1731 443 1772 missa,
476 1742 562 1765 mox
580 1743 662 1765 cum
682 1733 843 1766 ulterius
862 1735 901 1766 in
919 1727 1121 1765 Thraciam
1142 1727 1459 1775 progrederetur,
1491 1732 1537 1764 ab
1558 1733 1778 1770 Edonorum

307 1789 445 1832 populo
464 1799 647 1832 oppressa
666 1793 736 1822 est
771 1800 802 1822 c.
813 1792 870 1824 70·

398 1845 544 1882 Anu-2.
593 1847 793 1891 Aegyptii,
827 1846 958 1879 audita
986 1850 1025 1879 et
1046 1848 1168 1879 morte
1191 1844 1331 1879 Xerxis
1359 1848 1399 1879 et
1412 1845 1780 1889 perturbationem—

308 1912 414 1943 rum,
437 1903 663 1936 seditionem
684 1905 722 1936 in
742 1903 879 1937 Persas
894 1914 983 1936 mov
981 1906 1073 1944 ent,
1106 1904 1228 1946 iisque
1258 1904 1447 1947 expulsis,
1471 1904 1624 1938 Inarum
1641 1916 1780 1941 novum

310 1969 441 2002 regem
463 1970 482 1992 e
500 1961 578 1992 suis
610 1965 762 2003 creant,
800 1966 838 1995 et
852 1961 1107 1995 Athenien-ses
1124 1962 1249 1998 socios
1267 1961 1523 2004 sibiiungunt.
1567 1962 1701 2007 Itaque
1711 1965 1783 1999 Ar-

312 2020 493 2049 taxerxes
504 2017 652 2050 -beilum
673 2019 710 2050 in
730 2020 832 2062 ipsos
851 2023 972 2062 parat.
1004 2029 1034 2052 c.
1049 2019 1106 2055 71·
1382 2042 1396 2051 w

404 2073 447 2106 In
478 2074 626 2116 Sicilia,
660 2085 742 2107 cum
761 2077 797 2107 in
817 2077 898 2109 dies
914 2088 995 2118 res,
1032 2077 1259 2119 iecupcrata
1282 2075 1482 2115 libertate,
1517 2075 1700 2109 laetiores
1717 2078 1783 2119 fie-

313 2136 421 2171 rent,
446 2131 497 2174 S)
502 2134 645 2164 rac-,usis
666 2135 881 2177 peregrini,
907 2135 946 2167 in
964 2134 1156 2166 ciiitatem
1173 2133 1337 2175 recepti,
1374 2142 1396 2165 a
1414 2133 1658 2165 muneiibus·
1650 2144 1785 2177 ger-en

316 2187 374 2220 dis
391 2186 534 2229 excius'i
548 2214 556 2230 ,
584 2200 701 2222 noras
721 2191 852 2223 turbas
873 2192 1069 2224 suscitant.
1104 2200 1134 2222 c.
1154 2192 1210 2226 72.
1233 2193 1290 2226 73.
1467 2234 1473 2238 ,
1638 2234 1641 2238 Δ

405 2243 500 2279 Anu.
517 2248 551 2281 3.
595 2247 831 2280 Artaxerxes
854 2245 1053 2291 Aegyptiis
1077 2246 1217 2279 bellum
1244 2243 1386 2286 infert,
1421 2244 1786 2295 duce-Achaemenes.

307 2300 589 2342 Athenienses,
619 2304 726 2347 Aegy
730 2306 891 2347 pti01um
911 2305 1023 2344 socii,
1033 2303 1194 2336 'Persas
1208 2301 1360 2346 proelio
1377 2303 1550 2344 vincunt,
1584 2292 1787 2349 et-fugien-

319 2362 380 2392 tes
402 2360 652 2415 insequuntur
678 2371 797 2404 usque
828 2361 878 2407 ad
902 2361 1035 2394 Album
1062 2371 1210 2392 murum
1245 2359 1476 2407 (Memphin,
1510 2361 1606 2405 quod
1634 2361 1786 2407 patet'e

305 2423 399 2459 ⁴cap
422 2419 501 2461 77),
549 2427 688 2461 eosque
715 2404 911 2452 obsidione
947 2419 1095 2451 clausos
1123 2420 1268 2452 tenent
1330 2415 1503 2449 Renovut
1532 2418 1675 2453 beilum
1708 2431 1786 2463 reX,

305 2473 383 2517 'qu
385 2475 494 2506 unsis
513 2473 826 2518 Lacedaemonii,
857 2477 894 2509 in
915 2476 1097 2508 auxilium
1116 2475 1260 2515 iocati,
1294 2473 1333 2506 in
1352 2475 1513 2507 Atticam
1533 2477 1789 2512 incursionem

325 2531 451 2565 facere
471 2537 658 2565 recusent.
694 2543 722 2567 c.
744 2536 800 2570 74.

414 2587 560 2624 Anu-4.
608 2590 873 2623 Continuatum
898 2587 1104 2622 Persarum
1128 2587 1270 2620 bellum
1296 2587 1333 2619 in
1357 2587 1578 2631 Aegyptios.
1636 2590 1791 2625 Artaba-

326 2656 395 2679 zus
422 2649 461 2679 et
484 2645 744 2692 Megabyzus,
777 2649 840 2693 qui
857 2657 975 2681 novas
991 2647 1118 2691 copias
1136 2645 1296 2687 ducunt,
1326 2645 1366 2678 iu
1393 2645 1474 2690 ipso
1490 2646 1628 2680 itinere
1649 2657 1788 2682 aunum

326 2706 561 2739 consumunt.
595 2713 627 2737 c.
640 2707 695 2742 75.

423 2761 468 2796 lu
487 2759 616 2795 Sicilia
633 2761 828 2808 peregrini
844 2760 996 2795 tandem
1013 2760 1116 2795 victi.
1150 2768 1179 2795 c.
1196 2759 1254 2796 76.
