1891 3310
286 227 349 268 IN
381 224 732 266 EXCERPTA
764 225 844 264 DE
871 224 1035 264 VIRT.
1069 225 1148 266 ΕΤ
1181 227 1300 266 Vl'l'.
1429 231 1522 272 475

69 343 182 380 batur
202 347 317 380 antea
333 338 470 408 χωρὶς
482 338 526 380 (ῖὲ
547 354 633 379 non
636 341 660 395 ἦ
681 343 770 386 τοις
794 336 991 390 Ἀχαιοῖς
1027 338 1329 395 κατεψηφίσθη
1354 343 1438 381 τῶν
1469 342 1525 389 εἷς

69 413 191 450 τιμην
221 395 422 449 τάιὸρὸς,
449 413 473 449 v]
498 396 647 448 πατρὶς
668 403 740 434 etc.
754 424 766 442 ‚
805 408 900 446 quae
921 398 1058 446 partim
1080 411 1218 446 prava,
1248 401 1389 448 partim
1413 406 1524 436 erant

72 455 209 492 hiulca.
268 452 596 506 Καταψηφισθέ
595 467 700 493 ντων
737 454 831 490 bene
863 453 1022 490 refinxit
1047 453 1235 491 Valesius.
1295 455 1525 494 Addenduiu

70 525 152 548 esse
170 523 380 559 pronomen
411 510 626 547 Salmasius
652 509 756 547 vidit
782 511 897 546 sicuti
930 516 968 546 et
994 505 1095 561 στη)
1086 524 1171 562 ην,
1216 511 1376 548 eradens
1396 519 1524 549 tamen

71 567 127 613 εἷς
143 582 278 617 nimy.
322 566 408 616 Ego
426 579 520 604 vero
543 579 669 612 servo,
701 566 916 615 locumque,
933 565 995 603 uti
1009 566 1139 614 vides,
1167 568 1351 605 instauro.
1388 567 1418 604 F
1423 570 1524 605 uisse

69 637 164 661 vero
194 622 480 672 Philopoemeni
509 628 675 659 statuam
706 622 856 672 publice
888 635 973 658 cum
1003 624 1129 659 titulo
1146 625 1330 671 positam,
1373 625 1527 662 docebit

69 678 280 717 Pausanias
303 678 456 716 L.VIII.
481 678 553 718 52.
573 685 612 715 ct
629 677 730 714 Plut.
752 684 923 715 extrema
937 677 1223 728 Philopoemen.
1244 682 1336 718 vita.
1388 681 1525 719 IVESS.

186 736 289 775 575
320 736 393 775 56
428 729 729 773 εΕπτακαίὸεκοι
762 731 831 785 ἔτη
866 731 1013 785 σχεδὸν
1039 735 1130 785 etc.]
1174 735 1237 772 Ex
1257 736 1423 787 Polybio
1443 738 1525 775 Ex-

69 798 186 841 cerpt.
204 805 238 842 p.
259 791 390 832 1438.
402 818 413 839 ‚
434 803 548 842 quem
569 797 607 828 et
629 793 671 829 in
693 793 798 829 omni
810 790 881 828 hoc
901 792 1028 842 elogio
1047 799 1243 862 auctorem
1259 792 1439 838 habuisse
1458 796 1526 834 vi-

69 849 194 887 detur.
249 847 388 885 WEss.

186 906 289 944 576
317 905 389 944 73.
423 898 734 951 ἈνελπίστωςἹ
775 900 891 940 Forte
912 899 1142 957 ἀνελπίστῳ
1163 919 1280 958 τυχῃ.
1330 904 1468 946 Wrss.

185 961 290 1001 576.
323 962 394 1002 81.
425 954 683 1009 Λεώκοιτος]
722 958 848 997 Huius
865 960 1035 998 Leocriti
1053 962 1197 998 mentio
1217 962 1293 999 fit·
1282 974 1325 1000 m
1344 976 1427 1013 cap.
1452 962 1525 1008 55.

69 1013 511 1068 LegationumPolybii.
571 1016 725 1055 VALES.

187 1074 290 1113 576
323 1074 395 1114 82
439 1069 552 1118 Τοὺς
581 1069 622 1110 ἐν
642 1087 701 1126 τ(7)
722 1067 847 1125 Πίῳ]
890 1071 1115 1123 Legendum
1139 1073 1321 1111 existimo
1340 1076 1399 1129 τῷ
1423 1074 1526 1130 Τί.(7)

70 1127 144 1166 Est
170 1136 296 1166 autem
317 1128 365 1165 'l'
356 1142 417 1166 ius
436 1129 528 1165 urbs
552 1127 863 1179 Paphlagoniae,
903 1142 999 1178 quae
1021 1135 1059 1165 et
1081 1127 1220 1166 Teium
1243 1130 1387 1168 dicitur
1409 1145 1431 1169 a
1451 1133 1528 1169 Po-

72 1186 180 1234 lybio
203 1199 283 1235 cap.
297 1186 370 1225 59.
406 1185 538 1236 Legat.
552 1183 743 1222 Strabone
762 1185 829 1222 lib.
838 1184 927 1222 XII.
946 1183 1002 1236 (p.
1018 1182 1143 1237 818.)
1164 1193 1201 1222 et
1212 1185 1497 1225 Constantino
1487 1203 1530 1226 in

70 1243 138 1278 lib.
162 1242 191 1281 l.
233 1241 326 1293 περὶ
357 1216 569 1292 θεμάῡτων.
636 1241 854 1290 Porphyrio
887 1243 928 1278 in
956 1241 1166 1279 Horatium
1196 1241 1239 1280 L.
1260 1242 1290 1282 I,
1325 1243 1399 1282 Od.
1418 1255 1527 1283 xvu.

77 1297 236 1346 'l'eium‚
277 1299 427 1346 inquit,
463 1298 596 1335 urbem
618 1299 658 1334 in
683 1297 965 1350 Paphlagonia
988 1311 1095 1345 esse,
1134 1297 1339 1337 Salustius
1362 1302 1531 1350 indicat,

71 1369 154 1392 cum
178 1357 223 1394 cle
245 1356 323 1392 situ
347 1354 511 1391 Pontico
532 1354 722 1404 loquitur.
785 1354 900 1392 Unde
921 1357 1030 1406 apud
1054 1354 1238 1394 Ovidium
1265 1355 1365 1394 Teia
1383 1359 1528 1398 Illusa.

72 1413 176 1455 Quae
211 1413 347 1448 ultima
374 1411 493 1447 verba
521 1409 779 1461 expungenda
815 1417 917 1447 sunt.
975 1412 1089 1459 Apud
1121 1410 1361 1461 Stephanum
1394 1415 1530 1454 Τίειον

72 1469 265 1504 scribitur.
302 1467 344 1503 In
370 1465 532 1518 Scylace
555 1465 810 1516 Caryandeno
823 1466 975 1506 Τίθιον
997 1468 1189 1517 corrupte.
1234 1468 1411 1508 Ceterum
1429 1471 1530 1510 Τίον

70 1526 110 1561 in
133 1523 303 1561 Diodoro
326 1523 402 1574 legi
424 1523 585 1570 debere,
624 1529 729 1572 patet
747 1536 796 1559 ex
818 1535 900 1571 cap.
918 1524 990 1563 59.
1016 1523 1150 1575 Legat.
1169 1524 1336 1575 Polybii.
1379 1527 1528 1565 VALES.

73 1578 185 1626 Τοὺς
216 1579 257 1618 ἕν
285 1581 343 1618 τῶ
380 1578 502 1633 Τίῳ]
549 1579 713 1617 Cum-ex
732 1578 897 1629 Polybio
925 1583 1140 1618 certissima
1161 1583 1211 1618 sit
1229 1588 1267 1618 et
1286 1582 1404 1620 dubio
1424 1587 1531 1622 omni

69 1637 191 1673 libera
209 1637 356 1674 Valesii
374 1638 584 1683 correctio,
611 1637 752 1673 vitium
771 1639 1064 1673 amanuensium
1084 1641 1290 1688 propagari
1310 1641 1429 1676 nolui.
1470 1640 1529 1678 De

70 1694 165 1731 urbe
187 1696 343 1741 eiusque
364 1694 440 1728 situ
460 1693 572 1740 plura
594 1691 757 1730 Stukius
776 1692 823 1729 ad
844 1691 986 1743 Peripl.
1006 1692 1124 1732 Ponti
1143 1694 1293 1732 Euxini
1309 1708 1346 1747 p.
1367 1697 1470 1773 130.
1493 1704 1531 1735 et

71 1748 114 1787 L.
132 1748 311 1786 Holsten.
331 1751 371 1785 in
392 1748 662 1797 Steph.T1'.0g
718 1748 858 1786 WEss.

188 1806 291 1846 576-
323 1805 398 1844 95.
438 1801 552 1844 Καθ’
575 1801 626 1850 ἃς
645 1819 718 1843 ουκ
741 1802 870 1856 ἐξῆν]
910 1801 1074 1842 Deest’
1051 1820 1209 1858 απεστη
1227 1821 1303 1858 της
1322 1804 1493 1858 ἔπιβοὶῧ
1455 1823 1532 1860 ης,

75 1867 144 1899 aut
163 1862 253 1911 quid
281 1862 418 1897 simile.
477 1860 599 1910 Leges
619 1860 806 1907 foederis,
835 1861 936 1908 quod
956 1861 1190 1899 Antiochum
1206 1865 1311 1900 inter
1333 1872 1370 1900 et
1389 1864 1533 1902 Roma-

72 1931 144 1954 nos
156 1918 313 1963 coaluit,
324 1916 437 1953 habet
449 1915 636 1966 Polybius
651 1915 742 1967 Leg.
754 1926 888 1954 xxxv.
893 1924 957 1964 ‚et
969 1930 1018 1954 ex
1030 1931 1077 1954 eo
1090 1918 1280 1956 Liviusl.
1297 1919 1531 1959 XXXVIII

56 1975 150 2013 38.
161 2001 172 2020 ‚
213 1973 500 2023 expeditionem
522 1980 630 2012 trans
652 1972 823 2011 Taurum
841 1975 1117 2012 consecutione
1148 1976 1312 2026 quadam
1340 1983 1532 2018 vetantes.

71 2029 208 2068 'WEss.

189 2086 293 2126 576.
320 2085 397 2125 99.
432 2080 556 2124 'Am
582 2082 622 2125 οἵ
641 2081 717 2137 μὲν
737 2083 781 2125 ἔκ
794 2080 958 2138 Ρώμης
979 2086 1073 2137 etc.]
1125 2085 1282 2127 Livium
1303 2091 1460 2128 consule
1488 2091 1531 2129 L.

71 2140 161 2180 XL.
185 2143 256 2182 55.
279 2148 316 2178 et
341 2153 445 2190 seqq.
502 2141 644 2178 IVEss.

189 2200 293 2238 577.
331 2201 344 2238 l
365 2201 400 2241 1.
434 2197 625 2251 Τιβέριος
645 2193 848 2251 Γράκχος]
884 2198 962 2235 Hic
982 2198 1147 2238 Praetor
1166 2213 1270 2238 anno
1288 2203 1396 2240 urbis
1421 2204 1530 2243 573.

73 2256 296 2292 citeriorem
325 2254 552 2304 Hispaniam
583 2256 813 2293 obtinuerat.
868 2254 1034 2292 Biennio
1055 2263 1143 2304 post
1174 2259 1352 2295 confecta
1373 2263 1534 2309 provin-

75 2313 135 2347 cia
154 2310 409 2359 'triumphavit
430 2310 606 2360 sequenti
623 2325 741 2358 anno„
764 2313 828 2360 qui
850 2319 910 2349 est
927 2313 973 2349 ab
996 2313 1092 2349 urbe
1109 2314 1266 2351 condita
1289 2318 1393 2356 576.
1429 2315 1533 2353 Con-

77 2368 137 2404 sul
165 2368 240 2404 fuit
270 2369 417 2417 collega
440 2365 484 2407 C.
508 2366 668 2405 Claudio
692 2367 871 2406 Pulchro.
920 2368 1068 2405 VALES.
1127 2368 1187 2407 De
1221 2370 1270 2410 T.
1291 2372 1457 2410 Gracchi
1490 2374 1533 2410 in

76 2422 283 2460 Celtiberia
303 2425 421 2473 gestis
443 2424 557 2460 rebus
579 2423 714 2462 Livius
738 2423 781 2461 L.
795 2424 883 2464 XL.
906 2425 1003 2472 33„
1043 2424 1183 2464 Florus
1213 2426 1257 2464 L.
1278 2428 1327 2465 11.
1353 2431 1423 2469 17.
1453 2429 1534 2479 Ap·

75 2482 212 2529 pianus
234 2479 395 2529 Hispan.
415 2492 450 2529 p.
463 2481 570 2520 470.
601 2487 714 2528 atque
733 2482 813 2518 alii.
864 2481 1006 2518 WESS.
1334 2502 1336 2504 -

197 2538 298 2576 577
332 2537 402 2576 17-
434 2531 484 2575 ‘O
504 2535 571 2574 καὶ
591 2533 760 2588 πάτριοι
771 2538 784 2587 l
824 2536 1032 2575 Patronum
1053 2542 1183 2589 gentis
1199 2540 1483 2578 Macedonum·
1472 2555 1534 2579 in-

78 2593 205 2643 telligi
225 2594 458 2629 existimavi.
487 2592 585 2630 Nam
609 2599 651 2629 ut
671 2595 726 2629 ait
741 2592 879 2630 Cicero
895 2594 942 2630 (le
963 2594 1110 2632 Officiis
1131 2594 1180 2647 (L
1184 2597 1231 2633 ib
1247 2597 1272 2633 I.
1297 2600 1346 2637 ll
1360 2596 1391 2650 .)
1427 2598 1533 2635 Tan-

82 2656 216 2699 copel-e
236 2650 345 2699 apud
362 2649 474 2686 Rom.
500 2651 658 2686 iustitia
681 2650 790 2687 culta
813 2657 891 2697 est*⁷
919 2657 965 2687 ut
994 2652 1046 2698 ii,
1076 2654 1146 2702 qui
1160 2655 1347 2690 civitates
1367 2662 1442 2691 aut
1459 2668 1533 2692 ηα-

82 2708 205 2742 llones
235 2707 413 2743 devictas
440 2706 538 2742 bello
569 2705 608 2742 z'n
619 2706 745 2753 fidem
766 2708 1030 2758 recepissent,
1073 2717 1321 2760 eorumpatr
1325 2713 1390 2747 om·
1405 2717 1536 2749 essene

81 2774 188 2798 more
208 2763 413 2798 maiorum.
456 2762 559 2798 Idem
581 2762 716 2798 scribit
732 2762 896 2812 Dionys.
912 2763 1037 2800 Halic.
1060 2764 1125 2801 lib.
1141 2765 1188 2801 II.
1197 2778 1244 2814 p.
1262 2767 1333 2806 84.
1381 2766 1412 2801 V
1416 2778 1530 2803 urs

74 2813 124 2855 O
155 2816 222 2855 καὶ
255 2813 373 2883 πάϊς)
367 2818 446 2867 ov]
497 2817 603 2855 Nihil
633 2819 768 2869 melius
798 2821 1011 2866 succurrit,
1056 2824 1210 2859 tametsi
1244 2817 1411 2872 πάτρων
1442 2825 1533 2860 sim-

47 2875 233 2925 pliciter
254 2886 297 2910 ac
318 2876 401 2910 sine
423 2874 570 2911 adiecta
590 2887 684 2912 voce
695 2877 874 2924 positum,
903 2878 997 2914 satis
1018 2878 1069 2914 sit
1087 2879 1272 2916 insolens.
1314 2877 1468 2929 Alioqui
1479 2894 1534 2918 ci-
