<?xml version="1.0" encoding="UTF-8"?>
<!DOCTYPE html PUBLIC "-//W3C//DTD XHTML 1.0 Transitional//EN"
    "http://www.w3.org/TR/xhtml1/DTD/xhtml1-transitional.dtd">
<html xmlns="http://www.w3.org/1999/xhtml" xml:lang="en" lang="en">
 <head>
  <title>
</title>
<meta http-equiv="Content-Type" content="text/html;charset=utf-8" />
  <meta name='ocr-system' content='tesseract 3.04.00' />
  <meta name='ocr-capabilities' content='ocr_page ocr_carea ocr_par ocr_line ocrx_word'/>
</head>
<body>
  <div class='ocr_page' id='page_1' title='image "./bibliothecahisto05dioduoft_0328.png"; bbox 0 0 1859 3326; ppageno 0'>
   <div class='ocr_carea' id='block_1_1' title="bbox 325 186 1358 240">
    <p class='ocr_par' dir='ltr' id='par_1_1' title="bbox 325 186 1358 240">
     <span class='ocr_line' id='line_1_1' title="bbox 325 186 1358 240; baseline -0.01 -1"><span class='ocrx_word' id='word_1_1' title='bbox 325 191 420 240; x_wconf 85' lang='lat'>318</span> <span class='ocrx_word' id='word_1_2' title='bbox 670 224 673 226; x_wconf 84' lang='grc'>-</span> <span class='ocrx_word' id='word_1_3' title='bbox 766 186 1358 232; x_wconf 64' lang='lat' dir='ltr'>-ANNO&#39;TATIONES&#39;</span> 
     </span>
    </p>
   </div>
   <div class='ocr_carea' id='block_1_2' title="bbox 308 299 1838 1896">
    <p class='ocr_par' dir='ltr' id='par_1_2' title="bbox 436 299 1788 360">
     <span class='ocr_line' id='line_1_2' title="bbox 436 299 1788 360; baseline -0.004 -12"><span class='ocrx_word' id='word_1_4' title='bbox 436 306 546 349; x_wconf 85' lang='lat'><strong>386.</strong></span> <span class='ocrx_word' id='word_1_5' title='bbox 578 305 653 347; x_wconf 86' lang='grc'>73.</span> <span class='ocrx_word' id='word_1_6' title='bbox 681 301 910 360; x_wconf 73' lang='grc' dir='ltr'><strong><em>Παρὲλαβε</em></strong></span> <span class='ocrx_word' id='word_1_7' title='bbox 929 301 1008 358; x_wconf 77' lang='grc' dir='ltr'><strong><em>τὴν</em></strong></span> <span class='ocrx_word' id='word_1_8' title='bbox 1028 299 1283 358; x_wconf 73' lang='grc' dir='ltr'><strong><em>Κυλλήνην]</em></strong></span> <span class='ocrx_word' id='word_1_9' title='bbox 1324 303 1453 354; x_wconf 88' lang='lat' dir='ltr'>Supra</span> <span class='ocrx_word' id='word_1_10' title='bbox 1471 304 1563 344; x_wconf 80' lang='lat' dir='ltr'>vide</span> <span class='ocrx_word' id='word_1_11' title='bbox 1589 303 1702 343; x_wconf 85' lang='lat' dir='ltr'>huius</span> <span class='ocrx_word' id='word_1_12' title='bbox 1721 305 1788 343; x_wconf 85' lang='lat' dir='ltr'><strong>lib.</strong></span> 
     </span>
    </p>

    <p class='ocr_par' dir='ltr' id='par_1_3' title="bbox 316 364 1838 1049">
     <span class='ocr_line' id='line_1_3' title="bbox 318 364 611 407; baseline -0.011 -4"><span class='ocrx_word' id='word_1_13' title='bbox 318 380 354 406; x_wconf 84' lang='lat' dir='ltr'>e.</span> <span class='ocrx_word' id='word_1_14' title='bbox 374 367 449 407; x_wconf 88' lang='grc'>66.</span> <span class='ocrx_word' id='word_1_15' title='bbox 473 364 611 402; x_wconf 71' lang='lat' dir='ltr'>Wnss.</span> 
     </span>
     <span class='ocr_line' id='line_1_4' title="bbox 330 425 1788 483; baseline -0.004 -10"><span class='ocrx_word' id='word_1_16' title='bbox 330 444 332 446; x_wconf 77' lang='grc'>’</span> <span class='ocrx_word' id='word_1_17' title='bbox 437 433 543 473; x_wconf 84' lang='grc'><strong>386.</strong></span> <span class='ocrx_word' id='word_1_18' title='bbox 576 433 650 471; x_wconf 88' lang='grc'>78.</span> <span class='ocrx_word' id='word_1_19' title='bbox 670 425 778 469; x_wconf 66' lang='grc' dir='ltr'>εΥπό</span> <span class='ocrx_word' id='word_1_20' title='bbox 807 425 1045 480; x_wconf 73' lang='grc' dir='ltr'><strong><em>Ἀρυβίλου</em></strong></span> <span class='ocrx_word' id='word_1_21' title='bbox 1071 425 1352 483; x_wconf 70' lang='grc' dir='ltr'><strong><em>τοῦπατρὸς]</em></strong></span> <span class='ocrx_word' id='word_1_22' title='bbox 1394 428 1511 466; x_wconf 84' lang='grc' dir='ltr'>Ηιιῃο</span> <span class='ocrx_word' id='word_1_23' title='bbox 1536 430 1605 467; x_wconf 87' lang='lat' dir='ltr'>alii</span> <span class='ocrx_word' id='word_1_24' title='bbox 1622 431 1788 478; x_wconf 87' lang='lat' dir='ltr'>scripto-</span> 
     </span>
     <span class='ocr_line' id='line_1_5' title="bbox 320 485 1785 540; baseline -0.004 -11"><span class='ocrx_word' id='word_1_25' title='bbox 320 503 385 530; x_wconf 86' lang='lat' dir='ltr'>res</span> <span class='ocrx_word' id='word_1_26' title='bbox 403 489 477 527; x_wconf 85' lang='lat' dir='ltr'>Ar</span> <span class='ocrx_word' id='word_1_27' title='bbox 464 489 591 540; x_wconf 72' lang='lat' dir='ltr'>Jbban</span> <span class='ocrx_word' id='word_1_28' title='bbox 609 492 844 535; x_wconf 86' lang='lat' dir='ltr'>nuncupant.</span> <span class='ocrx_word' id='word_1_29' title='bbox 873 485 1038 537; x_wconf 83' lang='lat' dir='ltr'>Magnus</span> <span class='ocrx_word' id='word_1_30' title='bbox 1060 486 1135 523; x_wconf 85' lang='lat' dir='ltr'>fuit</span> <span class='ocrx_word' id='word_1_31' title='bbox 1153 488 1370 523; x_wconf 90' lang='lat' dir='ltr'>avunculus</span> <span class='ocrx_word' id='word_1_32' title='bbox 1396 485 1608 523; x_wconf 81' lang='lat' dir='ltr'>Alexandri</span> <span class='ocrx_word' id='word_1_33' title='bbox 1632 485 1785 537; x_wconf 86' lang='lat' dir='ltr'>Magni·</span> 
     </span>
     <span class='ocr_line' id='line_1_6' title="bbox 322 540 1786 585; baseline -0.003 0"><span class='ocrx_word' id='word_1_34' title='bbox 322 547 480 585; x_wconf 80' lang='lat' dir='ltr'><strong>Alcetas</strong></span> <span class='ocrx_word' id='word_1_35' title='bbox 511 546 632 582; x_wconf 83' lang='lat' dir='ltr'>frater</span> <span class='ocrx_word' id='word_1_36' title='bbox 665 549 723 580; x_wconf 89' lang='lat' dir='ltr'>est</span> <span class='ocrx_word' id='word_1_37' title='bbox 755 542 951 579; x_wconf 80' lang='lat' dir='ltr'>Aeacidae.</span> <span class='ocrx_word' id='word_1_38' title='bbox 1021 541 1119 579; x_wconf 84' lang='lat' dir='ltr'>Vide</span> <span class='ocrx_word' id='word_1_39' title='bbox 1154 540 1201 578; x_wconf 88' lang='lat' dir='ltr'>R.</span> <span class='ocrx_word' id='word_1_40' title='bbox 1224 540 1476 580; x_wconf 86' lang='lat' dir='ltr'>Reineccium</span> <span class='ocrx_word' id='word_1_41' title='bbox 1504 545 1545 579; x_wconf 91' lang='lat' dir='ltr'>in</span> <span class='ocrx_word' id='word_1_42' title='bbox 1585 542 1786 580; x_wconf 79' lang='lat' dir='ltr'>Molossiei</span> 
     </span>
     <span class='ocr_line' id='line_1_7' title="bbox 320 592 1838 667; baseline -0.004 -25"><span class='ocrx_word' id='word_1_43' title='bbox 320 605 436 655; x_wconf 76' lang='lat' dir='ltr'>‘regni</span> <span class='ocrx_word' id='word_1_44' title='bbox 455 602 726 650; x_wconf 66' lang='lat' dir='ltr'><strong>descriptione.</strong></span> <span class='ocrx_word' id='word_1_45' title='bbox 754 598 893 635; x_wconf 80' lang='lat' dir='ltr'><strong>Ruon.</strong></span> <span class='ocrx_word' id='word_1_46' title='bbox 932 597 1033 650; x_wconf 83' lang='lat' dir='ltr'>Lege</span> <span class='ocrx_word' id='word_1_47' title='bbox 1054 594 1308 652; x_wconf 75' lang='grc' dir='ltr'>Ἀρύμβου,</span> <span class='ocrx_word' id='word_1_48' title='bbox 1335 601 1401 636; x_wconf 85' lang='lat' dir='ltr'>vel</span> <span class='ocrx_word' id='word_1_49' title='bbox 1424 592 1663 667; x_wconf 66' lang='grc' dir='ltr'><strong>Ἀῥρίβου.</strong></span> <span class='ocrx_word' id='word_1_50' title='bbox 1694 611 1786 637; x_wconf 86' lang='lat' dir='ltr'>narn</span> <span class='ocrx_word' id='word_1_51' title='bbox 1830 642 1838 647; x_wconf 31' lang='lat' dir='ltr'>ss</span> 
     </span>
     <span class='ocr_line' id='line_1_8' title="bbox 320 650 1789 708; baseline -0.002 -10"><span class='ocrx_word' id='word_1_52' title='bbox 320 667 485 708; x_wconf 88' lang='lat' dir='ltr'>utroque</span> <span class='ocrx_word' id='word_1_53' title='bbox 517 657 631 694; x_wconf 90' lang='lat' dir='ltr'>modo</span> <span class='ocrx_word' id='word_1_54' title='bbox 661 658 803 704; x_wconf 77' lang='lat' dir='ltr'>legitur</span> <span class='ocrx_word' id='word_1_55' title='bbox 829 654 930 704; x_wconf 87' lang='lat' dir='ltr'>apud</span> <span class='ocrx_word' id='word_1_56' title='bbox 956 662 1142 692; x_wconf 82' lang='lat' dir='ltr'><strong>auctores.</strong></span> <span class='ocrx_word' id='word_1_57' title='bbox 1169 656 1300 693; x_wconf 79' lang='lat' dir='ltr'><strong>PALM.</strong></span> <span class='ocrx_word' id='word_1_58' title='bbox 1341 655 1519 693; x_wconf 83' lang='lat' dir='ltr'>Praestat</span> <span class='ocrx_word' id='word_1_59' title='bbox 1545 650 1789 706; x_wconf 74' lang='grc' dir='ltr'><strong><em>Ἀρυμβου-</em></strong></span> 
     </span>
     <span class='ocr_line' id='line_1_9' title="bbox 319 685 1787 763; baseline -0.005 -8"><span class='ocrx_word' id='word_1_60' title='bbox 319 716 420 755; x_wconf 87' lang='lat' dir='ltr'>Vide</span> <span class='ocrx_word' id='word_1_61' title='bbox 440 720 523 752; x_wconf 92' lang='lat' dir='ltr'><strong>not.</strong></span> <span class='ocrx_word' id='word_1_62' title='bbox 542 715 583 750; x_wconf 93' lang='lat' dir='ltr'>in</span> <span class='ocrx_word' id='word_1_63' title='bbox 604 712 646 749; x_wconf 90' lang='lat' dir='ltr'>L.</span> <span class='ocrx_word' id='word_1_64' title='bbox 668 685 776 749; x_wconf 83' lang='lat' dir='ltr'><strong>XVI.</strong></span> <span class='ocrx_word' id='word_1_65' title='bbox 799 713 872 751; x_wconf 88' lang='lat'>72.</span> <span class='ocrx_word' id='word_1_66' title='bbox 915 711 1010 749; x_wconf 84' lang='lat' dir='ltr'>Erat</span> <span class='ocrx_word' id='word_1_67' title='bbox 1034 711 1220 748; x_wconf 85' lang='lat' dir='ltr'>Alcetas</span> <span class='ocrx_word' id='word_1_68' title='bbox 1209 713 1367 763; x_wconf 85' lang='lat' dir='ltr'>mgenio</span> <span class='ocrx_word' id='word_1_69' title='bbox 1395 714 1495 749; x_wconf 87' lang='lat' dir='ltr'>truci</span> <span class='ocrx_word' id='word_1_70' title='bbox 1517 718 1555 748; x_wconf 89' lang='lat' dir='ltr'>et</span> <span class='ocrx_word' id='word_1_71' title='bbox 1583 713 1787 760; x_wconf 78' lang='lat' dir='ltr'>iracundo,</span> 
     </span>
     <span class='ocr_line' id='line_1_10' title="bbox 318 767 1788 822; baseline -0.004 -11"><span class='ocrx_word' id='word_1_72' title='bbox 318 774 524 822; x_wconf 85' lang='lat' dir='ltr'>fueratque</span> <span class='ocrx_word' id='word_1_73' title='bbox 547 775 750 818; x_wconf 87' lang='lat' dir='ltr'>propterea</span> <span class='ocrx_word' id='word_1_74' title='bbox 778 781 801 806; x_wconf 90' lang='lat' dir='ltr'>a</span> <span class='ocrx_word' id='word_1_75' title='bbox 833 774 942 817; x_wconf 88' lang='lat' dir='ltr'>patre</span> <span class='ocrx_word' id='word_1_76' title='bbox 969 770 1078 819; x_wconf 85' lang='lat' dir='ltr'>regia</span> <span class='ocrx_word' id='word_1_77' title='bbox 1107 767 1219 806; x_wconf 91' lang='lat' dir='ltr'>domo</span> <span class='ocrx_word' id='word_1_78' title='bbox 1242 770 1439 818; x_wconf 87' lang='lat' dir='ltr'>expulsus.</span> <span class='ocrx_word' id='word_1_79' title='bbox 1479 767 1694 805; x_wconf 85' lang='lat' dir='ltr'>Pausaniae</span> <span class='ocrx_word' id='word_1_80' title='bbox 1714 768 1788 805; x_wconf 86' lang='lat' dir='ltr'>hoc</span> 
     </span>
     <span class='ocr_line' id='line_1_11' title="bbox 320 821 1788 892; baseline -0.003 -25"><span class='ocrx_word' id='word_1_81' title='bbox 320 830 502 867; x_wconf 87' lang='lat' dir='ltr'>debemus</span> <span class='ocrx_word' id='word_1_82' title='bbox 532 826 574 863; x_wconf 94' lang='lat' dir='ltr'><strong>L.</strong></span> <span class='ocrx_word' id='word_1_83' title='bbox 597 825 628 865; x_wconf 91' lang='lat' dir='ltr'>l.</span> <span class='ocrx_word' id='word_1_84' title='bbox 655 827 727 866; x_wconf 85' lang='lat'>11</span> <span class='ocrx_word' id='word_1_85' title='bbox 749 838 793 892; x_wconf 90' lang='lat' dir='ltr'>p</span> <span class='ocrx_word' id='word_1_86' title='bbox 814 827 890 865; x_wconf 83' lang='grc'>27.</span> <span class='ocrx_word' id='word_1_87' title='bbox 921 822 1169 873; x_wconf 77' lang='grc' dir='ltr'><strong><em>Ἠπειοῶται</em></strong></span> <span class='ocrx_word' id='word_1_88' title='bbox 1194 823 1238 864; x_wconf 79' lang='grc' dir='ltr'>δὲ</span> <span class='ocrx_word' id='word_1_89' title='bbox 1261 821 1473 863; x_wconf 71' lang='grc' dir='ltr'><strong><em>Ἀλκέταν</em></strong></span> <span class='ocrx_word' id='word_1_90' title='bbox 1501 823 1566 863; x_wconf 72' lang='grc' dir='ltr'>ἐπὶ</span> <span class='ocrx_word' id='word_1_91' title='bbox 1594 823 1788 880; x_wconf 77' lang='grc' dir='ltr'><strong><em>βασιλεία</em></strong></span> 
     </span>
     <span class='ocr_line' id='line_1_12' title="bbox 315 875 1788 952; baseline -0.004 -26.984"><span class='ocrx_word' id='word_1_92' title='bbox 315 883 614 931; x_wconf 71' lang='grc' dir='ltr'><strong><em>κατεὸεςαντο,</em></strong></span> <span class='ocrx_word' id='word_1_93' title='bbox 644 875 870 952; x_wconf 68' lang='grc' dir='ltr'><strong><em>Ἀρυμβου</em></strong></span> <span class='ocrx_word' id='word_1_94' title='bbox 888 879 964 933; x_wconf 75' lang='grc' dir='ltr'><strong><em>μὲν</em></strong></span> <span class='ocrx_word' id='word_1_95' title='bbox 982 881 1112 920; x_wconf 72' lang='grc' dir='ltr'><strong><em>παῖδα</em></strong></span> <span class='ocrx_word' id='word_1_96' title='bbox 1132 897 1200 921; x_wconf 83' lang='grc' dir='ltr'>κοι</span> <span class='ocrx_word' id='word_1_97' title='bbox 1221 878 1421 952; x_wconf 42' lang='grc' dir='ltr'><strong><em>ἀδελφὸν,</em></strong></span> <span class='ocrx_word' id='word_1_98' title='bbox 1427 880 1637 920; x_wconf 76' lang='grc' dir='ltr'><strong><em>Αἶακίὸου</em></strong></span> <span class='ocrx_word' id='word_1_99' title='bbox 1657 895 1732 934; x_wconf 76' lang='grc' dir='ltr'>πρε</span> <span class='ocrx_word' id='word_1_100' title='bbox 1716 895 1788 920; x_wconf 63' lang='grc' dir='ltr'>«σ-</span> 
     </span>
     <span class='ocr_line' id='line_1_13' title="bbox 316 933 1786 1009; baseline -0.003 -28"><span class='ocrx_word' id='word_1_101' title='bbox 316 938 518 1009; x_wconf 76' lang='grc' dir='ltr'><strong><em>βυτερον,</em></strong></span> <span class='ocrx_word' id='word_1_102' title='bbox 545 937 706 1006; x_wconf 78' lang='grc' dir='ltr'><em>ἀκρατῆ</em></span> <span class='ocrx_word' id='word_1_103' title='bbox 741 936 787 977; x_wconf 77' lang='grc' dir='ltr'>ὸὲ</span> <span class='ocrx_word' id='word_1_104' title='bbox 824 935 961 985; x_wconf 75' lang='grc' dir='ltr'><strong><em>ἄλλως</em></strong></span> <span class='ocrx_word' id='word_1_105' title='bbox 990 940 1155 991; x_wconf 75' lang='grc' dir='ltr'><strong><em>θυμοῦ,</em></strong></span> <span class='ocrx_word' id='word_1_106' title='bbox 1184 937 1253 977; x_wconf 78' lang='grc' dir='ltr'>καὶ</span> <span class='ocrx_word' id='word_1_107' title='bbox 1283 935 1339 977; x_wconf 75' lang='grc' dir='ltr'>δι’</span> <span class='ocrx_word' id='word_1_108' title='bbox 1370 933 1473 977; x_wconf 66' lang='lat' dir='ltr'>avt&amp;</span> <span class='ocrx_word' id='word_1_109' title='bbox 1507 935 1786 985; x_wconf 72' lang='grc' dir='ltr'><strong><em>ἐξελασθέντα</em></strong></span> 
     </span>
     <span class='ocr_line' id='line_1_14' title="bbox 317 991 858 1049; baseline -0.017 -10"><span class='ocrx_word' id='word_1_110' title='bbox 317 995 399 1039; x_wconf 81' lang='grc' dir='ltr'>υπὸ</span> <span class='ocrx_word' id='word_1_111' title='bbox 422 998 496 1037; x_wconf 83' lang='grc' dir='ltr'>τοῦ</span> <span class='ocrx_word' id='word_1_112' title='bbox 520 991 692 1049; x_wconf 77' lang='grc' dir='ltr'><strong>πατρός.</strong></span> <span class='ocrx_word' id='word_1_113' title='bbox 720 995 858 1034; x_wconf 70' lang='lat' dir='ltr'>Wssss.</span> 
     </span>
    </p>

    <p class='ocr_par' dir='ltr' id='par_1_4' title="bbox 308 1057 1787 1896">
     <span class='ocr_line' id='line_1_15' title="bbox 433 1057 1787 1119; baseline -0.006 -14"><span class='ocrx_word' id='word_1_114' title='bbox 433 1065 540 1114; x_wconf 85' lang='grc'><strong>386.</strong></span> <span class='ocrx_word' id='word_1_115' title='bbox 575 1063 648 1105; x_wconf 84' lang='grc'>84.</span> <span class='ocrx_word' id='word_1_116' title='bbox 690 1061 799 1119; x_wconf 71' lang='grc' dir='ltr'>Περὶ</span> <span class='ocrx_word' id='word_1_117' title='bbox 829 1060 1093 1103; x_wconf 86' lang='grc' dir='ltr'><strong><em>Κασσωπιαν</em></strong></span> <span class='ocrx_word' id='word_1_118' title='bbox 1131 1057 1277 1110; x_wconf 79' lang='grc' dir='ltr'><strong><em>πόλιν]</em></strong></span> <span class='ocrx_word' id='word_1_119' title='bbox 1330 1060 1537 1110; x_wconf 83' lang='lat' dir='ltr'>Duplicem</span> <span class='ocrx_word' id='word_1_120' title='bbox 1561 1059 1787 1109; x_wconf 78' lang='lat' dir='ltr'>Cassiopen,</span> 
     </span>
     <span class='ocr_line' id='line_1_16' title="bbox 317 1117 1786 1171; baseline -0.005 -10"><span class='ocrx_word' id='word_1_121' title='bbox 317 1125 403 1162; x_wconf 86' lang='lat' dir='ltr'>sive</span> <span class='ocrx_word' id='word_1_122' title='bbox 439 1120 634 1171; x_wconf 86' lang='lat' dir='ltr'>Cassopen</span> <span class='ocrx_word' id='word_1_123' title='bbox 670 1120 905 1157; x_wconf 85' lang='lat' dir='ltr'>maritimam</span> <span class='ocrx_word' id='word_1_124' title='bbox 944 1126 984 1157; x_wconf 86' lang='lat' dir='ltr'>et</span> <span class='ocrx_word' id='word_1_125' title='bbox 1023 1119 1347 1159; x_wconf 86' lang='lat' dir='ltr'>mediterraneam</span> <span class='ocrx_word' id='word_1_126' title='bbox 1386 1118 1630 1155; x_wconf 85' lang='lat' dir='ltr'>Ptolemaeus</span> <span class='ocrx_word' id='word_1_127' title='bbox 1671 1117 1786 1155; x_wconf 84' lang='lat' dir='ltr'>habet</span> 
     </span>
     <span class='ocr_line' id='line_1_17' title="bbox 315 1174 1786 1227; baseline -0.003 -11"><span class='ocrx_word' id='word_1_128' title='bbox 315 1179 362 1218; x_wconf 85' lang='lat' dir='ltr'>L.</span> <span class='ocrx_word' id='word_1_129' title='bbox 382 1178 450 1216; x_wconf 90' lang='grc' dir='ltr'><strong>ΙΙΙ.</strong></span> <span class='ocrx_word' id='word_1_130' title='bbox 472 1179 545 1218; x_wconf 85' lang='grc'>14.</span> <span class='ocrx_word' id='word_1_131' title='bbox 537 1208 562 1227; x_wconf 77' lang='grc'>.,</span> <span class='ocrx_word' id='word_1_132' title='bbox 595 1189 756 1226; x_wconf 89' lang='lat' dir='ltr'>quarum</span> <span class='ocrx_word' id='word_1_133' title='bbox 787 1175 887 1214; x_wconf 82' lang='lat' dir='ltr'>hanc</span> <span class='ocrx_word' id='word_1_134' title='bbox 917 1175 1032 1213; x_wconf 88' lang='lat' dir='ltr'>huius</span> <span class='ocrx_word' id='word_1_135' title='bbox 1063 1189 1146 1213; x_wconf 88' lang='lat' dir='ltr'>esse</span> <span class='ocrx_word' id='word_1_136' title='bbox 1171 1178 1247 1213; x_wconf 90' lang='lat' dir='ltr'>loci</span> <span class='ocrx_word' id='word_1_137' title='bbox 1272 1175 1303 1215; x_wconf 95' lang='grc' dir='ltr'>Ι.</span> <span class='ocrx_word' id='word_1_138' title='bbox 1334 1175 1548 1212; x_wconf 88' lang='lat' dir='ltr'>Palmerius</span> <span class='ocrx_word' id='word_1_139' title='bbox 1575 1174 1786 1212; x_wconf 85' lang='lat' dir='ltr'>arbitratur</span> 
     </span>
     <span class='ocr_line' id='line_1_18' title="bbox 319 1218 1786 1283; baseline -0.003 -10"><span class='ocrx_word' id='word_1_140' title='bbox 319 1237 466 1276; x_wconf 88' lang='lat' dir='ltr'>Graec.</span> <span class='ocrx_word' id='word_1_141' title='bbox 480 1235 608 1273; x_wconf 78' lang='lat' dir='ltr'>veter.</span> <span class='ocrx_word' id='word_1_142' title='bbox 629 1232 674 1272; x_wconf 88' lang='lat' dir='ltr'><strong>L.</strong></span> <span class='ocrx_word' id='word_1_143' title='bbox 698 1232 746 1270; x_wconf 88' lang='grc' dir='ltr'>ΙΙ.</span> <span class='ocrx_word' id='word_1_144' title='bbox 767 1233 810 1272; x_wconf 88' lang='lat'>4.</span> <span class='ocrx_word' id='word_1_145' title='bbox 831 1244 877 1283; x_wconf 93' lang='grc' dir='ltr'><strong>Ρ</strong></span> <span class='ocrx_word' id='word_1_146' title='bbox 901 1235 1033 1280; x_wconf 76' lang='grc'><strong>266.,</strong></span> <span class='ocrx_word' id='word_1_147' title='bbox 1059 1246 1118 1269; x_wconf 89' lang='lat' dir='ltr'>me</span> <span class='ocrx_word' id='word_1_148' title='bbox 1138 1245 1218 1268; x_wconf 88' lang='lat' dir='ltr'>non</span> <span class='ocrx_word' id='word_1_149' title='bbox 1238 1232 1376 1270; x_wconf 86' lang='lat' dir='ltr'>invito.</span> <span class='ocrx_word' id='word_1_150' title='bbox 1417 1231 1551 1268; x_wconf 90' lang='lat' dir='ltr'>Altera</span> <span class='ocrx_word' id='word_1_151' title='bbox 1571 1232 1639 1268; x_wconf 85' lang='lat' dir='ltr'>illa</span> <span class='ocrx_word' id='word_1_152' title='bbox 1660 1218 1786 1280; x_wconf 87' lang='lat' dir='ltr'>medi-</span> 
     </span>
     <span class='ocr_line' id='line_1_19' title="bbox 316 1286 1785 1341; baseline -0.003 -12"><span class='ocrx_word' id='word_1_153' title='bbox 316 1299 516 1330; x_wconf 86' lang='lat' dir='ltr'>terraneae</span> <span class='ocrx_word' id='word_1_154' title='bbox 535 1290 690 1332; x_wconf 84' lang='lat' dir='ltr'>videtur</span> <span class='ocrx_word' id='word_1_155' title='bbox 708 1290 846 1326; x_wconf 85' lang='lat' dir='ltr'>navale</span> <span class='ocrx_word' id='word_1_156' title='bbox 868 1296 906 1326; x_wconf 92' lang='lat' dir='ltr'>et</span> <span class='ocrx_word' id='word_1_157' title='bbox 924 1296 1060 1338; x_wconf 87' lang='lat' dir='ltr'>portus</span> <span class='ocrx_word' id='word_1_158' title='bbox 1077 1289 1213 1325; x_wconf 87' lang='lat' dir='ltr'>fuisse</span> <span class='ocrx_word' id='word_1_159' title='bbox 1238 1286 1421 1337; x_wconf 84' lang='lat' dir='ltr'>Reliquas</span> <span class='ocrx_word' id='word_1_160' title='bbox 1443 1286 1648 1341; x_wconf 89' lang='lat' dir='ltr'>Cassopiae</span> <span class='ocrx_word' id='word_1_161' title='bbox 1670 1288 1785 1325; x_wconf 88' lang='lat' dir='ltr'>urbes</span> 
     </span>
     <span class='ocr_line' id='line_1_20' title="bbox 308 1345 1784 1401; baseline -0.005 -14"><span class='ocrx_word' id='word_1_162' title='bbox 308 1353 548 1387; x_wconf 82' lang='lat' dir='ltr'>annumerat</span> <span class='ocrx_word' id='word_1_163' title='bbox 567 1345 817 1385; x_wconf 89' lang='lat' dir='ltr'>Demosthen.</span> <span class='ocrx_word' id='word_1_164' title='bbox 844 1345 911 1382; x_wconf 91' lang='lat' dir='ltr'><strong>Or.</strong></span> <span class='ocrx_word' id='word_1_165' title='bbox 935 1346 980 1382; x_wconf 92' lang='lat' dir='ltr'>de</span> <span class='ocrx_word' id='word_1_166' title='bbox 1001 1345 1144 1382; x_wconf 88' lang='lat' dir='ltr'>Halon.</span> <span class='ocrx_word' id='word_1_167' title='bbox 1166 1358 1203 1394; x_wconf 90' lang='grc' dir='ltr'>Ρ.</span> <span class='ocrx_word' id='word_1_168' title='bbox 1228 1346 1315 1392; x_wconf 58' lang='lat'>52„</span> <span class='ocrx_word' id='word_1_169' title='bbox 1343 1356 1465 1401; x_wconf 82' lang='lat' dir='ltr'>neque</span> <span class='ocrx_word' id='word_1_170' title='bbox 1483 1346 1644 1382; x_wconf 88' lang='lat' dir='ltr'>multum</span> <span class='ocrx_word' id='word_1_171' title='bbox 1661 1345 1784 1382; x_wconf 85' lang='lat' dir='ltr'>refert</span> 
     </span>
     <span class='ocr_line' id='line_1_21' title="bbox 314 1398 1781 1451; baseline -0.005 -7"><span class='ocrx_word' id='word_1_172' title='bbox 314 1403 552 1446; x_wconf 82' lang='grc' dir='ltr'><strong><em>Κασωπιάν</em></strong></span> <span class='ocrx_word' id='word_1_173' title='bbox 582 1403 731 1440; x_wconf 86' lang='lat' dir='ltr'>scribas</span> <span class='ocrx_word' id='word_1_174' title='bbox 758 1414 810 1440; x_wconf 86' lang='lat' dir='ltr'>an</span> <span class='ocrx_word' id='word_1_175' title='bbox 829 1400 1106 1442; x_wconf 40' lang='lat' dir='ltr'>Kaooconzffav</span> <span class='ocrx_word' id='word_1_176' title='bbox 1156 1398 1586 1439; x_wconf 82' lang='lat' dir='ltr'>Conf.1tiner.Ant0n.</span> <span class='ocrx_word' id='word_1_177' title='bbox 1615 1413 1651 1451; x_wconf 89' lang='lat' dir='ltr'>p.</span> <span class='ocrx_word' id='word_1_178' title='bbox 1676 1402 1781 1444; x_wconf 88' lang='lat'><strong>521.</strong></span> 
     </span>
     <span class='ocr_line' id='line_1_22' title="bbox 313 1459 452 1501; baseline -0.041 0"><span class='ocrx_word' id='word_1_179' title='bbox 313 1459 452 1501; x_wconf 65' lang='grc' dir='ltr'><strong>1ΝΕ58</strong></span> 
     </span>
     <span class='ocr_line' id='line_1_23' title="bbox 331 1507 1782 1569; baseline -0.003 -10"><span class='ocrx_word' id='word_1_180' title='bbox 331 1555 333 1558; x_wconf 21' lang='grc'><strong><em>4</em></strong></span> <span class='ocrx_word' id='word_1_181' title='bbox 429 1518 536 1558; x_wconf 87' lang='grc'><strong>386.</strong></span> <span class='ocrx_word' id='word_1_182' title='bbox 565 1515 640 1556; x_wconf 89' lang='grc'>93.</span> <span class='ocrx_word' id='word_1_183' title='bbox 676 1511 924 1569; x_wconf 74' lang='grc' dir='ltr'><strong><em>Κατὲφυγεν</em></strong></span> <span class='ocrx_word' id='word_1_184' title='bbox 945 1513 1002 1561; x_wconf 71' lang='grc' dir='ltr'>εἷς</span> <span class='ocrx_word' id='word_1_185' title='bbox 1028 1509 1296 1567; x_wconf 71' lang='grc' dir='ltr'><strong><em>Ειρυμενᾶς,</em></strong></span> <span class='ocrx_word' id='word_1_186' title='bbox 1321 1507 1440 1553; x_wconf 85' lang='grc' dir='ltr'><strong><em>πολιν</em></strong></span> <span class='ocrx_word' id='word_1_187' title='bbox 1456 1510 1782 1567; x_wconf 72' lang='grc' dir='ltr'><strong><em>Ἠπειρωτικῆν]</em></strong></span> 
     </span>
     <span class='ocr_line' id='line_1_24' title="bbox 311 1569 1783 1625; baseline -0.002 -12"><span class='ocrx_word' id='word_1_188' title='bbox 311 1574 565 1625; x_wconf 73' lang='lat' dir='ltr'>Eurymenas</span> <span class='ocrx_word' id='word_1_189' title='bbox 587 1571 814 1616; x_wconf 85' lang='lat' dir='ltr'>Thessaliae</span> <span class='ocrx_word' id='word_1_190' title='bbox 843 1572 978 1609; x_wconf 88' lang='lat' dir='ltr'>urbem</span> <span class='ocrx_word' id='word_1_191' title='bbox 999 1574 1041 1609; x_wconf 87' lang='lat' dir='ltr'>in</span> <span class='ocrx_word' id='word_1_192' title='bbox 1065 1570 1288 1621; x_wconf 84' lang='lat' dir='ltr'>Magnetum</span> <span class='ocrx_word' id='word_1_193' title='bbox 1309 1570 1452 1607; x_wconf 85' lang='lat' dir='ltr'>finibus</span> <span class='ocrx_word' id='word_1_194' title='bbox 1474 1569 1622 1622; x_wconf 84' lang='lat' dir='ltr'>Scylax</span> <span class='ocrx_word' id='word_1_195' title='bbox 1641 1571 1783 1622; x_wconf 84' lang='lat' dir='ltr'>Peripl.</span> 
     </span>
     <span class='ocr_line' id='line_1_25' title="bbox 312 1626 1785 1682; baseline -0.005 -15"><span class='ocrx_word' id='word_1_196' title='bbox 312 1644 350 1682; x_wconf 88' lang='lat' dir='ltr'><strong>p.</strong></span> <span class='ocrx_word' id='word_1_197' title='bbox 374 1633 449 1673; x_wconf 83' lang='lat'>60.</span> <span class='ocrx_word' id='word_1_198' title='bbox 489 1627 710 1677; x_wconf 75' lang='lat' dir='ltr'>Stephanus</span> <span class='ocrx_word' id='word_1_199' title='bbox 727 1641 776 1665; x_wconf 89' lang='lat' dir='ltr'>ex</span> <span class='ocrx_word' id='word_1_200' title='bbox 798 1627 994 1666; x_wconf 87' lang='lat' dir='ltr'>Hecataeo</span> <span class='ocrx_word' id='word_1_201' title='bbox 1022 1633 1060 1665; x_wconf 91' lang='lat' dir='ltr'>et</span> <span class='ocrx_word' id='word_1_202' title='bbox 1088 1627 1224 1665; x_wconf 89' lang='lat' dir='ltr'>Livius</span> <span class='ocrx_word' id='word_1_203' title='bbox 1245 1627 1286 1664; x_wconf 95' lang='lat' dir='ltr'>L.</span> <span class='ocrx_word' id='word_1_204' title='bbox 1311 1626 1513 1664; x_wconf 86' lang='lat' dir='ltr'><strong>XXXIX.</strong></span> <span class='ocrx_word' id='word_1_205' title='bbox 1538 1629 1613 1667; x_wconf 82' lang='lat'>25.</span> <span class='ocrx_word' id='word_1_206' title='bbox 1634 1641 1785 1665; x_wconf 76' lang='lat' dir='ltr'>memo-</span> 
     </span>
     <span class='ocr_line' id='line_1_26' title="bbox 310 1684 1786 1737; baseline -0.002 -11"><span class='ocrx_word' id='word_1_207' title='bbox 310 1701 382 1727; x_wconf 86' lang='lat' dir='ltr'>rav</span> <span class='ocrx_word' id='word_1_208' title='bbox 386 1693 510 1725; x_wconf 87' lang='lat' dir='ltr'>erunt.</span> <span class='ocrx_word' id='word_1_209' title='bbox 535 1684 734 1723; x_wconf 91' lang='lat' dir='ltr'>Diodorus</span> <span class='ocrx_word' id='word_1_210' title='bbox 753 1685 995 1736; x_wconf 87' lang='lat' dir='ltr'>Epiroticam</span> <span class='ocrx_word' id='word_1_211' title='bbox 1015 1687 1084 1731; x_wconf 80' lang='lat' dir='ltr'>ait,</span> <span class='ocrx_word' id='word_1_212' title='bbox 1110 1696 1222 1733; x_wconf 89' lang='lat' dir='ltr'>quam</span> <span class='ocrx_word' id='word_1_213' title='bbox 1244 1697 1327 1720; x_wconf 85' lang='lat' dir='ltr'>rem</span> <span class='ocrx_word' id='word_1_214' title='bbox 1347 1684 1602 1722; x_wconf 86' lang='lat' dir='ltr'>admiratione</span> <span class='ocrx_word' id='word_1_215' title='bbox 1625 1684 1786 1737; x_wconf 86' lang='lat' dir='ltr'>dignam</span> 
     </span>
     <span class='ocr_line' id='line_1_27' title="bbox 311 1739 1784 1802; baseline -0.003 -20"><span class='ocrx_word' id='word_1_216' title='bbox 311 1744 518 1802; x_wconf 87' lang='lat' dir='ltr'>profitetur</span> <span class='ocrx_word' id='word_1_217' title='bbox 534 1741 591 1779; x_wconf 89' lang='lat' dir='ltr'>Cl.</span> <span class='ocrx_word' id='word_1_218' title='bbox 611 1742 686 1780; x_wconf 89' lang='lat' dir='ltr'>Iac.</span> <span class='ocrx_word' id='word_1_219' title='bbox 711 1741 936 1780; x_wconf 87' lang='lat' dir='ltr'>Gronovius</span> <span class='ocrx_word' id='word_1_220' title='bbox 955 1741 1004 1779; x_wconf 88' lang='lat' dir='ltr'>ad</span> <span class='ocrx_word' id='word_1_221' title='bbox 1018 1740 1270 1790; x_wconf 86' lang='lat' dir='ltr'>Stephanum.</span> <span class='ocrx_word' id='word_1_222' title='bbox 1301 1739 1399 1778; x_wconf 85' lang='lat' dir='ltr'>Mihi</span> <span class='ocrx_word' id='word_1_223' title='bbox 1419 1741 1553 1778; x_wconf 88' lang='lat' dir='ltr'>eadem</span> <span class='ocrx_word' id='word_1_224' title='bbox 1572 1753 1652 1778; x_wconf 91' lang='lat' dir='ltr'>non</span> <span class='ocrx_word' id='word_1_225' title='bbox 1672 1742 1784 1780; x_wconf 85' lang='lat' dir='ltr'>vide-</span> 
     </span>
     <span class='ocr_line' id='line_1_28' title="bbox 311 1794 1784 1854; baseline -0.001 -16"><span class='ocrx_word' id='word_1_226' title='bbox 311 1808 391 1852; x_wconf 81' lang='lat' dir='ltr'>tur,</span> <span class='ocrx_word' id='word_1_227' title='bbox 417 1801 626 1854; x_wconf 84' lang='lat' dir='ltr'>additoque</span> <span class='ocrx_word' id='word_1_228' title='bbox 646 1794 805 1846; x_wconf 75' lang='grc' dir='ltr'><strong><em>πόλεως</em></strong></span> <span class='ocrx_word' id='word_1_229' title='bbox 820 1796 1116 1853; x_wconf 64' lang='grc' dir='ltr'>Ἠπειρωτικῆς</span> <span class='ocrx_word' id='word_1_230' title='bbox 1140 1799 1255 1836; x_wconf 88' lang='lat' dir='ltr'>titulo</span> <span class='ocrx_word' id='word_1_231' title='bbox 1276 1809 1301 1844; x_wconf 87' lang='lat' dir='ltr'>a</span> <span class='ocrx_word' id='word_1_232' title='bbox 1319 1796 1546 1836; x_wconf 84' lang='lat' dir='ltr'>Thessalica</span> <span class='ocrx_word' id='word_1_233' title='bbox 1570 1797 1784 1836; x_wconf 87' lang='lat' dir='ltr'>clarissime</span> 
     </span>
     <span class='ocr_line' id='line_1_29' title="bbox 309 1850 653 1896; baseline -0.012 0"><span class='ocrx_word' id='word_1_234' title='bbox 309 1854 491 1896; x_wconf 86' lang='lat' dir='ltr'>discerni.</span> <span class='ocrx_word' id='word_1_235' title='bbox 500 1850 653 1894; x_wconf 61' lang='lat' dir='ltr'>“wass</span> 
     </span>
    </p>
   </div>
   <div class='ocr_carea' id='block_1_3' title="bbox 310 1917 1783 2023">
    <p class='ocr_par' dir='ltr' id='par_1_5' title="bbox 310 1917 1783 2023">
     <span class='ocr_line' id='line_1_30' title="bbox 366 1917 1783 2023; baseline -0.004 -57"><span class='ocrx_word' id='word_1_236' title='bbox 366 1924 533 2023; x_wconf 50' lang='grc' dir='ltr'><strong>7838Ῡζ.</strong></span> <span class='ocrx_word' id='word_1_237' title='bbox 569 1925 641 1965; x_wconf 89' lang='grc'>13.</span> <span class='ocrx_word' id='word_1_238' title='bbox 671 1921 766 1965; x_wconf 84' lang='grc' dir='ltr'>Ὁτι</span> <span class='ocrx_word' id='word_1_239' title='bbox 789 1938 883 1978; x_wconf 82' lang='grc' dir='ltr'><strong><em>την</em></strong></span> <span class='ocrx_word' id='word_1_240' title='bbox 896 1920 1088 1979; x_wconf 75' lang='grc' dir='ltr'><strong><em>φρουρὰν</em></strong></span> <span class='ocrx_word' id='word_1_241' title='bbox 1116 1917 1337 1975; x_wconf 74' lang='grc' dir='ltr'><strong><em>ἕκβαλόντε</em></strong></span> <span class='ocrx_word' id='word_1_242' title='bbox 1342 1924 1388 1970; x_wconf 85' lang='grc' dir='ltr'>ς]</span> <span class='ocrx_word' id='word_1_243' title='bbox 1426 1921 1513 1960; x_wconf 89' lang='lat' dir='ltr'><strong>Vid.</strong></span> <span class='ocrx_word' id='word_1_244' title='bbox 1546 1919 1661 1960; x_wconf 86' lang='lat' dir='ltr'>huius</span> <span class='ocrx_word' id='word_1_245' title='bbox 1688 1921 1783 1961; x_wconf 87' lang='lat' dir='ltr'>libri</span> 
     </span>
     <span class='ocr_line' id='line_1_31' title="bbox 310 1981 608 2020; baseline -0.011 0"><span class='ocrx_word' id='word_1_246' title='bbox 310 1995 345 2020; x_wconf 90' lang='lat' dir='ltr'>c.</span> <span class='ocrx_word' id='word_1_247' title='bbox 512 1981 608 2017; x_wconf 58' lang='lat' dir='ltr'>&#39;Ess.</span> 
     </span>
    </p>
   </div>
   <div class='ocr_carea' id='block_1_4' title="bbox 310 2029 1782 2146">
    <p class='ocr_par' dir='ltr' id='par_1_6' title="bbox 310 2029 1782 2143">
     <span class='ocr_line' id='line_1_32' title="bbox 427 2029 1782 2090; baseline -0.003 -13"><span class='ocrx_word' id='word_1_248' title='bbox 427 2038 534 2078; x_wconf 87' lang='grc'><strong>387</strong></span> <span class='ocrx_word' id='word_1_249' title='bbox 569 2040 645 2079; x_wconf 91' lang='grc'>28</span> <span class='ocrx_word' id='word_1_250' title='bbox 683 2030 831 2076; x_wconf 73' lang='grc' dir='ltr'><strong><em>Αὐτόν</em></strong></span> <span class='ocrx_word' id='word_1_251' title='bbox 860 2052 904 2077; x_wconf 82' lang='grc' dir='ltr'>τε</span> <span class='ocrx_word' id='word_1_252' title='bbox 937 2031 1205 2090; x_wconf 74' lang='grc' dir='ltr'><strong><em>κατὲσᾳαξαν</em></strong></span> <span class='ocrx_word' id='word_1_253' title='bbox 1233 2034 1301 2075; x_wconf 82' lang='grc' dir='ltr'>καὶ</span> <span class='ocrx_word' id='word_1_254' title='bbox 1334 2029 1408 2075; x_wconf 75' lang='grc' dir='ltr'>δυο</span> <span class='ocrx_word' id='word_1_255' title='bbox 1442 2036 1527 2075; x_wconf 80' lang='grc' dir='ltr'><strong><em>τῶν</em></strong></span> <span class='ocrx_word' id='word_1_256' title='bbox 1556 2031 1685 2085; x_wconf 77' lang='grc' dir='ltr'><strong><em>υιῶν]</em></strong></span> <span class='ocrx_word' id='word_1_257' title='bbox 1733 2033 1782 2072; x_wconf 85' lang='lat' dir='ltr'>In</span> 
     </span>
     <span class='ocr_line' id='line_1_33' title="bbox 310 2088 1780 2146; baseline 0 -15"><span class='ocrx_word' id='word_1_258' title='bbox 310 2107 474 2146; x_wconf 84' lang='lat' dir='ltr'>regnum</span> <span class='ocrx_word' id='word_1_259' title='bbox 494 2094 618 2131; x_wconf 82' lang='lat' dir='ltr'>redux</span> <span class='ocrx_word' id='word_1_260' title='bbox 639 2094 714 2131; x_wconf 84' lang='lat' dir='ltr'>sibi</span> <span class='ocrx_word' id='word_1_261' title='bbox 744 2094 937 2131; x_wconf 88' lang='lat' dir='ltr'>subiectos</span> <span class='ocrx_word' id='word_1_262' title='bbox 955 2094 1163 2131; x_wconf 88' lang='lat' dir='ltr'>furibunde</span> <span class='ocrx_word' id='word_1_263' title='bbox 1191 2093 1406 2130; x_wconf 79' lang='lat' dir='ltr'>adflixerat.</span> <span class='ocrx_word' id='word_1_264' title='bbox 1434 2091 1520 2131; x_wconf 78' lang='grc' dir='ltr'>Καὶ</span> <span class='ocrx_word' id='word_1_265' title='bbox 1549 2088 1643 2131; x_wconf 77' lang='grc' dir='ltr'><strong><em>τότε</em></strong></span> <span class='ocrx_word' id='word_1_266' title='bbox 1667 2088 1780 2143; x_wconf 69' lang='grc' dir='ltr'><strong><em>ν’]κων</em></strong></span> 
     </span>
    </p>
   </div>
   <div class='ocr_carea' id='block_1_5' title="bbox 308 2143 1781 2256">
    <p class='ocr_par' dir='ltr' id='par_1_7' title="bbox 308 2143 1781 2256">
     <span class='ocr_line' id='line_1_34' title="bbox 308 2143 1780 2218; baseline -0.001 -31"><span class='ocrx_word' id='word_1_267' title='bbox 308 2148 504 2218; x_wconf 86' lang='lat' dir='ltr'>(Alcetas)</span> <span class='ocrx_word' id='word_1_268' title='bbox 530 2148 760 2201; x_wconf 69' lang='grc' dir='ltr'><strong><em>ἐξεμαίνετο</em></strong></span> <span class='ocrx_word' id='word_1_269' title='bbox 783 2147 911 2196; x_wconf 73' lang='grc' dir='ltr'><strong><em>εὐθυς</em></strong></span> <span class='ocrx_word' id='word_1_270' title='bbox 934 2149 974 2196; x_wconf 75' lang='grc' dir='ltr'>ἐς</span> <span class='ocrx_word' id='word_1_271' title='bbox 996 2147 1095 2195; x_wconf 75' lang='grc' dir='ltr'><strong><em>τοὺς</em></strong></span> <span class='ocrx_word' id='word_1_272' title='bbox 1111 2145 1377 2201; x_wconf 78' lang='grc' dir='ltr'>Ἠπειρώτας·</span> <span class='ocrx_word' id='word_1_273' title='bbox 1410 2145 1494 2193; x_wconf 73' lang='grc' dir='ltr'>ἕς“</span> <span class='ocrx_word' id='word_1_274' title='bbox 1471 2165 1491 2187; x_wconf 90' lang='grc' dir='ltr'><strong><em>ο</em></strong></span> <span class='ocrx_word' id='word_1_275' title='bbox 1517 2143 1678 2200; x_wconf 77' lang='grc' dir='ltr'><strong><em>νύκτωρ</em></strong></span> <span class='ocrx_word' id='word_1_276' title='bbox 1705 2146 1780 2187; x_wconf 79' lang='grc' dir='ltr'>αὗ-</span> 
     </span>
     <span class='ocr_line' id='line_1_35' title="bbox 308 2202 1781 2256; baseline -0.003 -9"><span class='ocrx_word' id='word_1_277' title='bbox 308 2203 383 2247; x_wconf 85' lang='grc' dir='ltr'><strong><em>τόν</em></strong></span> <span class='ocrx_word' id='word_1_278' title='bbox 407 2222 449 2246; x_wconf 76' lang='grc' dir='ltr'>τε</span> <span class='ocrx_word' id='word_1_279' title='bbox 472 2206 540 2245; x_wconf 86' lang='grc' dir='ltr'>καὶ</span> <span class='ocrx_word' id='word_1_280' title='bbox 569 2221 669 2252; x_wconf 85' lang='grc' dir='ltr'><strong><em>τους</em></strong></span> <span class='ocrx_word' id='word_1_281' title='bbox 697 2204 891 2253; x_wconf 76' lang='grc' dir='ltr'><strong><em>παῖδας</em></strong></span> <span class='ocrx_word' id='word_1_282' title='bbox 873 2202 1179 2253; x_wconf 74' lang='grc' dir='ltr'><strong><em>επαναστάντες</em></strong></span> <span class='ocrx_word' id='word_1_283' title='bbox 1211 2203 1392 2245; x_wconf 60' lang='grc' dir='ltr'><strong><em>ἔκτειναν</em></strong></span> <span class='ocrx_word' id='word_1_284' title='bbox 1419 2204 1632 2243; x_wconf 85' lang='lat' dir='ltr'>Pausanias</span> <span class='ocrx_word' id='word_1_285' title='bbox 1652 2207 1781 2256; x_wconf 84' lang='lat' dir='ltr'>inquit</span> 
     </span>
    </p>
   </div>
   <div class='ocr_carea' id='block_1_6' title="bbox 306 2263 1780 2900">
    <p class='ocr_par' dir='ltr' id='par_1_8' title="bbox 308 2263 839 2314">
     <span class='ocr_line' id='line_1_36' title="bbox 308 2263 839 2314; baseline -0.006 -12"><span class='ocrx_word' id='word_1_286' title='bbox 308 2263 353 2314; x_wconf 94' lang='lat' dir='ltr'>L.</span> <span class='ocrx_word' id='word_1_287' title='bbox 376 2263 408 2303; x_wconf 86' lang='lat'>1.</span> <span class='ocrx_word' id='word_1_288' title='bbox 436 2265 508 2304; x_wconf 87' lang='grc'>11.</span> <span class='ocrx_word' id='word_1_289' title='bbox 535 2276 572 2313; x_wconf 88' lang='grc' dir='ltr'>Ρ.</span> <span class='ocrx_word' id='word_1_290' title='bbox 595 2265 672 2303; x_wconf 84' lang='grc'>27.</span> <span class='ocrx_word' id='word_1_291' title='bbox 702 2263 839 2300; x_wconf 81' lang='lat' dir='ltr'>WEss.</span> 
     </span>
    </p>

    <p class='ocr_par' dir='ltr' id='par_1_9' title="bbox 306 2324 1780 2547">
     <span class='ocr_line' id='line_1_37' title="bbox 425 2324 1780 2382; baseline -0.002 -12"><span class='ocrx_word' id='word_1_292' title='bbox 425 2332 532 2372; x_wconf 89' lang='grc'><strong>387.</strong></span> <span class='ocrx_word' id='word_1_293' title='bbox 564 2331 638 2370; x_wconf 90' lang='grc'>33.</span> <span class='ocrx_word' id='word_1_294' title='bbox 687 2326 748 2370; x_wconf 76' lang='grc' dir='ltr'>Οὐ</span> <span class='ocrx_word' id='word_1_295' title='bbox 779 2327 943 2376; x_wconf 77' lang='grc' dir='ltr'><strong><em>πλείους</em></strong></span> <span class='ocrx_word' id='word_1_296' title='bbox 964 2329 1050 2369; x_wconf 81' lang='grc' dir='ltr'><strong><em>τῶν</em></strong></span> <span class='ocrx_word' id='word_1_297' title='bbox 1079 2324 1335 2370; x_wconf 77' lang='grc' dir='ltr'><strong><em>ὀκτακοσίων</em></strong></span> <span class='ocrx_word' id='word_1_298' title='bbox 1354 2335 1426 2369; x_wconf 91' lang='lat' dir='ltr'>etc.</span> <span class='ocrx_word' id='word_1_299' title='bbox 1439 2327 1458 2382; x_wconf 88' lang='grc'>]</span> <span class='ocrx_word' id='word_1_300' title='bbox 1498 2327 1635 2367; x_wconf 84' lang='lat' dir='ltr'>Paullo</span> <span class='ocrx_word' id='word_1_301' title='bbox 1663 2329 1780 2367; x_wconf 90' lang='lat' dir='ltr'>aliter</span> 
     </span>
     <span class='ocr_line' id='line_1_38' title="bbox 307 2384 1779 2439; baseline -0.001 -15"><span class='ocrx_word' id='word_1_302' title='bbox 307 2387 510 2437; x_wconf 78' lang='lat' dir='ltr'>Appianas</span> <span class='ocrx_word' id='word_1_303' title='bbox 535 2387 580 2424; x_wconf 90' lang='lat' dir='ltr'>de</span> <span class='ocrx_word' id='word_1_304' title='bbox 606 2386 696 2437; x_wconf 85' lang='lat' dir='ltr'><strong>Syr.</strong></span> <span class='ocrx_word' id='word_1_305' title='bbox 717 2385 815 2424; x_wconf 91' lang='lat' dir='ltr'>Bell.</span> <span class='ocrx_word' id='word_1_306' title='bbox 838 2400 875 2436; x_wconf 89' lang='lat' dir='ltr'>p.</span> <span class='ocrx_word' id='word_1_307' title='bbox 902 2388 1007 2427; x_wconf 89' lang='lat'><strong>196.</strong></span> <span class='ocrx_word' id='word_1_308' title='bbox 1036 2385 1104 2425; x_wconf 81' lang='grc' dir='ltr'>καὶ</span> <span class='ocrx_word' id='word_1_309' title='bbox 1127 2384 1272 2436; x_wconf 72' lang='grc' dir='ltr'><strong><em>πεζοις</em></strong></span> <span class='ocrx_word' id='word_1_310' title='bbox 1302 2385 1342 2433; x_wconf 77' lang='grc' dir='ltr'>ἐς</span> <span class='ocrx_word' id='word_1_311' title='bbox 1364 2401 1487 2426; x_wconf 82' lang='grc' dir='ltr'><strong><em>τουτο</em></strong></span> <span class='ocrx_word' id='word_1_312' title='bbox 1518 2384 1587 2439; x_wconf 86' lang='lat' dir='ltr'>(ad</span> <span class='ocrx_word' id='word_1_313' title='bbox 1607 2385 1779 2436; x_wconf 85' lang='lat' dir='ltr'>Babylo-</span> 
     </span>
     <span class='ocr_line' id='line_1_39' title="bbox 306 2440 1776 2500; baseline 0 -18"><span class='ocrx_word' id='word_1_314' title='bbox 306 2457 397 2483; x_wconf 88' lang='lat' dir='ltr'>nem</span> <span class='ocrx_word' id='word_1_315' title='bbox 417 2444 742 2492; x_wconf 77' lang='lat' dir='ltr'>recuperandam,</span> <span class='ocrx_word' id='word_1_316' title='bbox 770 2440 1036 2496; x_wconf 88' lang='lat' dir='ltr'>Ptolemaeus)</span> <span class='ocrx_word' id='word_1_317' title='bbox 1063 2440 1212 2483; x_wconf 69' lang='grc' dir='ltr'><strong><em>ἔδωκεν</em></strong></span> <span class='ocrx_word' id='word_1_318' title='bbox 1235 2440 1350 2500; x_wconf 75' lang='grc' dir='ltr'><strong><em>αὐτῷ</em></strong></span> <span class='ocrx_word' id='word_1_319' title='bbox 1375 2442 1535 2495; x_wconf 84' lang='grc' dir='ltr'><strong><em>χιλίους</em></strong></span> <span class='ocrx_word' id='word_1_320' title='bbox 1563 2458 1632 2482; x_wconf 85' lang='grc' dir='ltr'>και</span> <span class='ocrx_word' id='word_1_321' title='bbox 1660 2457 1776 2496; x_wconf 79' lang='grc' dir='ltr'><strong><em>τρια,-</em></strong></span> 
     </span>
     <span class='ocr_line' id='line_1_40' title="bbox 307 2498 823 2547; baseline -0.014 -5"><span class='ocrx_word' id='word_1_322' title='bbox 307 2500 474 2547; x_wconf 78' lang='grc' dir='ltr'><strong><em>κοσιους</em></strong></span> <span class='ocrx_word' id='word_1_323' title='bbox 497 2498 655 2547; x_wconf 55' lang='lat' dir='ltr'>{ang-ag</span> <span class='ocrx_word' id='word_1_324' title='bbox 686 2500 823 2537; x_wconf 59' lang='lat' dir='ltr'><strong>WVESS.</strong></span> 
     </span>
    </p>

    <p class='ocr_par' dir='ltr' id='par_1_10' title="bbox 307 2562 1775 2900">
     <span class='ocr_line' id='line_1_41' title="bbox 425 2562 1775 2620; baseline -0.002 -13"><span class='ocrx_word' id='word_1_325' title='bbox 425 2569 548 2609; x_wconf 85' lang='grc'><strong>387.</strong></span> <span class='ocrx_word' id='word_1_326' title='bbox 564 2568 637 2607; x_wconf 88' lang='grc'>57.</span> <span class='ocrx_word' id='word_1_327' title='bbox 678 2563 754 2606; x_wconf 87' lang='grc' dir='ltr'><strong><em>Ἔν</em></strong></span> <span class='ocrx_word' id='word_1_328' title='bbox 773 2566 849 2618; x_wconf 71' lang='grc' dir='ltr'><strong><em>μὲν</em></strong></span> <span class='ocrx_word' id='word_1_329' title='bbox 871 2582 952 2620; x_wconf 54' lang='grc' dir='ltr'>ραρ</span> <span class='ocrx_word' id='word_1_330' title='bbox 977 2565 1232 2620; x_wconf 74' lang='grc' dir='ltr'><strong><em>Βραγχίδαις</em></strong></span> <span class='ocrx_word' id='word_1_331' title='bbox 1261 2563 1390 2606; x_wconf 74' lang='grc' dir='ltr'><strong><em>αὐτου</em></strong></span> <span class='ocrx_word' id='word_1_332' title='bbox 1416 2562 1775 2619; x_wconf 73' lang='grc' dir='ltr'><strong><em>χρηστηριαζομέ-</em></strong></span> 
     </span>
     <span class='ocr_line' id='line_1_42' title="bbox 307 2617 1773 2674; baseline -0.003 -10"><span class='ocrx_word' id='word_1_333' title='bbox 307 2622 413 2674; x_wconf 85' lang='grc' dir='ltr'><strong><em>νου]</em></strong></span> <span class='ocrx_word' id='word_1_334' title='bbox 454 2623 571 2661; x_wconf 91' lang='lat' dir='ltr'>Aliud</span> <span class='ocrx_word' id='word_1_335' title='bbox 594 2637 846 2672; x_wconf 77' lang='lat' dir='ltr'>responsum,</span> <span class='ocrx_word' id='word_1_336' title='bbox 873 2624 1036 2661; x_wconf 83' lang='lat' dir='ltr'>Seleuco</span> <span class='ocrx_word' id='word_1_337' title='bbox 1069 2625 1113 2661; x_wconf 88' lang='lat' dir='ltr'>de</span> <span class='ocrx_word' id='word_1_338' title='bbox 1142 2625 1275 2662; x_wconf 85' lang='lat' dir='ltr'>futura</span> <span class='ocrx_word' id='word_1_339' title='bbox 1303 2626 1490 2663; x_wconf 81' lang='lat' dir='ltr'>felicitate</span> <span class='ocrx_word' id='word_1_340' title='bbox 1522 2624 1567 2660; x_wconf 90' lang='lat' dir='ltr'>ab</span> <span class='ocrx_word' id='word_1_341' title='bbox 1593 2617 1773 2672; x_wconf 86' lang='lat' dir='ltr'>Apolline</span> 
     </span>
     <span class='ocr_line' id='line_1_43' title="bbox 308 2678 1772 2731; baseline -0.002 -13"><span class='ocrx_word' id='word_1_342' title='bbox 308 2680 502 2731; x_wconf 86' lang='lat' dir='ltr'>Didymeo</span> <span class='ocrx_word' id='word_1_343' title='bbox 535 2681 728 2718; x_wconf 82' lang='lat' dir='ltr'>redditum</span> <span class='ocrx_word' id='word_1_344' title='bbox 765 2681 865 2718; x_wconf 90' lang='lat' dir='ltr'>idem</span> <span class='ocrx_word' id='word_1_345' title='bbox 899 2681 1065 2730; x_wconf 84' lang='lat' dir='ltr'>Appian.</span> <span class='ocrx_word' id='word_1_346' title='bbox 1089 2682 1180 2718; x_wconf 89' lang='lat' dir='ltr'>ibid.</span> <span class='ocrx_word' id='word_1_347' title='bbox 1211 2695 1244 2731; x_wconf 90' lang='lat' dir='ltr'>p.</span> <span class='ocrx_word' id='word_1_348' title='bbox 1272 2683 1376 2721; x_wconf 77' lang='lat'><strong>198.</strong></span> <span class='ocrx_word' id='word_1_349' title='bbox 1419 2681 1604 2716; x_wconf 83' lang='lat' dir='ltr'>servavit.</span> <span class='ocrx_word' id='word_1_350' title='bbox 1654 2678 1772 2716; x_wconf 89' lang='lat' dir='ltr'>Forte</span> 
     </span>
     <span class='ocr_line' id='line_1_44' title="bbox 307 2734 1774 2788; baseline -0.002 -14"><span class='ocrx_word' id='word_1_351' title='bbox 307 2744 512 2786; x_wconf 82' lang='lat' dir='ltr'>utrumque</span> <span class='ocrx_word' id='word_1_352' title='bbox 529 2751 660 2788; x_wconf 86' lang='lat' dir='ltr'>regem</span> <span class='ocrx_word' id='word_1_353' title='bbox 681 2739 802 2775; x_wconf 87' lang='lat' dir='ltr'>movit</span> <span class='ocrx_word' id='word_1_354' title='bbox 825 2737 1043 2784; x_wconf 77' lang='lat' dir='ltr'>Seleucum,</span> <span class='ocrx_word' id='word_1_355' title='bbox 1073 2745 1115 2774; x_wconf 89' lang='lat' dir='ltr'>ut</span> <span class='ocrx_word' id='word_1_356' title='bbox 1135 2737 1299 2775; x_wconf 88' lang='lat' dir='ltr'>Milesiis</span> <span class='ocrx_word' id='word_1_357' title='bbox 1317 2736 1357 2782; x_wconf 76' lang='grc' dir='ltr'>ἐς</span> <span class='ocrx_word' id='word_1_358' title='bbox 1380 2734 1618 2788; x_wconf 70' lang='grc' dir='ltr'><strong><em>Βραγχίδας</em></strong></span> <span class='ocrx_word' id='word_1_359' title='bbox 1638 2738 1774 2772; x_wconf 75' lang='lat' dir='ltr'>remit-</span> 
     </span>
     <span class='ocr_line' id='line_1_45' title="bbox 308 2791 1771 2843; baseline -0.001 -13"><span class='ocrx_word' id='word_1_360' title='bbox 308 2798 407 2831; x_wconf 86' lang='lat' dir='ltr'>teret</span> <span class='ocrx_word' id='word_1_361' title='bbox 426 2795 621 2843; x_wconf 84' lang='lat' dir='ltr'>Apollinis</span> <span class='ocrx_word' id='word_1_362' title='bbox 642 2791 825 2831; x_wconf 86' lang='lat' dir='ltr'>aheneam</span> <span class='ocrx_word' id='word_1_363' title='bbox 847 2801 1034 2841; x_wconf 83' lang='lat' dir='ltr'>statuam,</span> <span class='ocrx_word' id='word_1_364' title='bbox 1061 2806 1173 2842; x_wconf 87' lang='lat' dir='ltr'>quam</span> <span class='ocrx_word' id='word_1_365' title='bbox 1197 2796 1288 2830; x_wconf 87' lang='lat' dir='ltr'>olim</span> <span class='ocrx_word' id='word_1_366' title='bbox 1308 2792 1463 2829; x_wconf 86' lang='lat' dir='ltr'>Xerxes</span> <span class='ocrx_word' id='word_1_367' title='bbox 1485 2792 1685 2830; x_wconf 77' lang='lat' dir='ltr'>Ecbatana</span> <span class='ocrx_word' id='word_1_368' title='bbox 1704 2791 1771 2828; x_wconf 91' lang='lat' dir='ltr'>de-</span> 
     </span>
     <span class='ocr_line' id='line_1_46' title="bbox 307 2849 1526 2900; baseline -0.001 -14"><span class='ocrx_word' id='word_1_369' title='bbox 307 2851 459 2900; x_wconf 88' lang='lat' dir='ltr'>portari</span> <span class='ocrx_word' id='word_1_370' title='bbox 480 2853 669 2899; x_wconf 84' lang='lat' dir='ltr'>iusserat,</span> <span class='ocrx_word' id='word_1_371' title='bbox 701 2850 803 2900; x_wconf 86' lang='lat' dir='ltr'>apud</span> <span class='ocrx_word' id='word_1_372' title='bbox 823 2850 990 2888; x_wconf 89' lang='lat' dir='ltr'>Pausan.</span> <span class='ocrx_word' id='word_1_373' title='bbox 1008 2850 1050 2888; x_wconf 92' lang='lat' dir='ltr'>L.</span> <span class='ocrx_word' id='word_1_374' title='bbox 1072 2850 1102 2887; x_wconf 84' lang='grc' dir='ltr'>Ι.</span> <span class='ocrx_word' id='word_1_375' title='bbox 1130 2851 1200 2891; x_wconf 89' lang='lat'>16.</span> <span class='ocrx_word' id='word_1_376' title='bbox 1229 2860 1266 2899; x_wconf 88' lang='lat' dir='ltr'>p.</span> <span class='ocrx_word' id='word_1_377' title='bbox 1289 2851 1362 2890; x_wconf 85' lang='lat'>39.</span> <span class='ocrx_word' id='word_1_378' title='bbox 1392 2849 1526 2886; x_wconf 68' lang='lat' dir='ltr'>Wnss.</span> 
     </span>
    </p>
   </div>
  </div>
 </body>
</html>
