1891 3310
453 198 519 238 1N
548 173 1056 262 1.1}3..xlx.-0A1³.'8.
1083 219 1131 230 -
1157 201 1227 241 τι.
1475 208 1568 253 273

224 311 332 352 324.
363 311 438 352 95.
488 307 684 362 Ῥωμαῖοι
717 333 766 343 ·-
798 308 1065 362 διεπολέμουν
1093 308 1199 365 πρὸς
1230 311 1471 367 Σαμνίτας]
1508 315 1568 355 De

109 367 315 406 Samnitici
333 369 422 406 belli
450 367 654 406 duratione
684 380 763 406 non
795 368 998 405 admodum
1026 368 1222 411 discordat
1241 369 1375 408 Livius
1400 371 1441 408 L.
1463 372 1566 411 VIII.

107 426 184 465 23.
214 423 326 463 Ferri
345 427 460 462 etiam
477 423 686 471 Σαυνίτας
708 437 756 461 ex
775 423 869 475 Reg.
894 438 970 463 see.
990 431 1163 474 poterat,
1194 428 1373 474 quoniam
1397 429 1565 476 plerum-

106 492 180 529 que
203 482 257 518 ita
283 488 437 532 gentem
467 481 663 528 adpellant
696 477 775 520 ἀπὸ
810 483 893 519 τῶν
923 480 1112 521 Σαυνίων
1144 480 1303 529 Graeci,
1333 483 1492 521 docente
1515 487 1564 523 ad

106 536 289 574 Strabon.
320 537 364 575 L.
390 537 435 574 V.
466 549 502 586 p.
529 537 635 578 383.
675 540 760 575 viro
788 550 953 587 magno,
989 538 1067 574 nisi
1094 537 1270 575 Eustath.
1303 543 1343 575 in
1379 538 1563 590 Dionysii

103 592 298 644 Perieges.
319 606 358 632 V.
381 593 487 633 375.
516 591 730 643 Σαμνίτας
753 592 967 638 Diodorum
985 595 1180 642 praeferre
1198 596 1435 644 monuisset,
1465 605 1503 633 et
1522 598 1563 636 hi

103 649 144 687 id
167 651 260 686 libri
280 651 537 697 loquerentur.
566 649 702 686 VVESS.

217 706 324 745 324.
349 707 391 745 2.
421 704 508 744 Καὶ
529 718 703 758 προσαγ.
732 703 1000 757 Κανυσίους]
1039 704 1129 743 Non
1149 719 1306 744 moveor
1334 711 1563 747 auctoritate

103 774 235 799 earum
259 760 504 809 schedarum,
532 773 628 810 quae
654 760 918 807 Κανουσίονς
948 769 1184 811 praeoptant.
1219 763 1425 814 Vulgatum
1450 773 1562 803 tuen-

106 823 173 854 tur
186 817 421 854 Graeoorum
440 819 613 867 plerique
634 824 673 854 et
691 817 832 855 Latini.
873 817 959 854 vid.
987 817 1059 856 Ph.
1096 817 1249 855 Cluver.
1280 819 1366 859 Ital.
1397 823 1487 860 Ant.
1512 822 1557 862 L,

99 873 168 913 lv.
190 887 226 924 p.
243 875 378 914 1221.
406 872 465 910 De
484 887 525 911 re
546 876 629 924 ipsa
648 876 704 911 sic
725 874 859 911 Livius
883 872 926 910 L.
944 872 1016 912 IX.
1032 876 1107 914 20.
1134 882 1175 911 et
1193 889 1242 912 ει·
1257 876 1403 927 Apulia
1429 877 1560 915 Thea-

99 942 241 968 nenses
273 929 560 981 Canusinique,
588 930 916 981 populationibus
936 929 1070 976 fessi,
1101 931 1295 969 obsidibus
1326 933 1368 970 L.
1394 934 1555 975 Plautio

101 986 254 1023 consuli
278 987 398 1033 datis,
429 988 469 1025 in
488 988 724 1024 deditionem
739 993 941 1024 venerunt.
974 985 1075 1027 Tum
1096 994 1182 1035 post
1202 1000 1344 1036 pauca:
1379 991 1433 1027 Ec
1452 993 1555 1028 duae

97 1041 250 1081 Romae
275 1044 440 1080 additae
473 1043 622 1092 tribus,
670 1043 869 1090 Ufentina
903 1056 953 1079 ac
984 1041 1195 1082 Fater-ina.
1246 1043 1358 1081 Unde
1386 1056 1558 1095 apertum

94 1101 223 1137 cuivis
244 1100 341 1146 erit,
370 1102 453 1137 iure
473 1102 697 1148 rescriptam
718 1112 801 1136 esse
820 1096 896 1151 τὴν
911 1096 1171 1151 Ὠφεντίναν,
1198 1111 1272 1148 quo
1293 1102 1406 1139 modo
1421 1110 1467 1140 'et
1490 1102 1557 1140 Si-

95 1156 238 1205 gonius
261 1158 355 1192 citat
382 1155 431 1192 ad
452 1169 538 1193 eum
565 1155 670 1193 Livii
698 1157 848 1203 locum,
875 1157 1164 1205 legitimamque
1192 1169 1275 1193 esse
1309 1158 1557 1212 Φαλερίναν,

96 1218 142 1248 ut
173 1211 313 1249 ibidem
336 1210 522 1263 Sigonius
545 1225 594 1248 ex
614 1225 684 1249 suo
708 1213 852 1250 codice.
883 1212 1018 1249 WESS.
1102 1217 1105 1220 '

209 1268 316 1308 324.
349 1270 390 1308 6.
438 1265 560 1321 Πρὸς
588 1267 664 1319 μὲν
694 1267 920 1320 Βρεττίους
942 1262 1209 1318 διελύσαντο]
1249 1266 1348 1305 Vide
1366 1270 1490 1307 obiter
1510 1271 1556 1309 de

93 1335 140 1360 eo
161 1323 262 1361 bello
284 1326 505 1374 loquentem
536 1336 617 1372 cap.
638 1325 680 1364 4.
713 1323 825 1362 huius
843 1325 954 1372 libri,
978 1331 1016 1361 et
1045 1324 1091 1360 de
1123 1323 1347 1362 Menedemo
1379 1326 1421 1362 L.
1441 1326 1554 1365 XXI.

93 1378 228 1431 Eclog.
250 1380 315 1418 IV.
345 1381 413 1419 ubi
438 1379 754 1419 crotoniatarum
783 1388 991 1432 tyrannum
1021 1381 1143 1418 fuisse
1174 1381 1319 1419 factum
1348 1383 1554 1422 indicatur.

92 1435 228 1474 wnss.
957 1467 961 1469 .

207 1492 313 1533 325.
335 1493 408 1534 30.
431 1490 790 1547 Προσλαβόμενος
808 1488 1390 1546 ΑἶακίὸηντὸνἸΙπειρώτην]
1412 1495 1558 1545 Pyrrhi

92 1550 198 1600 regis
218 1557 388 1600 patrem,
418 1562 529 1598 quem
547 1549 713 1590 Αἴακον
744 1550 942 1600 Dexippus
971 1557 1009 1586 et
1031 1548 1238 1600 Syncellus
1265 1562 1466 1599 perperam
1487 1554 1556 1594 ad,-

91 1607 264 1657 pellant,
291 1607 391 1655 apud
413 1607 577 1646 Pausan.
599 1607 642 1644 L.
664 1607 692 1647 1.
721 1609 740 1647 1
754 1609 790 1648 l.
808 1620 844 1655 p.
859 1608 933 1646 27.
963 1613 1002 1643 et
1021 1605 1158 1645 lustin.
1175 1605 1217 1642 L.
1231 1606 1340 1646 XIV.
1362 1609 1399 1646 5.
1418 1608 1553 1647 Wnss.

205 1663 312 1702 325.
342 1664 414 1702 33.
443 1660 519 1702 Ἕν
540 1661 679 1709 Εὐίοις
699 1666 775 1715 τῆς
795 1660 1094 1714 ΜακεόὌνίας]
1131 1661 1189 1699 De
1221 1664 1360 1700 mendo
1385 1668 1553 1715 cogitare

89 1717 184 1755 noli.
225 1718 405 1756 Meminit
435 1720 542 1757 urbis
569 1723 611 1758 in
640 1719 933 1757 Dasseratarum
961 1719 1104 1755 finibus
1136 1721 1283 1767 positae
1313 1719 1555 1760 Ptolemaeus

90 1772 136 1821 L.
156 1773 223 1812 111.
251 1776 320 1815 13.
342 1789 379 1824 p.
403 1777 477 1815 93.
510 1776 646 1813 Wssss.

205 1832 312 1870 325.
338 1833 409 1871 50.
434 1827 787 1885 Παρανομήσασα
807 1828 906 1878 τοὺς
923 1831 1009 1881 αα]
1040 1829 1172 1868 Malim
1193 1829 1248 1877 εἷς
1270 1827 1378 1877 τούς.
1394 1830 1551 1873 STEPH.

206 1888 311 1926 325·
338 1888 410 1927 54.
437 1885 510 1935 ιἘξ
543 1886 612 1940 ἔτη
641 1887 709 1926 καὶ
731 1891 868 1940 μῆνας
897 1885 1128 1940 τέτταρας]
1160 1887 1331 1924 Iustinus
1361 1889 1454 1925 ibid.
1484 1903 1553 1927 sex

89 1943 204 1980 annis
229 1950 317 1992 post
345 1944 608 1982 Alexandrum
629 1948 795 1994 potitum
818 1945 937 1981 fuisse
956 1957 1077 1994 regno
1099 1946 1164 1980 ait.
1206 1943 1360 1991 Septem
1379 1958 1472 1982 vero
1493 1948 1552 1983 illi

28 2038 33 2042 ,
89 2000 345 2037 contribuunt
373 2000 613 2050 Porphyrius
642 2007 680 2038 et
708 2000 932 2049 Dexippus,
961 1999 1206 2046 inchoatum,
1233 2007 1277 2037 ut
1302 2002 1448 2048 solent,
1482 2015 1551 2051 pro

88 2055 265 2093 absoluto
283 2065 539 2094 numerantes.
575 2057 700 2095 Porro
721 2059 931 2106 inpotentis
950 2058 1103 2095 vetulae
1122 2063 1207 2105 post
1225 2056 1389 2094 reditum
1413 2070 1462 2094 ex
1483 2072 1550 2094 ex-

89 2112 180 2149 silio
211 2119 381 2150 atrocem
401 2113 615 2151 vindictam
640 2120 678 2151 et
699 2115 885 2151 nefariam
903 2116 943 2150 in
972 2120 1158 2163 cognatos
1183 2113 1450 2151 crudelitatem
1471 2128 1551 2152 non

88 2169 289 2218 praeteriit
306 2169 520 2207 Pausanias
540 2170 581 2206 L.
605 2170 632 2207 1.
657 2171 732 2209 25.
766 2177 803 2206 et
822 2170 862 2206 L.
886 2169 988 2206 VIII.
1015 2172 1056 2209 7.
1091 2169 1282 2206 Nimirum

260 2247 310 2253 —-
348 2247 397 2254 —
431 2248 480 2254 —
517 2226 722 2276 Regnabit
736 2228 930 2275 sanguine
953 2227 1087 2272 multo,

256 2282 323 2320 Ad
342 2296 506 2332 regnum
530 2285 710 2334 quisquis
729 2285 839 2320 venit
855 2283 903 2319 ab
929 2284 1084 2329 exsilio,

88 2349 181 2376 vere
200 2337 303 2375 dixit
321 2340 491 2376 incertus
512 2347 647 2376 auctor
666 2340 767 2389 apud
788 2339 947 2376 Sueton.
975 2338 1105 2374 Tiber.
1125 2350 1157 2373 c.
1182 2337 1254 2377 59.
1283 2336 1419 2374 Wnss.

205 2394 311 2435 326·
341 2396 415 2435 65·
451 2393 538 2434 Τὸν
560 2395 635 2446 μὲν
657 2394 790 2447 ἄνδρα
811 2394 1106 2447 περιέστειλεν]
1143 2394 1367 2443 Interpretis
1390 2394 1548 2432 obvela-

87 2450 151 2487 vit
164 2452 382 2501 generalius
401 2458 472 2488 est.
503 2451 694 2488 Moritura
712 2455 848 2502 regina
869 2453 1066 2488 morientis
1097 2452 1224 2487 mariti
1246 2463 1382 2498 corpus
1405 2463 1549 2498 conpo-

89 2508 189 2553 suit,
217 2508 461 2556 vestibusque
480 2508 670 2555 involvit,
698 2516 742 2545 ut
760 2510 840 2545 fato
863 2509 1016 2544 functos
1042 2508 1178 2543 solent.
1209 2506 1391 2555 Iosephus
1413 2507 1546 2554 Antiq.

88 2562 131 2600 L.
154 2562 270 2600 XIX.
298 2565 341 2603 4.
370 2566 406 2604 l.
446 2564 514 2602 καὶ
544 2561 621 2616 γὰρ
646 2561 719 2603 τὸν
747 2561 890 2614 νεκρὸν
922 2561 1150 2613 περιέπλεξε
1180 2565 1253 2601 τοῦ
1286 2563 1438 2607 salos,
1479 2562 1546 2599 zai

87 2615 346 2669 ἀναθέμενος
367 2619 430 2658 ἐπὶ
457 2619 596 2670 κλίνης
616 2619 684 2658 καὶ
717 2618 1139 2659 ΠΕΡΙΣΊῈῙΛΛΣ
1165 2617 1207 2656 ἐκ
1228 2620 1311 2657 τῶν
1333 2615 1548 2667 ἐνδεχομέ-

88 2689 171 2713 νων
191 2683 263 2712 etc.
296 2676 441 2713 Auctor
461 2679 542 2725 ipse
558 2676 739 2724 Excerpt.
764 2677 889 2712 Vales.
908 2689 944 2724 p.
968 2677 1075 2715 282.
1101 2672 1302 2720 ἀναλέξας
1334 2673 1378 2712 δὲ
1401 2672 1451 2712 τι).
1471 2675 1546 2711 τοῦ

90 2726 284 2781 σώματος
313 2729 416 2772 ὀστᾶ
451 2732 519 2770 καὶ
540 2728 853 2785 ([ιλανθρώπως
881 2730 1302 2771 ΙῚΕΡΙΣΤΕΙΛΛΣ
1326 2727 1547 2768 ἀπέστειλε.

87 2785 194 2824 Haec
214 2788 259 2825 de
280 2789 410 2826 verbo.
438 2787 529 2826 Fuit
549 2789 768 2838 Eurydice,
797 2790 974 2838 primitus
996 2787 1109 2824 Adea
1132 2787 1249 2833 dicta,
1275 2788 1406 2836 magni
1428 2786 1548 2822 animi

88 2843 253 2891 femina,
294 2844 463 2895 Philippi
485 2847 632 2895 neptis,
662 2845 742 2883 filia
771 2844 964 2896 Amyntae
994 2851 1034 2881 et
1059 2842 1216 2894 Cynnes
1246 2844 1329 2879 sive
1357 2840 1550 2891 Cynanes,

150 2901 243 2936 Vnt.
275 2899 322 2938 II.
1213 2899 1270 2938 18
