1859 3326
314 223 446 255 CXXX
942 217 1144 250 HEYNE

322 319 498 356 tosthene
526 317 727 362 antiquior.
771 317 864 351 Eius
891 314 1028 349 Strabo
1055 315 1284 349 mentionem
1313 315 1405 349 facit
1429 315 1552 352 1ib.11.
1573 325 1607 360 p,
1621 316 1697 353 130.
1724 317 1766 350 A.

323 380 375 413 Et
389 378 598 421 Antigonus
612 374 808 418 Carystius
825 383 855 405 c.
870 374 947 409 160.
967 373 1108 406 excitat
1125 371 1293 406 Philonis
1310 373 1525 410 Αἰθιοπικά.

416 435 471 468 Ad
490 445 522 478 p.
539 442 643 469 xcxn.
668 430 879 465 Secundum
903 439 960 472 ea,
985 440 1080 475 quae
1093 430 1138 463 ab
1152 430 1307 464 Heeren
1327 435 1456 464 nostro
1475 431 1666 474 disputata
1683 433 1771 463 sunt

324 495 370 528 de
398 491 632 526 commerciis
660 487 930 532 antiquissimis
953 497 1022 531 per
1038 487 1295 531 Aethiopiam,
1325 487 1666 532 nonimprobabile
1686 489 1770 520 fieri

323 551 456 590 video,
491 548 590 593 quod
614 546 674 580 hic
694 545 845 579 difficile
872 544 919 577 ad
934 545 1210 589 assequendum
1222 545 1311 577 mihi
1331 545 1451 578 visum
1476 549 1576 578 eratx
1604 545 1774 588 potuisse

324 610 427 652 ipsos
445 606 647 648 Aethiopes
673 604 812 636 cultum
843 602 1005 647 aliquem
1028 606 1065 636 et
1083 602 1326 635 humanitatis
1344 605 1382 635 et
1401 601 1625 646 religionum
1643 602 1681 634 in
1700 603 1774 634 Ae-'

325 667 482 708 gyptum
509 662 686 695 inducere
717 659 923 703 habitatam
952 660 1024 693 iam
1053 670 1075 693 a
1102 660 1249 704 populis
1270 659 1502 692 diversarum
1521 659 1684 692 tribuum
1706 668 1775 692 seu

329 722 519 765 gentium,
550 718 618 751 sed
643 717 833 750 ferocibus
863 721 903 750 et
923 717 1094 757 incultis3
1130 717 1315 762 siquidem
1343 716 1464 749 tribus
1487 717 1526 748 in
1542 716 1675 750 Meroe
1700 716 1775 749 iam

330 777 605 822 antiquioribus
633 775 823 808 aetatibus
850 773 968 808 fuisse
994 774 1145 807 videtur
1173 772 1360 807 certarum
1384 773 1608 816 religionum
1631 773 1780 813 cultrix,

332 837 502 878 adeoque
528 842 641 876 super
665 835 813 864 ceteras
834 831 956 864 tribus
983 841 1027 864 ac
1047 831 1203 874 populos
1232 831 1402 863 eminens
1422 832 1646 863 auctoritate
1667 835 1706 863 et
1723 830 1783 863 di*

331 894 488 937 gnitate.
544 890 658 923 Dicas
687 890 859 934 quidem,
893 899 962 922 nec
989 888 1111 921 minus
1139 898 1186 920 ex
1209 887 1404 920 Thebaide
1430 887 1468 920 in
1490 880 1648 921 Meroen
1676 887 1779 920 illam

334 953 536 995 penetrare
560 949 741 990 potuisse.
786 945 881 980 Sunt
896 951 1025 979 tamen
1041 945 1168 989 plura,
1202 955 1297 989 quae
1316 945 1478 977 alterum
1497 945 1621 987 potius
1640 943 1781 977 sactum

333 1015 496 1050 arguere
526 1005 689 1048 possint,
722 1007 765 1036 ut
789 1014 836 1036 ex
856 1003 988 1036 Meroe
1007 1002 1056 1034 'ad
1074 1001 1295 1035 inferiorem
1315 1001 1440 1035 Nilum
1461 1001 1696 1035 commerciis
1714 1000 1783 1034 ho-

334 1066 475 1097 minum
503 1065 542 1095 ct
566 1072 694 1095 rerum
720 1062 776 1094 ita
803 1061 1025 1094 ducentibus
1050 1060 1295 1093 deterrentur
1317 1058 1509 1100 homines;
1547 1059 1618 1092 etsi
1642 1058 1705 1091 vel
1728 1059 1783 1091 sic

333 1121 419 1155 fieri
445 1119 586 1163 potuit,
619 1121 662 1151 ut
688 1119 933 1163 sequentibus
960 1117 1149 1150 aetatibus
1177 1117 1316 1150 iterum
1343 1126 1411 1159 per
1432 1116 1639 1159 Aegyptios
1663 1115 1784 1159 Aegya

333 1179 481 1223 ptiacae
506 1176 714 1223 religiones
738 1177 778 1208 in
794 1175 1030 1219 Aethiopiam
1053 1164 1307 1216 inferrentur,
1336 1177 1379 1206 ut
1395 1172 1533 1206 factum
1554 1175 1701 1206 constat
1716 1181 1786 1216 per

334 1237 506 1269 militum·
526 1233 811 1277 transfugarum.
835 1242 973 1276 agmen
998 1225 1264 1265 Psammetichi
1288 1232 1392 1274 regis
1419 1234 1559 1265 aetate.
1598 1229 1785 1263 Herodot.

332 1294 384 1330 11.
413 1294 475 1329 30,
500 1292 708 1334 Aegyptios
730 1301 753 1323 a
780 1290 940 1333 Nigritis
966 1290 1150 1333 originem
1182 1288 1354 1328 duxisse,
1387 1286 1550 1320 dubitari
1576 1288 1638 1320 vix
1659 1290 1787 1330 potest

334 1352 451 1384 etiam
466 1352 553 1393 post
571 1357 616 1381 ea
636 1358 732 1392 quae
759 1347 930 1380 Meiner's
942 1369 952 1387 ,
981 1346 1137 1390 Collega
1154 1345 1394 1380 coniunctiss.
1413 1345 1460 1378 de
1477 1349 1647 1378 veterum
1662 1345 1785 1388 Aegy-

333 1409 498 1453 ptiorum
525 1406 671 1449 origine
698 1405 807 1438 docte
839 1408 877 1437 et
902 1407 1012 1436 acute
1037 1403 1253 1446 disputavit.
1300 1403 1449 1435 Utinam
1478 1401 1633 1446 antiqua
1653 1411 1787 1433 monn--

335 1469 607 1499 mentacoram
626 1463 765 1496 intueri
785 1459 937 1495 liceret!
971 1460 1070 1494 forte
1090 1462 1188 1493 enim
1214 1459 1402 1493 declarari
1422 1469 1468 1493 ex
1489 1460 1534 1492 iis
1557 1459 1696 1502 possit,
1727 1459 1786 1491 di—

333 1532 467 1556 versas
493 1531 516 1554 a
541 1520 655 1564 vulgo
671 1521 788 1554 facies
805 1531 849 1553 ac
865 1520 991 1552 vuitus
1008 1518 1125 1552 fuisse
1144 1517 1404 1558 sacerdotium
1436 1518 1491 1549 ita
1515 1515 1616 1549 omni
1642 1515 1786 1549 dubita-

334 1581 439 1612 tione
462 1577 815 1622 supersederemus,
847 1578 1074 1610 diversaene
1095 1576 1252 1620 originis
1277 1575 1353 1607 ista
1370 1574 1492 1608 tribus
1510 1572 1644 1616 fuerit,
1675 1573 1787 1607 adeo-

337 1647 410 1681 que
428 1635 692 1679 Aethiopicae,
716 1645 788 1668 non
809 1634 1034 1678 Nigriticae.

424 1692 628 1736 Aethiopes
654 1691 857 1725 Macron-2103
878 1693 915 1725 in
933 1681 1018 1735 ipsa
1040 1688 1169 1723 Meroe·
1190 1689 1302 1723 sedes
1324 1686 1502 1722 habuisse
1527 1687 1784 1722 coniectabam

338 1756 490 1793 pxclv.
536 1749 786 1783 Meminerant
803 1749 954 1793 quidem
973 1748 1071 1792 apud
1087 1747 1324 1781 Herodotum
1344 1746 1417 1779 dici
1436 1756 1502 1780 eos
1524 1744 1715 1779 habitasse
1734 1745 1789 1778 ἐπὶ

334 1808 432 1851 ’νοτίῃ
454 1805 636 1852 θαλάσσῃ,
670 1811 707 1840 et
733 1809 765 1843 ἐς
787 1806 830 1839 τὰ
858 1806 1058 1848 Ξ’σχατατῆς
1070 1807 1129 1849 γῆς
1148 1804 1428 1849 expeditionem
1444 1803 1595 1836 factam.
1643 1802 1787 1837 Verum

336 1873 408 1896 nec
432 1864 556 1896 minus
582 1863 639 1897 his
665 1865 820 1898 vocibus
837 1865 1030 1897 notionem
1049 1862 1160 1895 valde
1175 1862 1289 1894 latam
1315 1861 1490 1894 etiaxam
1511 1861 1667 1894 subesse
1688 1860 1787 1893 bene
1831 1873 1835 1876 ·

336 1922 604 1963 memineram3
639 1924 734 1964 ’νοτίῃ
760 1921 928 1954 θάλασσα
956 1924 1015 1954 est
1038 1929 1129 1953 sane
1155 1928 1259 1951 mare
1280 1918 1470 1951 >orientale
1493 1916 1641 1951 Africae
1664 1917 1786 1951 libffl.

334 1977 391 2014 42.
405 1996 421 2018 ,’
438 1977 500 2009 ubi
513 1976 720 2011 Phoenices
739 1979 774 2011 ἐκ
793 1978 852 2020 τῆς
868 1978 1020 2024 ἓρυθρῆς
1035 1976 1218 2018 θαλάσσης
1235 1977 1354 2009 ἕπλεῦν
1370 1973 1432 2016 τὴν
1446 1977 1561 2017 ’νοτίην
1580 1971 1786 2013 θάλασοϊινς

337 2034 434 2067 adde
455 2034 517 2070 ΙΙΙ.
537 2036 613 2070 11.:
647 2046 716 2068 nec
735 2035 858 2068 minus
875 2039 1003 2068 tamen
1021 2035 1115 2076 νοτίη
1132 2032 1302 2067 θάλασσα
1327 2031 1374 2065 de
1399 2032 1483 2064 sinu
1509 2030 1666 2064 Arabico
1687 2032 1788 2063 acci-

335 2091 475 2135 pienda
488 2096 552 2124 est
568 2091 652 2124 aliis
670 2093 783 2132 locis,
819 2096 860 2125 ut
885 2092 950 2125 lib.
967 2091 1015 2126 ΙΙ.
1037 2092 1113 2127 158.
1139 2092 1216 2127 159.
1261 2090 1335 2124 Vix
1362 2091 1490 2121 autem
1514 2087 1666 2131 assequi
1684 2087 1787 2128 lieet,

339 2148 526 2192 quomodo
542 2147 696 2190 homini,
719 2159 860 2182 vesano
880 2158 1040 2193 quoque,
1065 2148 1104 2180 in
1121 2147 1286 2179 animum
1303 2146 1433 2179 venire
1447 2144 1651 2188 potuisset,
1678 2153 1785 2176 exer-

336 2206 450 2237 citum
475 2205 612 2240 ducere
640 2207 779 2239 itinere
807 2205 879 2238 XX
904 2205 986 2238 fere
1006 2204 1211 2248 gradu-um,
1248 2207 1287 2236 et
1310 2202 1460 2247 quidem
1479 2200 1613 2244 partim
1635 2210 1702 2244 per
1723 2200 1785 2233 de-

335 2265 457 2302 serta,
483 2264 617 2304 partim
635 2273 703 2306 per
716 2267 839 2296 terras
864 2261 1079 2305 frequentia
1096 2270 1232 2304 magna
1252 2258 1443 2292 hominum
1463 2257 1671 2298 habitatas3
1698 2267 1783 2289 nam

333 2317 507 2351 adeunda
526 2318 661 2351 fuisset
678 2319 831 2361 Meroe,
852 2329 934 2351 cum
956 2310 1128 2352 omnibus
1146 2319 1279 2357 teri-is,
1313 2326 1408 2359 quae
1433 2325 1531 2347 nunc
1546 2315 1782 2348 Abessffliam

336 2379 375 2407 et
399 2375 494 2408 Adel
518 2386 676 2419 regnum
706 2377 951 2409 constituunt.
1005 2375 1110 2414 Quae
1129 2375 1201 2407 nisi
1226 2377 1372 2414 essent,
1406 2372 1499 2404 nihii
1517 2372 1636 2404 videri
1653 2376 1782 2415 posset
1823 2396 1830 2402 ,

332 2433 650 2465 accommodatius
668 2433 885 2466 coniectura
898 2433 943 2466 V.
960 2432 1000 2468 C.
1017 2432 1171 2464 Heeren
1184 2455 1193 2471 ,
1218 2430 1266 2462 ad
1284 2433 1492 2462 extremam
1511 2439 1614 2462 oram
1632 2428 1782 2462 Africae

334 2489 550 2530 01·ientali8‚
584 2491 683 2523 circa
706 2488 868 2530 Soffala,
899 2489 980 2522 auri
1003 2488 1146 2521 metalli
1166 2487 1343 2527 divitem,
1376 2486 1654 2529 expeditionem
1674 2495 1782 2528 para-

331 2548 408 2577 tam
440 2545 568 2585 fuisse.
629 2546 714 2580 Non
741 2546 892 2590 quidem
915 2555 974 2578 me
996 2548 1141 2584 movet,
1177 2543 1277 2588 quod
1305 2543 1403 2586 apud
1422 2543 1577 2576 Diodor.
1595 2543 1712 2578 11.33.
1740 2546 1779 2575 et

331 2601 579 2638 Strauxvn,
599 2613 633 2646 p.
646 2604 743 2640 1139.
762 2605 803 2639 A.
840 2603 973 2636 Meroe
990 2612 1014 2635 a
1032 2601 1217 2644 Cambyse
1235 2601 1386 2634 condita
1404 2600 1449 2633 ab
1467 2601 1548 2632 eius
1565 2609 1695 2633 sorore
1713 2610 1776 2632 no-

330 2669 416 2692 men
436 2660 626 2702 accepisse
645 2660 790 2693 dicitur.
836 2660 1064 2693 Fabulosum
1090 2658 1161 2693 hoc
1185 2661 1262 2699 est3
1291 2656 1513 2701 Aethiopes,
1540 2667 1632 2700 quos
1653 2656 1716 2689 ille
1736 2657 1775 2688 in

327 2715 562 2760 profectione
587 2717 637 2750 ad
658 2716 873 2751 Macrobius
897 2717 1118 2760 subegerat,
1175 2715 1267 2758 ipsis
1290 2714 1453 2758 Aegypti
1478 2712 1613 2746 finibus
1637 2712 1788 2746 inside-v

327 2772 436 2808 bant:
467 2772 532 2807 lib.
551 2773 616 2812 111.
643 2777 698 2814 97.
743 2773 825 2811 Nec
851 2778 979 2810 tamen
1000 2773 1133 2810 Meroe
1152 2771 1433 2808 Macrobiorum
1456 2769 1567 2805 sedes
1596 2778 1679 2804 esse
1705 2779 1773 2813 po-
