1891 3310
128 176 138 194 θ’

384 208 459 241 DE
491 209 812 242 FONTIBUS
847 210 1010 244 IIIST.
1044 211 1332 246 D10DOR1.
1497 217 1600 251 LXV

134 303 292 340 hendas.
340 305 545 352 Perperam
572 309 671 341 enim
696 309 816 350 multi,
847 310 878 342 si
902 309 1050 343 fabulas
1078 311 1248 353 audiunt,
1272 312 1492 358 intelligunt
1513 326 1598 349 esse

135 366 412 398 commentitias
443 369 481 398 et
511 367 634 399 fictas.
682 367 799 401 Immo
836 378 927 401 vero
965 367 1085 412 mythi
1112 380 1181 402 seu
1206 369 1358 403 fabulae
1385 373 1599 416 antiquissi-

132 429 232 454 mam
259 432 384 455 rerum
411 425 632 457 memoriam
658 426 906 466 constituunt,
933 435 1108 460 sermone
1131 429 1369 472 antiquorum
1389 427 1598 470 hominum,

133 483 172 511 et
194 481 400 512 carminum
425 481 613 514 suavitate
638 482 846 524 redditam,
874 494 1032 528 cumque
1059 485 1084 516 ii
1110 484 1232 529 mythi
1258 495 1330 518 non
1352 487 1462 519 unius
1485 498 1599 531 gene-

130 538 184 570 ris
218 541 256 570 et
290 542 446 571 naturae
473 540 568 571 sint.-
606 549 671 571 eos
707 540 880 583 quidem,
917 543 979 586 qui
1013 541 1186 575 ultimam
1220 544 1373 586 generis
1410 546 1597 588 originem

131 594 430 637 adumbrabant,
475 599 578 629 recte
613 596 659 629 ab
693 595 906 640 historicis,
950 599 1013 631 ubi
1047 599 1094 632 de
1131 600 1340 644 originibus
1374 603 1599 646 populorum

129 653 318 697 agendum
346 658 461 694 esset,
484 655 620 697 repeti,
658 658 835 699 tanquam
862 658 1101 690 narrationes
1128 668 1151 691 a
1176 659 1382 693 maioribus
1407 664 1597 703 acceptas,

129 721 242 745 nemo
266 716 401 757 neget3
441 718 480 745 at
509 717 596 745 sunt
625 713 701 745 alia
736 724 831 757 quae
859 714 1088 757 reprehendi
1116 716 1215 750 forte
1240 719 1403 760 possint:
1434 720 1596 763 primum

129 770 229 814 quod
257 780 321 811 ea,
356 780 453 815 quae
476 770 522 803 de
550 771 659 802 tinius
682 772 811 814 populi
838 774 985 816 origine
1012 777 1166 806 narrata
1192 780 1439 818 acceperant,
1466 777 1520 809 uti
1547 776 1595 810 de

127 828 259 871 primis
294 827 480 862 Graeciae
507 828 743 861 incunabulis
768 839 790 861 a
816 831 894 862 vita
928 831 1096 864 silvestri
1130 841 1175 864 ac
1208 831 1332 865 ferina
1361 833 1596 877 repetendis,

95 885 175 921 ⁴ad
209 896 442 918 communem
481 887 635 930 generis
669 884 822 919 humani
858 888 1044 931 originem
1079 887 1226 922 referre
1264 890 1460 932 solebant3
1514 895 1594 924 tum

127 944 228 987 quod
256 955 321 977 eos
348 954 495 988 quoque
521 942 684 987 mythos,
712 945 774 988 qui
800 944 845 977 ab
872 947 1112 989 antiquorum
1139 945 1330 980 hominum
1353 949 1594 992 opinionibus

125 1001 173 1035 de
209 1012 335 1035 rerum
370 1003 518 1045 origine
555 1011 732 1034 sermone
769 1003 892 1045 prisco
929 1008 968 1036 et
1002 1005 1168 1037 carmine
1208 1007 1392 1048 expositis
1430 1007 1595 1050 profecti

126 1063 254 1101 erant,
292 1059 462 1092 historiis
496 1060 574 1091 suis
609 1058 895 1103 praefigebant3
938 1072 1013 1106 ‚quo
1048 1060 1188 1094 factum
1217 1067 1297 1105 est,
1341 1068 1383 1096 ut
1411 1063 1595 1106 historici,

127 1118 190 1162 qui
222 1118 445 1161 populorum
482 1118 651 1161 origines
686 1118 839 1151 ultimas
874 1123 1051 1162 repetere
1084 1120 1249 1162 vellent,
1292 1120 1440 1154 fabulas
1470 1123 1592 1155 omnis

125 1177 279 1219 generis
306 1177 343 1208 in
370 1175 494 1209 fronte
521 1174 766 1208 historiarum
791 1181 1045 1219 apponerent,
1073 1179 1186 1222 inque
1212 1178 1270 1211 his
1297 1190 1383 1221 eas,
1412 1190 1507 1223 quae
1530 1190 1593 1212 an-

123 1235 423 1279 tiquissimorum
451 1232 643 1267 hominum
671 1233 951 1278 physiologiam
981 1238 1019 1268 et
1044 1234 1241 1269 historiam
1269 1238 1480 1271 naturalem
1508 1249 1594 1271 con-

121 1294 313 1334 tinerent3
344 1291 659 1337 quemadmodum
687 1294 806 1326 nostri
833 1295 904 1342 viri
930 1293 1029 1326 docti
1057 1292 1256 1326 historiam
1281 1294 1505 1328 catholicam
1531 1305 1593 1328 ex-

119 1352 280 1395 posituri
307 1351 352 1383 ab
380 1360 506 1382 rerum
540 1350 779 1393 primordiis,
817 1351 1009 1385 interdum
1046 1362 1195 1396 quoque
1228 1363 1250 1385 a
1282 1351 1593 1397 philosoplmrum

123 1410 363 1454 opinionibus
393 1418 509 1451 super
537 1408 665 1441 mundi
694 1410 863 1454 origine,
902 1410 1049 1442 initium
1085 1410 1335 1444 institutionis
1371 1410 1499 1443 facere
1534 1421 1592 1444 so-

118 1468 202 1501 lent
224 1473 253 1501 1.
302 1467 462 1510 Recepit
483 1467 613 1510 itaque
641 1471 679 1499 et
705 1466 774 1500 has
802 1467 950 1500 fabulas
975 1466 1165 1500 Diodorus
1187 1469 1224 1500 in
1248 1467 1490 1501 historiarum
1513 1478 1592 1501 cor-

121 1536 203 1571 pus,
228 1528 265 1559 in
285 1536 330 1559 eo
350 1524 431 1570 [99]
452 1524 588 1557 saltem
606 1524 831 1566 laudandus,
858 1525 956 1570 quod
976 1536 1048 1558 non
1069 1535 1245 1570 magnam
1270 1527 1485 1570 scriptionis
1508 1535 1591 1570 par-

119 1587 196 1617 tem
217 1585 255 1616 in
274 1585 321 1616 iis
341 1584 561 1616 consumsit.
608 1583 705 1616 Nam
729 1583 933 1617 admodum
957 1583 1128 1617 breviter
1150 1584 1192 1625 (1,
1215 1584 1251 1617 6.
1275 1586 1307 1618 7.
1329 1585 1379 1627 8.)
1409 1595 1467 1623 ea,
1492 1595 1589 1629 quae

118 1651 142 1674 a
169 1641 404 1686 physiologis
430 1641 572 1674 tradita
598 1645 746 1681 essent,
783 1643 944 1686 repetit,
984 1645 1061 1674 tum
1089 1643 1160 1675 viri
1187 1642 1384 1687 prudentis
1408 1643 1589 1676 iudicium

118 1703 157 1732 et
182 1701 219 1732 in
245 1698 316 1732 hoc
341 1710 382 1732 se
408 1700 554 1743 prodit,
590 1699 690 1744 quod
716 1699 855 1732 fabulis
886 1701 1164 1743 cosmogonicis
1187 1701 1326 1744 placita
1350 1699 1589 1744 philosopho-

115 1768 199 1791 rum
225 1758 459 1791 Graecorum
487 1757 693 1792 substituit.
743 1758 997 1802 Anaxagorea
1024 1759 1124 1790 enim
1151 1769 1197 1791 ea
1223 1769 1329 1798 esse,
1367 1768 1462 1803 quae
1491 1769 1588 1791 com-

94 1816 363 1856 ·memoravit,
398 1817 469 1848 etsi
494 1820 651 1848 auctore
677 1826 751 1849 non
777 1817 960 1860 apposito,
991 1815 1103 1849 facile
1132 1817 1285 1861 assequi
1312 1816 1422 1857 licet3
1461 1825 1588 1860 ‹fliam-

114 1874 173 1905 vis
199 1877 303 1906 recte
330 1873 501 1914 mireris,
537 1875 676 1906 mentis
702 1874 853 1907 divinae
883 1884 1010 1906 rerum
1038 1873 1181 1906 formas
1214 1875 1395 1918 lingentis
1431 1875 1591 1907 mentio-

117 1941 202 1964 nem
230 1942 314 1964 eum
342 1930 468 1963 facere
497 1930 649 1963 nullam.
696 1931 779 1965 Nec
801 1942 895 1965 vero
924 1942 970 1964 ex
996 1932 1077 1975 ipso
1100 1932 1328 1975 Anaxagora
1356 1931 1450 1964 haec
1483 1941 1588 1974 repe-

116 1990 186 2022 tita
215 2000 299 2023 esse
332 1989 526 2032 suspicor,
567 1989 635 2021 sed
662 1999 709 2022 ex
736 1990 863 2034 aliquo
890 1991 1099 2033 scriptore,
1142 1989 1205 2033 qui
1229 1990 1304 2021 iam
1330 1993 1419 2022 ante
1445 1988 1587 2022 Diodo—

114 2057 198 2080 rum
226 2047 320 2080 haec
348 2047 481 2079 eadem
511 2047 548 2078 in
577 2044 821 2080 historiarum
847 2047 1020 2080 ordinem
1049 2046 1264 2089 redegerat.

208 2106 306 2138 Tres
336 2105 455 2137 libros
487 2102 658 2137 historiis
687 2105 937 2138 barbarorum
966 2105 1188 2148 populorum
1219 2115 1260 2136 se
1288 2103 1484 2137 destinare
1510 2105 1586 2137 iam

115 2161 161 2194 ab
188 2164 296 2196 initio
324 2162 520 2205 professus
548 2161 742 2195 Diodorus
769 2164 898 2196 nescio
927 2174 973 2195 an
1007 2161 1198 2205 Ephorum
1228 2163 1266 2194 in
1294 2160 1364 2194 hoc
1390 2166 1584 2194 auctorem

113 2219 309 2262 habuerit3
351 2231 437 2253 eum
464 2220 600 2252 saltem
626 2220 810 2253 barbaras
839 2225 976 2265 gentes
1004 2220 1162 2253 Graecis
1189 2221 1425 2265 antiquiores
1457 2222 1585 2253 existi-

113 2288 239 2318 masse
267 2282 306 2311 et
327 2282 459 2311 narrat
492 2282 530 2310 et
551 2279 770 2321 ,improbat;
809 2289 849 2312 se
885 2278 931 2312 (le
967 2280 1012 2310 iis
1052 2283 1206 2311 narrata
1238 2279 1508 2321 praemittere,
1544 2283 1585 2311 ut

114 2336 293 2380 deinceps
319 2336 553 2370 Graecorum
579 2334 761 2370 historias
784 2341 1078 2382 persequentem
1108 2335 1201 2370 nihil
1226 2337 1273 2370 ad
1298 2336 1425 2371 aliena
1451 2340 1585 2369 avocet

114 2397 162 2437 (c.
190 2394 256 2436 9.),

206 2554 224 2587 1
252 2551 306 2587 Cs.
332 2552 413 2586 Not.
439 2552 477 2585 in
503 2550 716 2596 Apollodor.
742 2548 779 2585 P.
805 2551 867 2584 ΙΙΙ.
894 2551 977 2584 iude
1000 2565 1018 2584 a
1043 2565 1096 2596 pr.

160 2905 310 2940 Vo‚1..11.
331 2907 497 2939 Anvrtxri.
1239 2920 1258 2940 e
