1891 3310
404 159 470 199 1N
510 155 624 198 ιιΒ.
666 155 765 195 xv.
806 153 934 192 CAP.
974 153 1203 194 30.-32.
1487 157 1550 197 23

87 291 202 330 agros
223 280 384 328 possunt
397 274 555 325 vagari,
583 272 737 320 copiose
762 268 977 306 declaravit
1000 265 1120 305 Isaac.
1140 263 1394 304 casaubonus*
1410 267 1457 304 ad
1470 267 1547 307 Po-

88 338 165 387 lyb.
187 334 228 371 L.
246 333 275 371 1.
295 345 332 382 p.
358 331 462 372 150.
495 330 553 366 ed.
582 328 703 366 Gron.
732 327 856 364 Porro
877 325 1050 376 Agesilai
1078 324 1121 361 in
1142 323 1236 361 Asia
1264 330 1393 374 gestas
1417 335 1481 361 res
1499 324 1543 362 L.

85 391 193 431 XIV.
218 391 290 431 80.
310 394 515 441 exsecutus
537 392 608 425 est.
647 383 783 422 VVESS.

195 447 272 487 26.
298 446 370 486 10.
403 442 478 483 (Ων
507 435 616 494 ἦσαν
645 436 997 490 Λακεδαιμονιίον
1029 434 1148 476 πέντε
1176 434 1349 488 μοῖραι]
1381 434 1541 474 Nullum

83 505 290 543 discrimen
311 508 371 539 est
389 501 495 538 inter
514 503 642 551 μοῖρα
662 504 701 535 et
725 492 862 549 μόρα,
895 497 972 531 nisi
995 494 1097 543 qnod
1117 493 1209 530 haec
1228 493 1353 529 forma
1374 491 1540 530 Laconi-

81 574 147 600 cae
168 562 220 597 sit
235 559 406 596 dialecti.
447 557 672 594 Promiscue
699 560 902 603 utrumque
922 550 1138 589 adhibetur.
1176 547 1235 585 De
1258 561 1439 595 numero,
1471 550 1539 598 qui

79 630 232 655 moram
253 614 491 661 absolvebat,
501 611 676 649 Diodoro
695 611 956 660 adstipulatur
975 607 1151 657 Ephorus
1172 608 1213 643 in
1233 604 1364 654 Pelop,
1380 607 1536 653 p.286.

78 670 302 719 Plutarchi,
330 669 648 708 dissentientibus
666 675 797 705 tamen
817 666 929 711 aliis,
961 671 1005 701 ut
1026 664 1169 702 ibidem
1188 663 1444 711 perscriptum
1464 668 1536 698 est.

78 730 216 769 Cetera
232 731 311 778 peti
334 734 498 777 possunt
515 739 565 763 ex
588 724 824 763 Io.Meursio
843 722 948 760 Lect.
967 720 1086 759 Attio.
1107 718 1150 756 L.
1171 718 1201 755 Ι.
1230 720 1313 765 16.,
1334 731 1454 768 prave
1474 725 1534 755 ta-

77 801 164 826 men
181 782 319 839 μόρας
336 791 375 822 et
395 779 560 834 λόχους,
589 795 684 833 quos
705 779 867 831 Cragius
889 786 994 817 recte
1017 778 1262 823 distinxerat,
1292 775 1536 812 confunden-

76 852 127 883 te.
169 842 281 880 Conf.
306 840 357 880 H.
386 840 515 879 Vales.
547 842 590 876 in
618 845 699 878 not.
729 836 923 875 Maussaci
950 834 999 873 ad
1028 834 1324 884 Harpocration.
1352 845 1390 881 p.
1427 832 1532 872 123.

74 901 213 939 Paullo
234 905 325 937 ante
343 892 592 952 προαγαγὼν
611 892 688 946 τὴν
708 889 884 945 δύναμιν
902 905 1051 930 mecum
1074 893 1108 930 si
1125 890 1320 936 malueris,
1335 894 1535 925 succurret

74 964 211 997 auctor
231 954 304 994 hoc
332 955 402 995 lib.
425 968 457 991 c.
484 954 556 993 52.
591 948 720 998 εὐθὺς
746 948 825 1005 γὰρ
856 945 1106 1004 προαγαγὼν
1135 944 1212 1001 τὴν
1245 940 1422 997 δύναμιν
1455 951 1530 984 etc.

72 1014 156 1054 Nec
176 1015 290 1051 aliter
309 1011 629 1049 Rhodomannus.
655 1008 794 1047 VVESS.

184 1071 261 1111 26.
290 1071 368 1113 12.
400 1063 450 1107 Ὁ
478 1065 524 1106 δὲ
558 1063 753 1117 Σκιρίτης
784 1085 834 1093 —-·
861 1085 910 1092 —
937 1058 985 1103 οὗ
1011 1054 1279 1101 συντάττεται
1310 1054 1416 1109 μετὰ
1445 1058 1530 1097 τῶν

71 1124 237 1178 ἄλλων]
279 1125 378 1164 Vide
409 1123 459 1162 N.
487 1121 671 1174 Cragium
695 1122 740 1158 de
760 1120 986 1159 Lacedaem.
1007 1117 1171 1167 Republ.
1194 1116 1238 1155 L.
1260 1115 1325 1153 IV.
1348 1117 1391 1155 4.
1416 1122 1454 1152 et
1473 1115 1530 1152 Io.

70 1183 286 1223 Meursium
315 1184 342 1220 l.
365 1195 397 1219 c.
422 1180 590 1218 Sciritas
618 1192 730 1216 suum
758 1179 833 1215 sibi
861 1179 989 1214 locum
1017 1179 1059 1213 in
1089 1176 1250 1212 sinistro
1284 1175 1382 1209 aciei
1410 1184 1531 1209 cornu

71 1254 144 1279 nec
174 1242 261 1278 aliis
297 1239 526 1290 permixtos,
564 1249 714 1285 semper
742 1235 971 1281 obtinuisse,
1002 1233 1116 1269 testis
1145 1229 1395 1280 Thucydides
1414 1228 1459 1267 L.
1479 1227 1528 1267 V.

73 1300 146 1340 67.
168 1304 207 1335 et
223 1296 505 1347 Etymologus‚
532 1308 556 1332 a
579 1293 749 1331 Meursio
770 1293 868 1329 bene
891 1296 1111 1336 correctus,
1135 1290 1179 1325 in
1200 1285 1406 1339 Σκιρίτης.
1444 1284 1528 1322 Nu·-

68 1368 175 1393 mero
196 1355 371 1392 sexcenti
386 1358 518 1399 erant,
546 1358 584 1388 et
602 1351 651 1387 ad
672 1350 879 1388 victoriam
898 1346 999 1384 haud
1022 1348 1107 1383 leve
1125 1350 1359 1382 momentum
1377 1343 1531 1378 adfere-

67 1413 175 1450 bant.
214 1410 361 1448 Auctor
389 1408 526 1446 Lexici
555 1407 750 1445 Platonici
781 1404 942 1442 Coislin.
973 1401 1160 1440 Biblioth.
1185 1414 1221 1450 p.
1247 1401 1356 1440 480.
1393 1398 1529 1437 Σκιω-

68 1463 416 1522 ρι’ται(Σκιρίται)
428 1461 552 1516 λόχος
571 1461 736 1517 ἀνδρῶν
757 1457 984 1509 ἑξακοσίων
1002 1454 1276 1512 Ἀρκαδικός,
1305 1452 1326 1495 ὃ
1347 1450 1526 1508 ἀρχόμε-

68 1521 139 1572 νός
167 1539 210 1564 τε
241 1522 283 1562 ἐν
310 1527 399 1569 τοῖς
422 1519 616 1572 πολέμοις
633 1519 700 1559 καὶ
723 1520 957 1563 τελευταῖος
979 1513 1222 1567 ἀναχωρῶν.
1250 1514 1338 1560 ubi,
1362 1510 1528 1563 Ἀρκα-

68 1578 183 1628 δικός
203 1593 251 1618 ne
272 1579 367 1629 quid
379 1580 520 1625 turbet,
543 1578 713 1615 conferri
724 1574 944 1625 Hesychius
964 1577 1005 1611 in
1018 1571 1231 1626 Σκειρίῖης
1251 1569 1526 1607 ‹lebet-Aves&

177 1640 254 1679 27.
285 1638 358 1677 30.
389 1635 476 1676 Καὶ
496 1631 724 1687 πρόβλημα
744 1627 1014 1683 ποιησάμενοι
1034 1627 1111 1675 τὰς
1137 1624 1404 1680 δυσχωρίας]
1436 1624 1525 1663 vid.

66 1693 319 1745 Xenophont.
344 1692 498 1730 Hellen.
521 1691 563 1728 L.
586 1692 618 1729 V
622 1691 651 1730 Ι.
677 1704 712 1740 p.
734 1689 843 1729 449.
882 1687 1046 1725 Videtur
1074 1692 1203 1723 autem
1233 1683 1405 1734 Agesilai
1433 1681 1529 1717 haec

69 1753 112 1789 in
131 1750 335 1789 Boeotiam
356 1749 552 1798 expeditio
575 1750 692 1785 citius
716 1747 940 1795 contigisse.
970 1743 1048 1780 Vix
1070 1748 1173 1778 certe
1194 1743 1337 1785 omnia,
1353 1751 1448 1788 quae
1464 1737 1527 1774 hic

68 1809 304 1854 succedunt,
334 1809 378 1842 in
402 1819 524 1842 unum
555 1805 740 1854 conpingi
763 1815 909 1839 annum
930 1805 1122 1850 poterunt.
1149 1797 1303 1835 Monuit
1322 1797 1435 1832 etiam
1456 1794 1526 1831 do·-

68 1865 266 1903 ctissimus
276 1862 325 1900 H.
338 1861 564 1899 Dodwellus
574 1860 715 1899 Annal.
731 1856 912 1907 Xenopll.
925 1870 960 1907 p.
971 1858 1094 1902 268„
1112 1867 1224 1905 quem
1236 1853 1300 1891 adi
1315 1851 1528 1889 siS.lVESS.

181 1923 258 1960 27.
287 1921 363 1960 43.
405 1917 493 1958 Καὶ
522 1915 597 1963 τὰς
626 1914 807 1961 ἀσπίδας
837 1911 942 1968 πρὸς
970 1910 1017 1952 τὸ
1047 1908 1146 1964 γόνυ
1178 1909 1425 1958 κλίναντας]
1467 1906 1527 1944 De

71 1975 238 2015 Chabria
267 1983 307 2013 et
337 1974 534 2026 Gorgida,
580 1987 669 2010 nam
708 1985 795 2009 eum
825 1972 866 2007 in
897 1971 1053 2007 consilii
1082 1967 1196 2005 huius
1224 1973 1375 2017 partem
1399 1970 1529 2011 vocat,

66 2033 288 2085 Polyaenus
309 2032 359 2072 ΙΙ.
386 2034 423 2072 l.
444 2033 487 2071 2.
518 2028 848 2084 παραγγέλλουσι
868 2024 927 2078 μὴ
950 2024 1229 2079 προδραμεῖν,
1264 2019 1370 2062 ἀλλὰ
1394 2019 1529 2072 μένειν

67 2085 226 2144 ἡσυχῆ,
255 2087 308 2129 τὰ
335 2087 412 2141 μὲν
442 2083 603 2141 δόρατα
634 2082 749 2140 ὀρθ-ι).
771 2080 1143 2138 προτειναμὲιόυς,
1177 2077 1253 2126 τὰς
1276 2076 1317 2118 δ’
1347 2075 1529 2122 ἀσπίδας

69 2146 126 2194 εἷς
143 2143 243 2200 γόνυ
262 2142 646 2198 προερεισαμένους.
692 2142 823 2192 Nepos
845 2139 973 2187 Corn.⁹
1001 2152 1051 2175 ex
1072 2137 1321 2188 Theopompo
1349 2141 1415 2171 aut
1435 2133 1531 2171 Cal.-

68 2204 237 2242 listhene
273 2205 462 2249 fortasse,
517 2202 559 2238 in
594 2200 733 2238 Chabr.
766 2212 800 2237 c.
839 2200 878 2238 1.
924 2197 1137 2246 Reliquam
1164 2194 1412 2248 phalangem
1442 2192 1530 2229 loco

69 2257 317 2314 (Chabrias)
353 2261 485 2298 vetuit
510 2259 674 2307 cedere,
708 2255 928 2306 obnixoque
959 2266 1062 2303 genu
1091 2258 1227 2298 scum,
1256 2251 1529 2302 proiectaque

71 2317 192 2356 hasta
220 2320 407 2370 impetum.
436 2317 623 2367 excipere
658 2314 828 2351 hostium
864 2312 1011 2350 (locuit.
1056 2309 1110 2348 Id
1140 2320 1282 2346 novum
1314 2306 1529 2356 Agesilaus

73 2382 283 2422 contuens,
300 2374 503 2426 progredi
520 2384 596 2410 nem
617 2378 678 2409 est
695 2382 840 2416 (husus,
873 2380 1041 2418 suosque
1061 2369 1142 2404 ium
1162 2367 1413 2403 incurrentes
1432 2361 1526 2400 tuba

74 2433 295 2471 revocavit.
325 2430 405 2468 Ubi
424 2429 652 2467 Lambinum
673 2429 844 2464 consule.
881 2425 1024 2463 lVESS.

186 2490 260 2528 27.
288 2489 363 2528 49.
394 2483 594 2538 ”Λνδρας
626 2481 817 2537 ἀγαθοὺς
853 2478 1075 2535 γίνεσθαι]
1123 2479 1322 2528 Frequens
1357 2476 1402 2513 de
1436 2475 1532 2513 viris

75 2546 253 2584 fortibus.
294 2543 443 2592 Ioseph.
472 2542 568 2579 Bell.
603 2542 684 2580 Iud.
716 2540 760 2577 L.
781 2538 844 2577 VI.
880 2542 918 2580 1.
953 2539 994 2578 5.
1026 2536 1088 2583 τίς
1115 2534 1194 2589 γὰρ
1227 2533 1301 2574 οὐκ
1333 2529 1417 2572 οἶδε
1448 2533 1532 2570 τῶν

77 2601 251 2655 ἀγαθῶν
269 2598 433 2655 ἀνδρῶν
459 2597 520 2639 ὅτι
544 2596 620 2645 τὰς
644 2621 691 2625 -
716 2593 859 2648 ψυχὰς
882 2618 929 2624 -—
953 2591 1085 2645 αἰθὴρ
1108 2591 1336 2645 ξενοδοχῶν
1365 2586 1534 2637 ἄστροις

79 2654 352 2713 ἐγκαθιδρύει.
391 2656 614 2705 Xenophon
633 2655 733 2703 Exp.
755 2652 845 2704 Cyr.
868 2652 910 2689 L.
933 2652 980 2689 ll.
1002 2664 1037 2699 p.
1058 2652 1166 2690 226.
1200 2647 1231 2701 ᾡ
1261 2643 1399 2698 ὑμεῖς,
1429 2640 1534 2690 οὐδ’,

81 2716 115 2756 εἷ
147 2711 253 2755 πάνυ
288 2712 444 2768 ἀγαθοὶ
478 2711 607 2765 εἴητε.
635 2706 846 2763 μάχεσθαι
880 2706 930 2748 ἂν
960 2703 1157 2759 δύνησθε.
1187 2704 1373 2754 Polyaen.
1397 2700 1464 2738 Ill.
1491 2701 1533 2739 9.

87 2773 156 2819 141.
184 2768 242 2824 μὴ
273 2766 573 2824 ἀναγκάσιοιιιεν
594 2765 785 2820 ἀγαθοὺς
811 2762 1006 2819 γενέσθαι
1029 2761 1127 2809 τοὺς
1149 2760 1381 2812 πολεμίους.
1414 2757 1538 2794 Aliter

82 2829 303 2867 Herodotus
325 2828 373 2867 ll.
396 2829 502 2869 120.
525 2826 570 2864 dc
594 2825 785 2872 Hectore,
810 2822 878 2863 καὶ
898 2815 1200 2876 πρεσβύτερος,
1229 2815 1298 2856 καὶ
1319 2812 1422 2867 ἀνὴρ
1443 2810 1541 2853 ἐκεί-
