1859 3326
317 199 413 241 346
786 194 1307 237 ANNOTATIONES

313 313 417 359 τιᾶς.
460 309 520 348 De
541 308 767 361 Agathoclis
785 309 834 347 ad
855 309 1056 348 Himeram
1074 323 1224 348 amnem
1251 309 1361 348 clade
1386 310 1580 362 copiosius
1598 318 1771 352 extremo

314 370 382 408 lib.
403 367 518 407 XIX.
550 367 758 405 Diodorus.
785 367 928 404 XVESS.

427 426 538 465 427.
570 424 643 464 73.
685 420 737 464 Οἳ
770 421 815 464 δὲ
837 417 1032 476 τειχήρεις
1061 418 1406 477 ἀποληφθέντες]
1449 422 1583 462 Scribe
1603 421 1772 465 ἀπολει-

314 479 508 542 φθέντες,
541 479 680 518 Rnon.

425 539 533 578 427.
564 539 637 578 81.
668 533 761 576 (Ότι
783 531 915 574 πολλὰ
935 530 987 573 τὰ
1010 530 1106 574 κενὰ
1126 536 1202 574 τοῦ
1222 532 1434 587 πολέμου]
1462 535 1563 574 Vide
1584 536 1627 575 L.
1645 536 1773 576 XVII.

317 595 392 636 86.
443 594 578 631 Paullo
608 600 696 629 ante
729 586 1072 642 προσλαβόμενος
1102 586 1265 642 ἀπάτην
1295 591 1364 631 καὶ
1396 589 1534 646 φόβον
1564 596 1598 632 si
1627 596 1695 644 qui
1723 605 1775 632 ex

314 650 414 704 Reg.
436 663 497 700 pr.
529 650 705 687 ductibus
726 648 904 699 effingere
927 649 1074 695 velint,
1096 649 1176 685 illis
1194 649 1357 685 liberum
1376 657 1470 688 esto.
1498 649 1633 687 VVESS.

427 709 536 748 427.
569 708 641 747 88.
663 703 739 750 ιῸς
762 702 914 757 ἔφησεν
938 701 1067 743 αὐτὸν
1086 703 1142 750 εἷς
1160 702 1239 757 τὴν.
1255 700 1478 756 ὑστεραίαν
1495 706 1596 757 ete.]
1627 705 1776 757 Tangit

312 763 538 809 historiam,
566 776 637 800 nec
655 762 798 809 ubique
818 768 945 799 tamen
969 763 1231 808 consentiens,
1259 759 1394 800 Cicero
1415 762 1459 802 L.
1481 762 1510 799 I.
1530 763 1576 799 de
1597 762 1774 801 Divinat.

313 835 348 860 c.
372 822 448 860 24.
482 820 601 871 Apud
624 818 879 868 Agathoclem
900 819 1093 868 scriptum
1122 819 1162 855 in
1184 817 1356 855 historia
1389 826 1469 866 est,
1495 819 1774 858 Hamilcarem

318 878 714 927 Carthaginiensem,
739 889 823 912 cum
845 881 1096 926 oppugnaret
1112 874 1353 924 Syracusas,
1377 878 1503 913 visum
1522 889 1605 913 esse
1627 878 1773 914 audire

311 948 466 980 vocem,
497 946 538 971 se
561 933 763 985 postridie
791 939 1050 969 coenaturum
1081 930 1321 981 Syracusis:
1353 945 1438 969 cum
1467 940 1600 970 autem
1633 935 1667 971 is
1689 935 1774 971 dies

311 992 533 1037 illusisset,
556 1003 742 1039 magnam
761 990 992 1026 seditionem
1014 990 1053 1025 in
1074 990 1222 1026 castris
1243 990 1328 1025 eius
1347 990 1454 1027 inter
1469 989 1623 1027 Poenos
1643 997 1682 1027 et
1704 990 1774 1027 Si-

312 1048 422 1086 culos
441 1048 588 1085 milites
608 1059 692 1084 esse
710 1046 905 1094 jactam:
935 1046 1040 1096 quod
1059 1059 1144 1083 cum
1172 1047 1390 1082 sensissent
1406 1046 1680 1096 Syracusani,
1709 1049 1772 1083 in-

304 1106 473 1159 proviso
505 1116 570 1141 eos
597 1105 637 1141 in
668 1109 808 1141 castra
839 1103 1056 1153 irrupisse,
1085 1101 1440 1153 Hamilcaremque
1468 1102 1517 1140 ab
1548 1103 1610 1140 Ιιὶε
1640 1104 1772 1140 vivum

311 1174 396 1200 esse
422 1160 632 1199 sublatum.
672 1160 744 1199 Ita
776 1171 841 1196 res
867 1160 1056 1196 somnium
1085 1159 1356 1210 conprobavit.
1403 1158 1587 1207 Sequitur
1617 1156 1773 1196 Cicero-

308 1230 420 1265 nem,
449 1223 493 1254 ut
524 1230 659 1267 saepe,
699 1216 745 1254 V.
778 1215 972 1254 Maximus
1001 1214 1044 1252 L.
1073 1214 1103 1253 Ι.
1132 1216 1172 1256 7.
1196 1218 1237 1257 8.
1279 1213 1422 1254 Confer
1448 1214 1663 1253 victorium
1682 1215 1773 1254 Var.

308 1273 417 1312 Lect.
437 1274 479 1311 L.
500 1272 599 1311 XX.
625 1275 697 1314 12.
723 1272 861 1309 Wess.

423 1331 534 1371 428.
570 1331 640 1370 17.
672 1323 884 1379 Ἑλόμενοι
914 1323 1147 1380 στρατηγὸν
1171 1322 1427 1374 Ξενόδικον]
1465 1325 1628 1366 Con-exi
1660 1328 1770 1366 ducis

308 1399 451 1425 nomen
486 1399 536 1424 ex
552 1387 646 1424 Ven.
679 1386 835 1423 favente
855 1391 1023 1422 auctore.
1064 1384 1169 1421 Bene
1201 1382 1387 1422 Rhodum.
1419 1386 1461 1422 in
1490 1392 1570 1423 not.
1596 1384 1770 1423 Addend.

308 1439 549 1490 Ξενόδικον·
578 1445 647 1494 qui
667 1442 783 1489 infra
800 1444 922 1480 etiam
945 1436 1180 1488 Ξενόδοκος
1200 1440 1393 1479 scribitur
1412 1454 1447 1492 p.
1470 1443 1576 1482 791.
1596 1440 1650 1496 (c.
1675 1438 1771 1494 57.)

306 1507 350 1539 et
367 1502 566 1551 deinceps.
595 1499 733 1539 WVESS.

422 1558 530 1597 428.
568 1557 643 1597 32.
694 1551 904 1607 Θεμὲνους
932 1550 984 1593 τὰ
1017 1549 1419 1613 ὅπλοξίζπαραὸοὗναι
1441 1555 1554 1607 σφᾶς
1581 1550 1768 1608 αὐτοὺς]

307 1611 377 1650 Sic
398 1612 583 1650 hoclibro
598 1627 630 1651 c.
643 1612 718 1652 46.
741 1611 808 1650 καὶ
831 1608 929 1657 τοὺς
947 1608 1025 1661 μὲν
1048 1596 1260 1664 agio-ispo&
1281 1607 1521 1662 ἠνάγκασαν
1536 1609 1694 1650 θέσθαι
1714 1609 1767 1650 τὰ

307 1666 432 1710 ὅπλα.
472 1668 612 1707 Caesar
633 1668 871 1706 Octavianus
892 1667 991 1718 apud
1011 1667 1173 1717 Appian.
1194 1666 1290 1704 Belli
1309 1665 1424 1704 Civii.
1441 1666 1484 1704 L.
1504 1667 1549 1705 V.
1570 1680 1608 1716 p.
1629 1669 1646 1708 l
1663 1669 1766 1708 110.

305 1722 580 1778 προῦκάθητο
613 1724 675 1764 ἐπὶ
703 1721 896 1777 βήματος
917 1723 985 1762 καὶ
1016 1722 1240 1776 προσέταξε
1269 1722 1346 1774 μὲν
1378 1720 1506 1762 ἅπασι
1527 1723 1683 1763 θέσθαι
1715 1721 1769 1764 τὰ

305 1779 429 1823 ὅπλα.
459 1785 564 1827 Quae
579 1782 732 1832 quidem
751 1784 783 1819 si
799 1783 840 1818 in
860 1787 1060 1820 numerato
1073 1780 1269 1817 imbuisset
1288 1780 1534 1817 doctissimus
1545 1780 1770 1829 Hudsonus,

306 1842 460 1877 cautius
489 1853 571 1877 rem
595 1840 832 1876 instituisset
861 1838 910 1875 ad
936 1836 1156 1887 Thucydid.
1189 1836 1230 1874 L.
1259 1836 1304 1874 11.
1322 1839 1365 1877 2.
1410 1836 1575 1874 Athenis
1604 1835 1767 1876 θέσθαι

306 1892 417 1936 ὅπλα
437 1910 549 1946 saepe
567 1903 649 1933 erat
669 1893 942 1947 περιθέσθαι,
963 1907 1032 1930 nec
1054 1906 1202 1942 semper
1222 1900 1373 1940 tamen,
1401 1900 1444 1930 ut
1464 1892 1599 1931 Critici
1617 1900 1769 1931 veteres

304 1961 540 1990 monuerunt
572 1953 618 1990 ad
652 1951 831 1989 Aeschin.
863 1951 929 1988 Or.
960 1949 1247 1988 in'Timocrat.
1278 1962 1316 1999 p.
1342 1951 1381 1989 5.
1412 1957 1451 1987 et
1478 1949 1698 2000 Thucydid.
1721 1949 1765 1992 L.

304 2009 410 2047 VH!-
432 2011 509 2049 93.
539 2010 647 2046 Adde
667 2009 709 2046 P.
726 2008 964 2057 Leopardum
983 2007 1185 2044 Emendat.
1207 2006 1249 2043 L.
1270 2006 1344 2045 Xl.
1358 2008 1434 2046 20.
1459 2006 1631 2044 Atticum
1650 2009 1768 2045 istum

301 2079 451 2104 morem
472 2073 653 2115 sequutus
667 2065 850 2102 Libanius
871 2063 917 2101 T.
931 2064 976 2101 11.
997 2075 1033 2112 p.
1050 2065 1130 2104 43.
1156 2064 1318 2115 μᾶλλον
1335 2061 1411 2114 μὲν
1432 2057 1506 2102 οὖν
1524 2059 1549 2115 ἢ
1579 2062 1646 2102 καὶ
1667 2058 1770 2117 πρό-

306 2125 427 2170 σθεν,
449 2125 586 2173 inquit,
611 2117 822 2174 ἠγάπησεν
834 2117 937 2172 ὑπὲρ
952 2120 1166 2172 πατρίδος,
1193 2116 1331 2171 ὥσπερ
1353 2116 1476 2166 ὅπλα,
1501 2116 1600 2165 τοὺς
1621 2116 1770 2172 λόγους

306 2178 509 2231 θέμενον,
536 2181 666 2228 magis
685 2192 802 2229 quam
823 2179 977 2228 quidem
998 2184 1119 2214 antea
1144 2177 1289 2214 dilexit
1307 2189 1413 2224 eum,
1435 2177 1506 2227 qui
1524 2189 1604 2226 pro
1616 2177 1768 2227 patria

307 2239 535 2283 orationes,
574 2243 764 2286 tanquam
798 2247 914 2271 arma
941 2239 1152 2271 sumserat.
1197 2232 1390 2281 Interpres
1427 2232 1532 2269 aliud
1562 2235 1766 2282 spectavit,

305 2305 387 2331 non
407 2292 719 2330 animadvertens
740 2305 762 2328 a
789 2292 979 2339 scriptore
999 2303 1067 2326 suo
1086 2288 1359 2325 Demosthenis
1379 2289 1417 2325 in
1433 2288 1592 2326 Midian.
1611 2301 1646 2336 p.
1660 2289 1767 2330 360.

307 2356 346 2387 et
368 2349 537 2400 Lycurgi
559 2351 599 2386 in
621 2349 795 2385 Leocrat.
818 2360 854 2397 p.
883 2347 983 2387 153.
1012 2347 1227 2396 elegantias
1257 2347 1471 2383 imitatione
1502 2345 1666 2394 quadam
1697 2358 1767 2383 ex-

308 2406 435 2458 primi.
463 2405 598 2443 VVESS.
641 2405 769 2442 Vertit
788 2403 976 2440 Rhodom.
999 2404 1147 2454 posilis
1163 2403 1299 2439 arulis.

422 2463 530 2503 428·
557 2463 631 2502 36.
656 2456 902 2511 Ἐπόρθουν
926 2455 999 2511 τήν
1021 2474 1062 2498 τε
1083 2454 1337 2509 Λεοντίνην]
1367 2456 1410 2495 Si
1432 2457 1628 2495 discordes
1648 2457 1766 2495 libra·-

305 2520 357 2557 rii
390 2517 598 2570 ΙΝΤεητίνην
626 2519 894 2567 scripsissent,
924 2518 1135 2552 traxissent
1159 2517 1323 2552 fortasse
1356 2517 1395 2551 in
1427 2522 1553 2563 partes
1579 2516 1765 2554 lectorum

307 2578 478 2624 aliquos:
511 2588 613 2611 nunc
636 2573 733 2610 nihil
766 2580 842 2621 est,
886 2585 955 2609 cur
984 2574 1183 2622 vulgatum
1213 2571 1450 2620 repudietur.
1499 2569 1664 2608 Consule
1693 2570 1763 2607 Ph.

308 2631 534 2670 Ciuverium
564 2631 643 2669 Sic.
662 2630 795 2681 Antiq.
819 2629 861 2667 L.
882 2630 931 2668 11.
959 2642 995 2680 p.
1021 2630 1141 2676 360„
1171 2628 1217 2665 de
1239 2628 1409 2665 Echetla
1439 2627 1530 2664 ibid.
1561 2627 1766 2677 disputan-

306 2696 395 2727 tem.
427 2688 565 2727 W'Ess.
1760 2725 1763 2731 ,

420 2746 528 2785 428.
559 2743 634 2785 65.
664 2739 856 2794 Πλησίον
876 2744 951 2794 τῆς
969 2733 1238 2794 παρεμβολῆς
1256 2741 1340 2780 τῶν
1363 2737 1599 2789 πολεμίων]
1637 2737 1765 2777 Media

305 2802 494 2840 voeabula
512 2803 584 2852 τῆς
603 2800 871 2853 παρεμβολῆς
900 2798 949 2836 ad
970 2799 1200 2835 sententiam
1218 2798 1441 2837 necessaria,
1463 2795 1668 2833 admodum
1686 2808 1764 2833 non

307 2866 409 2897 sunt.
451 2858 695 2895 Omittuntur
720 2858 836 2894 etiam
865 2857 907 2894 in
935 2857 1101 2893 vetustis
1132 2853 1359 2904 quibusdam
1389 2852 1642 2900 membranis,
1670 2864 1763 2901 quas
