1891 3310
444 151 510 192 1N
540 150 657 191 L113.
684 150 787 193 xv.
818 150 1201 196 cimas-69.
1484 160 1540 203 51

82 267 233 319 legibus
264 265 341 305 iam
369 273 458 304 ante
490 265 537 303 de
565 267 785 316 principatu
817 265 919 303 inter
938 272 1122 315 utrosque
1142 272 1380 307 transactum
1400 271 1537 312 fuerat.

82 323 170 362 vid.
195 325 369 371 superius
391 336 422 360 c.
444 323 516 363 38.
542 329 580 359 et
599 321 849 370 Xenophont.
871 320 1024 359 Hellen.
1047 322 1129 361 vll.
1151 335 1187 372 p.
1206 325 1314 365 482.
1342 325 1394 364 ἲν
1396 337 1480 369 Ess

197 380 267 418 55.
299 380 372 418 92
411 376 499 417 ’Em
524 374 754 429 Παλληνην
783 392 858 430 της
880 378 1163 430 Λακωνικῆς]
1193 379 1294 431 Lege
1311 380 1533 436 Πελλήνην

82 437 123 473 in
145 436 338 472 communi
361 434 536 472 dialecto.
560 434 610 471 At
628 433 794 481 Dorica,
827 446 902 483 qua
921 435 1129 472 utebantur
1146 436 1341 484 LaconeS,
1369 440 1457 479 He)
1461 438 1534 480 λά-

68 506 153 542 ,ναν
173 491 377 530 vocabant.
410 492 541 530 PALM.
569 490 602 526 V
606 503 711 528 erum
731 504 813 528 esse
833 487 1067 542 Πελλήνην,
1099 493 1411 533 animadversum
1432 508 1534 544 quo-

77 558 150 595 que
175 547 220 584 ab
242 546 447 585 Holstenio
469 555 527 585 est
545 547 592 584 ad
617 546 855 596 Stephanum
875 550 916 584 in
936 543 1079 587 ΙΙελ7’
1042 563 1145 600 ηνη.
1189 548 1283 586 Mox
1304 549 1534 606 ἐγκαταλη-

65 601 187 657 ,φθέν
192 618 265 649 τας
286 605 476 652 praefero
508 603 785 654 Intelliguntur
807 602 1006 652 Spartani,
1021 607 1085 652 qui
1105 605 1254 655 pariter
1273 618 1358 644 cum
1375 606 1532 647 Pellene

75 661 178 707 capti
206 667 319 707 sunt,
346 667 390 697 ut
418 660 518 709 apud
549 659 778 697 Aeschinem
809 659 899 712 περὶ
928 661 1130 728 Παραπρ.
1160 672 1196 710 p.
1220 663 1293 704 30.
1319 659 1533 713 ’Όλυνθος

71 712 183 767 ἥλω,
212 730 281 754 και
310 717 454 756 πολλοὶ
485 731 568 756 των
598 712 808 768 ἡμετέρων
838 714 1212 770 ἐγκατελήφθησαν
1235 718 1428 760 πολιτῶν.
1461 720 1532 760 Si-

71 773 178 809 milis
198 785 305 809 error
325 774 365 809 in
388 772 447 810 his
477 774 581 810 inest
601 773 815 810 Pausaniae
836 773 876 811 L.
902 772 964 810 lV.
993 775 1031 812 5.
1059 773 1127 812 καὶ
1160 787 1244 814 των
1271 775 1528 829 ΖΙἸεσσηνίων

64 842 167 874 «τους
187 827 229 880 ἒ)
231 827 588 882 καταλειφθὲιτας
610 844 690 882 (pm
694 823 842 868 w'ovoc.
874 828 1040 878 Scripsit
1062 832 1165 868 enim
1188 829 1529 887 ἐγκαταληφθέν-

71 898 160 930 τας.
200 885 289 922 Alia
308 887 407 922 ratio
435 886 543 923 valet
565 888 605 923 in
625 885 761 923 Nostri
781 885 825 925 L.
845 884 941 924 XII.
969 887 1040 926 56
1073 894 1112 924 et
1131 886 1175 927 L
1196 886 1308 926 XIII
1333 889 1403 929 57.
1415 916 1428 938 ‚
1459 891 1529 929 ubi

65 937 242 994 ἔγκατα)
247 939 460 1009 ειφθῗντες
478 955 559 979 sese
582 944 683 979 tueri
703 948 879 990 possunt.
910 941 1047 980 VVEss.

186 997 257 1037 55
288 1001 327 1038 8.
357 994 545 1051 τΌμηρον
574 994 695 1048 ἔλαβε
725 1018 773 1025 —-
808 997 1042 1048 Φίὶιππον]
1084 996 1174 1036 Νοη
1204 1000 1319 1037 aliter
1347 999 1449 1039 Plut.
1482 1002 1525 1041 in

69 1051 202 1102 Pelop.
220 1066 255 1102 p.
279 1055 386 1095 291
406 1053 449 1091 F.
486 1054 537 1091 At
562 1054 732 1092 lustinus
754 1053 903 1094 L.V11.
931 1056 970 1094 5.
1002 1056 1164 1092 afratre
1185 1055 1408 1094 Alexandro
1429 1059 1526 1109 Illy-

65 1111 136 1146 riis
159 1112 345 1159 primum,
379 1112 584 1148 interiecto
605 1111 693 1148 dein
714 1119 882 1161 tempore
904 1110 1099 1149 Thebanis
1120 1111 1293 1149 obsidem
1312 1114 1444 1152 datum
1463 1118 1524 1153 si·-

65 1166 239 1216 gnificat.
265 1165 407 1204 Noster
426 1180 532 1215 vero,
562 1169 670 1216 quasi
690 1167 788 1204 nihil
807 1167 942 1204 horum
963 1168 1195 1216 scripsisset,
1221 1168 1264 1205 L.
1288 1168 1393 1207 XVI.
1423 1173 1466 1211 2.
1499 1185 1523 1209 a

65 1229 174 1272 patre
195 1223 380 1273 Amynta,
399 1224 524 1261 fracto
544 1224 765 1273 lllyriorum
789 1225 921 1271 armis,
936 1224 1080 1262 obsidis
1101 1227 1187 1262 loco
1208 1226 1420 1264 victoribus
1442 1235 1524 1264 tra-

66 1278 210 1325 ditum,
237 1287 348 1329 atque
376 1280 422 1316 ab
455 1279 515 1317 his
545 1278 818 1318 Thebanorum
844 1280 937 1318 fidei
967 1281 1196 1332 permissum
1225 1281 1421 1332 perhibet:
1461 1286 1523 1322 sui

63 1333 243 1386 'profecto‘
262 1347 395 1384 parum
405 1349 564 1374 memor.
598 1335 737 1373 Wnss.

183 1393 254 1432 56·
285 1394 362 1432 23.
408 1392 493 1431 Ka}
522 1390 799 1444 Πελληνέων]
841 1392 1037 1442 Optimum
1060 1392 1144 1431 hoc.
1175 1391 1333 1431 Pellene
1353 1393 1520 1434 Achaiae

65 1446 115 1485 'ex
135 1459 174 1485 se
195 1449 357 1495 format,
386 1448 584 1499 Stephano
606 1456 787 1497 auctore,
815 1451 962 1501 gentile
983 1446 1233 1501 Hemoyvezssg.
1272 1450 1384 1488 Unde
1402 1453 1519 1502 probe

62 1502 274 1542 Pausanias
297 1502 475 1554 Ἀχαιῶν
504 1505 595 1545 Πε)
599 1503 746 1558 ληνέας
775 1509 817 1543 in
847 1506 907 1543 his
935 1505 1226 1555 Epaminondae
1251 1511 1374 1559 gestis
1404 1509 1519 1547 rebus

61 1569 248 1600 memorat
266 1560 308 1598 L.
330 1561 404 1599 IX.
432 1562 524 1610 15.
552 1563 669 1599 sicuti
691 1569 729 1599 et
747 1561 983 1612 Xenophon.
1013 1563 1151 1600 Wnss.

62 1655 115 1712 w
179 1618 250 1659 56
281 1619 355 1659 30.
392 1615 493 1659 Ἀπὸ
523 1617 742 1672 Κεγχρεῶν
770 1617 889 1672 μέχρι
910 1619 1134 1670 Λεχαίου]
1165 1617 1262 1658 Vide
1283 1618 1327 1659 L.
1344 1619 1419 1660 XI.
1448 1622 1520 1663 16.

118 1683 197 1711 ESS.

178 1730 250 1771 56
273 1729 348 1770 43
378 1726 501 1770 Κατα
521 1725 657 1770 πάντα
678 1728 762 1797 μὲν.
775 1722 848 1770 οἶν
870 1727 944 1771 τὸν
967 1724 1096 1769 τόπον
1117 1732 1206 1778 etc.]
1229 1729 1452 1782 Xenophon
1476 1734 1518 1771 in

61 1784 124 1823 his
144 1787 391 1824 recensendis
413 1788 640 1838 diligentior
657 1794 730 1834 est,
751 1789 867 1837 inque
886 1786 988 1824 haud
1010 1789 1171 1836 paucis.
1160 1801 1182 1825 a
1202 1788 1348 1825 Nostro
1368 1788 1519 1828 disson·-

62 1841 174 1881 titL.
200 1841 281 1879 VII.
301 1841 456 1882 Hellen.
479 1856 514 1891 p.
535 1844 642 1884 482.
671 1843 873 1880 Pertinent
895 1843 942 1880 ad
964 1843 1036 1880 hoc
1058 1852 1273 1892 certamen,
1299 1857 1395 1894 quae
1415 1846 1516 1906 apud

61 1896 160 1949 Pol)
163 1911 246 1938 aen.
267 1899 309 1936 1..
329 1899 375 1936 ll.
397 1902 439 1939 2.
465 1901 504 1939 3.
526 1901 566 1939 9.
594 1901 787 1951 leguntur.
818 1899 868 1937 W
872 1910 954 1938 Ess.

178 1957 248 1995 56
280 1957 352 1995 56.
386 1955 471 1994 Ka.
497 1956 731 2008 wamiam]
756 1956 857 2008 Lege
879 1964 917 1993 et
939 1956 1009 1992 hoc
1032 1955 1119 1994 loco
1135 1955 1360 1996 (Dumana.
1383 1931 1515 1996 PAIM.

59 2009 145 2052 Km
171 2012 326 2050 (1))ιοὗι
330 2011 397 2061 τα]
427 2011 544 2049 Parui
565 2015 651 2050 viro
672 2011 799 2050 docto.
809 1986 964 2050 ‘'Errori
983 2025 1115 2049 ansam
1137 2013 1314 2062 praebuit
1333 2016 1517 2065 scriptio}

60 2071 122 2115 nis
149 2066 252 2105 inter
283 2069 341 2106 (I)
337 2068 436 2107 410
447 2069 610 2108 YNTA
640 2075 678 2106 et
709 2069 906 2108 <DA101
904 2069 1035 2107 ΝΓΛ
1054 2081 1133 2106 non
1155 2082 1294 2120 magna
1317 2071 1516 2110 dissimili-

59 2112 165 2171 tudo,
196 2136 290 2172 quae
316 2125 600 2163 (DAIOYN'I
598 2124 737 2164 ῙΟΥΣ
753 2132 792 2162 et
816 2118 1236 2165 ΦΛῙΟῩΝΊῙΟῩΣ
1252 2129 1334 2175 pari
1354 2134 1512 2176 peccato

60 2180 236 2218 confudit
257 2193 295 2218 c.
329 2182 400 2221 19.
434 2180 549 2218 huius
577 2183 682 2221 libri.
726 2181 848 2219 Porro
869 2180 1064 2219 Phliuntis
1086 2191 1294 2231 occupatae
1322 2190 1361 2219 et
1384 2184 1513 2233 paullo'

59 2245 162 2293 post
172 2240 334 2276 amissae
364 2249 494 2276 casum
526 2237 712 2287 describit
731 2237 953 2287 Xenophon
976 2237 1129 2276 Hellen.
1150 2237 1234 2276 Vll.
1255 2252 1291 2289 p
1310 2240 1417 2281 489.
1448 2254 1514 2287 co-

59 2294 217 2344 piosius.
254 2291 395 2331 VVESS.

166 2352 246 2406 57
279 2352 352 2392 80.
388 2348 475 2390 Και
498 2350 750 2404 στρατηγικῇ
776 2344 944 2401 δυνάμει
970 2348 1266 2401 θαῑμασθεις]
1299 2349 1407 2389 Haec
1426 2365 1513 2390 cum

59 2407 340 2456 exscripsisset-
362 2405 548 2446 Semestr.
580 2406 622 2444 L.
653 2406 701 2445 ΙΙ.
730 2408 805 2447 25.
830 2419 867 2456 p.
899 2407 1005 2447 342.
1037 2407 1080 2446 P.
1112 2405 1261 2455 Faber,
1293 2410 1513 2460 subiungit:

61 2463 154 2503 Scio
169 2489 180 2511 ,
213 2464 484 2510 leviter-ferri
498 2476 616 2515 posse
638 2464 746 2501 istud
766 2465 1016 2516 στρατημκῆ
1039 2459 1227 2516 δυνάμει,
1259 2477 1336 2502 non
1357 2467 1512 2515 quidem

61 2527 105 2558 ut
126 2521 249 2558 robur
267 2520 482 2570 significet,
513 2523 584 2558 sed
601 2520 905 2567 utfacultatem
931 2527 970 2558 et
991 2532 1105 2570 quasz
1126 2533 1189 2557 vaer
1194 2527 1315 2559 tutem
1337 2524 1512 2572 impera-

62 2569 207 2614 t'oriam
231 2578 501 2616 demonstret:
528 2590 645 2627 quam
666 2583 707 2614 et
725 2576 774 2614 ab
797 2578 928 2614 eodem
950 2575 1129 2614 Dzodoro
1143 2578 1285 2628 paullo
1306 2585 1414 2624 ante,
1444 2579 1512 2616 ubi

61 2625 107 2677 ἇε
132 2633 341 2685 Iphicrate
363 2634 561 2683 loquitur,
591 2630 666 2684 τὴν
697 2631 738 2671 ἔν
758 2635 817 2671 τῶ
848 2647 1031 2686 στρατη)
1034 2637 1090 2672 εἴν
1110 2631 1230 2686 ἀρετ.)
1227 2649 1283 2680 ν,
1316 2640 1357 2671 et
1379 2635 1446 2672 ubi
1464 2636 1511 2673 de

67 2689 302 2728 Charidemo
324 2689 558 2727 Atheniensi
583 2688 626 2728 L.
654 2673 804 2727 XVII.
825 2689 898 2728 30.
935 2684 1150 2738 δεινότητα
1174 2692 1425 2756 στρατηρίας
1444 2703 1513 2728 20-

62 2753 196 2784 catum
217 2749 341 2785 video.
373 2746 578 2798 Sumptum
600 2751 740 2783 tamen·
761 2741 930 2795 δυναμει
953 2757 1002 2781 ex
1019 2745 1086 2782 illo
1109 2745 1158 2783 δι
1153 2740 1350 2795 νάμειοι,
1383 2753 1424 2784 et
1450 2748 1514 2787 vel

52 2815 133 2855 pro
154 2799 370 2857 δεινότητι,
400 2803 506 2855 quod
523 2800 666 2853 affine
667 2807 739 2854 est,
763 2802 839 2850 vel,
858 2802 964 2853 quod
977 2803 1105 2853 magis
1128 2803 1300 2848 arridet,
1314 2814 1392 2854 pro
1416 2817 1512 2843 συν-

1222 2859 1249 2898 ¹
1275 2860 1293 2880 ὓ
