1875 3310
406 204 697 239 OECONOMIA
734 206 1006 238 HISTORIA-E
1044 207 1273 242 onDom.
1482 210 1574 242 CCV

101 315 124 338 a
155 302 390 347 Cassandro,
431 303 757 350 Polysperchonte
793 303 980 349 huiusque
1014 304 1094 339 filio
1127 306 1343 344 Alexandro
1371 311 1459 343 acta
1486 310 1575 348 sint,

101 362 317 396 Cassander
334 363 370 395 in
393 363 747 406 obsidenda'l'egea
764 363 803 395 in
821 361 1085 406 Peloponneso
1104 369 1319 408 occupatus,
1344 377 1426 400 cum
1447 368 1577 412 Olym·-

99 420 220 463 piadis
247 420 411 454 reditum
435 421 472 454 in
495 421 760 454 Macedoniam
792 425 830 454 et
854 421 1069 465 Eurydices
1092 421 1329 466 aliorumque
1355 435 1485 458 necem
1511 425 1578 468 (cf,

98 477 208 519 XlX,
233 488 264 514 c.
285 480 353 520 11.)
376 478 611 523 accepisset,
639 479 676 511 in
698 478 963 512 Macedoniam
985 479 1199 521 contendit,
1226 486 1264 513 et
1283 481 1474 525 Pydnam,
1500 493 1573 528 quo

98 536 295 580 Olympias
322 545 363 570 se
393 540 613 580 receperat,
646 536 840 569 obsessam
873 540 988 570 tenet.
1024 547 1056 572 c.
1077 540 1132 574 35.
1160 541 1218 580 36.
1267 538 1364 572 'rum
1389 540 1427 572 in
1445 542 1574 575 Asiam

98 595 323 635 revertitur,
367 594 430 627 ubi
457 594 668 638 Antigonus
694 598 732 627 et
759 594 952 628 Eumenes
982 597 1168 629 acerrimo
1188 597 1334 640 proelio
1356 598 1576 643 confligunt.

98 651 231 684 Victus
247 652 452 686 Eumenes.
486 652 568 693 Quo
590 652 690 684 facto
707 651 939 685 Macedones
957 652 1057 685 ultro
1075 653 1122 686 ad
1135 655 1362 698 Antigonum
1380 656 1576 699 deficiunt,

97 711 181 752 ipse
202 710 413 752 Eumenes,
451 709 550 743 hosti
570 721 591 742 a
611 710 687 742 suis
706 710 887 752 traditus,
924 715 1046 745 morte
1068 712 1256 748 occubuit.
1285 724 1315 746 c.
1331 715 1495 752 37—43.
1525 733 1575 742 ..-

97 769 230 801 Obiter
262 768 401 812 triplex
428 768 610 801 diluvium
639 772 982 811 commemoratur,
1015 780 1087 814 quo
1107 769 1261 804 Rhodus
1282 781 1350 814 per
1366 771 1404 804 id
1425 775 1575 815 tempus

96 831 245 859 vastata
267 832 336 860 cst.
365 836 394 861 e.
414 824 470 861 45.
499 846 546 853 —-·
587 826 687 859 llinc
705 828 912 860 revertitur
929 826 1133 861 historicus
1151 828 1200 862 ad
1218 830 1468 873 Antigonum,
1498 831 1573 875 qui,

97 883 271 928 Pythone
293 885 405 917 etiam
428 883 573 924 occiso,
599 884 750 916 nuncin
773 885 861 917 Asia
878 889 1027 928 regnat.
1054 896 1084 918 c.
1101 885 1264 922 [iij—48.
1301 888 1473 922 Tandem
1493 899 1576 922 rur.

96 953 160 975 sus
182 943 219 974 in
239 943 428 984 Europam
452 942 683 981 transvolat,
717 942 778 974 ubi
804 944 1059 975 narrationem
1079 943 1124 976 (le
1146 945 1348 978 Cassandri
1370 946 1482 980 rebus
1505 957 1576 991 ge-

95 1001 164 1032 stis
184 1000 390 1032 continuat.
438 999 558 1042 Capta
579 1003 617 1032 et
641 1001 765 1032 occisa
786 1000 1011 1044 Olympiade
1035 1011 1109 1033 una
1130 1012 1211 1034 cum
1231 1003 1453 1046 Aristouoo,
1477 1005 1574 1039 duce

95 1058 311 1101 copiarum,
352 1067 471 1100 regno
499 1057 651 1100 potitur.
717 1056 913 1091 l'otestate
941 1059 1042 1092 omni
1069 1059 1180 1092 modo
1206 1058 1378 1103 firmata,
1421 1062 1576 1096 condita.

95 1118 208 1149 etiam
233 1125 328 1148 nova
346 1115 462 1157 urbe,
488 1125 598 1158 quam
621 1124 642 1146 a
662 1125 729 1146 suo
753 1116 903 1149 nomine
922 1116 1198 1150 Cassandream
1217 1119 1445 1162 appellavit,
1473 1124 1511 1152 et
1535 1121 1575 1154 in

97 1175 259 1208 transitu
288 1173 473 1206 Boeotiae
504 1171 648 1205 Thebis
676 1172 871 1216 (citavit,
895 1175 997 1211 (3.13.
1025 1175 1096 1218 14.)
1123 1175 1368 1219 instauratis,
1400 1177 1439 1209 in
1457 1176 1574 1212 Pelo..

97 1243 307 1277 ponnesum
328 1237 466 1265 movet.
493 1242 522 1267 e.
543 1231 706 1266 49—54.

185 1289 244 1322 Ita
262 1290 491 1322 narrationis
514 1293 648 1322 tenore
672 1288 887 1333 generatim
914 1288 1126 1334 descripto,
1160 1289 1272 1324 simul
1298 1292 1575 1336 perspicuitati,

92 1347 205 1380 simul
223 1346 400 1380 brevitati
420 1347 608 1380 inservire
628 1346 767 1379 studui.
802 1345 980 1391 Singulas
1001 1348 1245 1396 historiarum
1259 1354 1388 1393 partes
1405 1351 1443 1384 in
1464 1361 1576 1396 argu-

93 1406 232 1438 mentis
254 1404 489 1449 singulorum
508 1404 690 1438 librorum
713 1406 927 1438 accuratius
948 1407 1210 1451 explicuimus.

182 1462 278 1496 dnn.
302 1466 338 1499 2.
386 1463 416 1495 Α
439 1462 553 1496 rebus
585 1463 763 1496 Asiaticis
791 1463 941 1496 initium
971 1465 1128 1508 capitur.
1176 1465 1406 1509 Antigonus,
1438 1465 1476 1498 in
1507 1463 1575 1499 Su-

92 1522 200 1555 siana
220 1521 354 1554 relicto
372 1520 528 1564 Aspisa,
554 1520 772 1565 praesecto,
792 1522 831 1554 in
853 1521 1105 1565 Babyloniam
1127 1533 1168 1556 se
1191 1516 1352 1558 confert.
1399 1522 1574 1567 Benigno

90 1579 142 1612 ibi
166 1577 330 1622 hospitio
351 1582 532 1622 exceptus
551 1589 573 1611 a
590 1578 773 1622 Seleuc03
812 1580 893 1613 eius
916 1581 1134 1624 provinciae
1162 1586 1335 1624 satrapa,
1368 1590 1450 1613 cum
1471 1581 1576 1613 redi-

91 1641 196 1670 tuum
217 1637 404 1669 rationem
430 1637 617 1680 exigeret,
640 1635 823 1670 Seleucus
842 1638 879 1671 id
899 1638 1138 1682 indignatus,
1160 1642 1199 1671 et
1218 1639 1395 1682 Antigoni
1414 1639 1574 1672 insidias

91 1699 282 1737 metuens,
307 1694 355 1727 ad
375 1694 638 1728 Ptolemaeum
656 1695 694 1727 in
711 1696 926 1739 Aegyptum
948 1695 1130 1740 confugit.
1172 1695 1354 1730 Chaldaei
1375 1698 1574 1731 interitum

89 1754 280 1797 Antigono
300 1752 543 1796 praedicunt,
576 1753 677 1796 quod
697 1752 898 1787 Seleucum
917 1754 1091 1787 manibus
1112 1754 1215 1787 elabi
1237 1765 1371 1798 passus
1389 1755 1449 1790 sit.
1499 1754 1574 1788 Ita-

92 1822 165 1857 que
192 1811 422 1854 Antigonus,
456 1815 610 1844 ostenta
635 1812 880 1855 expiaturus,
916 1817 955 1845 et
974 1812 1235 1846 Ptolemaeum
1259 1817 1297 1846 et
1316 1811 1572 1847 Cassandrum

93 1874 132 1903 et
158 1867 426 1913 Lysimachum
455 1868 527 1901 sibi
557 1870 742 1913 propitios
768 1869 932 1903 reddere
961 1870 1127 1913 studuit3
1163 1870 1231 1903 sed
1255 1869 1291 1902 hi
1314 1868 1573 1912 nihilominus,

91 1938 174 1961 cum
201 1927 433 1970 propositam
468 1927 724 1961 conditionem
765 1928 811 1961 de
836 1928 1051 1962 dividendis
1080 1928 1285 1972 provinciis
1314 1929 1352 1960 et
1380 1925 1573 1960 thesauris

92 1997 165 2019 non
185 1986 398 2027 acciperet,
421 1993 527 2017 arma
544 1986 580 2017 in
599 1996 683 2018 eum
706 1987 1034 2023 consociaverunt,
1064 1997 1093 2019 c.
1110 1976 1271 2022 55-57.
1317 1985 1496 2028 Antigoni
1514 1995 1573 2019 so-

92 2044 138 2076 cii
159 2042 351 2083 advocati,
377 2047 582 2086 apparatus
602 2043 780 2085 bellicus,
800 2044 986 2088 profectio
1007 2046 1043 2077 in
1064 2042 1293 2077 Phoenicen.
1317 2053 1347 2076 c.
1362 2045 1417 2078 58.
1469 2043 1574 2089 (Obi-

90 2105 150 2134 ter
167 2100 360 2133 Diodorus
380 2099 512 2142 refert,
534 2101 634 2134 circa
654 2100 725 2136 hoc
741 2107 904 2145 tenipus,
929 2103 1074 2135 Crateri
1095 2112 1183 2134 ossa
1203 2100 1419 2145 (efixxfln,
1445 2112 1474 2138 c.
1495 2104 1570 2147 30.)

87 2167 159 2201 per
178 2158 392 2190 Aristonem
412 2157 543 2192 Philae
565 2159 613 2192 ad
632 2161 865 2204 sepulturam
885 2160 1025 2193 tradita
1043 2170 1149 2201 esse3
1193 2160 1299 2192 cuius
1323 2160 1493 2193 mulieris
1519 2161 1574 2193 in-

91 2215 245 2258 genium
276 2217 518 2261 animumque
546 2218 754 2262 praedicat.
794 2229 825 2252 c.
843 2220 912 2262 59.)
972 2217 1100 2250 Duces
1126 2217 1303 2260 Antigoni
1331 2218 1369 2249 in
1390 2216 1575 2262 Pelopon-

91 2283 245 2316 nesum,
273 2274 570 2318 Cappadociam,
605 2275 825 2320 Bithyniam
849 2281 921 2309 cet.
939 2276 1066 2308 missi:
1099 2273 1386 2319 Polysperchon
1420 2280 1459 2309 et
1484 2276 1574 2310 Ale-

91 2329 260 2371 xander,
294 2331 376 2364 eius
401 2331 522 2373 filius,
554 2335 647 2367 socii
674 2334 776 2367 facti.
807 2345 838 2370 c,
861 2338 915 2371 60.
966 2335 1178 2378 Antigonus
1205 2333 1459 2367 Cassandrum
1490 2344 1572 2377 per-

92 2387 297 2420 duellionis
326 2398 433 2422 reum
462 2390 575 2432 facit3
610 2391 779 2425 Graecos
809 2392 999 2426 libertatis
1024 2403 1090 2436 spe
1117 2391 1257 2432 allicit3
1296 2401 1389 2434 quos
1413 2391 1569 2424 eosdem

89 2445 336 2479 Ptolemaeus
361 2447 409 2479 ad
438 2448 597 2482 eandem
618 2460 723 2493 spem
746 2456 895 2483 erectos
914 2452 952 2483 in
970 2461 1059 2483 suas
1079 2454 1208 2493 partes
1226 2447 1379 2482 trahere
1401 2454 1571 2483 conatur.

91 2504 187 2536 Tum
206 2502 336 2536 infesti
359 2507 570 2548 exercitus,
603 2508 639 2539 in
660 2507 832 2541 diversas
850 2513 979 2553 partes
998 2508 1183 2553 profecti,
1219 2511 1482 2545 recensentur.
1511 2508 1570 2551 61,

91 2564 147 2598 62.
197 2585 219 2601 ‚‚
234 2561 271 2593 ln
290 2559 360 2594 hoc
379 2567 481 2595 statu
497 2574 559 2597 res
578 2565 754 2608 Antigoni
774 2570 927 2599 erant.“

181 2619 375 2662 Expositis
392 2621 506 2653 rebus
526 2623 563 2654 in
582 2623 670 2655 Asia
689 2623 832 2666 gestis,
861 2627 1072 2668 sequuntur
1088 2633 1151 2657 res
1168 2622 1205 2655 in
1224 2622 1377 2667 Europa
1397 2623 1568 2666 etprimo

91 2675 242 2720 quidem
263 2677 299 2708 in
321 2676 483 2711 Graecia
503 2684 541 2712 et
561 2679 784 2713 Macedonia
802 2685 949 2724 gestae.
1000 2681 1265 2726 Apollonides,
1294 2680 1498 2713 Cassandri
1516 2681 1569 2714 le-

91 2738 223 2776 gatus,
259 2735 539 2778 expeditionem
561 2735 652 2770 facit
676 2739 711 2770 in
729 2739 950 2781 Arcadiam,
982 2740 1070 2773 inde
1100 2741 1137 2771 in
1164 2738 1406 2783 Argolidem,
1438 2738 1502 2771 ubi
1529 2739 1568 2772 in

92 2792 401 2827 adversariorum
432 2792 638 2829 factionem
667 2805 853 2830 summam
884 2802 1040 2832 exercet
1063 2797 1352 2834 immanitatem.
1409 2797 1568 2830 Cassan-
