1891 3310
339 157 400 195 lN
433 154 784 194 EXCERPTA
829 153 939 192 LlB.
976 153 1108 192 XXV.
1147 154 1299 195 XXVI.
1458 161 1551 199 415

94 269 302 317 Diodorus,
335 283 407 307 nec
426 271 552 307 minus
569 267 737 306 Basilius
758 268 922 318 Magnus
942 266 1086 306 Homil.
1110 267 1185 304 ΧΙ.
1211 281 1246 316 p.
1263 268 1338 309 25.
1366 269 1556 318 Tom.ll.‚

95 340 206 377 quem
225 327 366 364 adiisse
394 339 474 363 non
497 325 723 374 poenitebit.
779 325 916 363 WEss.

209 396 314 435 513.
356 395 429 434 69.
476 390 682 440 Εὗὸοξίαν
712 390 1007 459 ἐπιφέρεσθαι]
1053 387 1398 459 Ἀποᾳὲρεσθαι.
1448 394 1555 437 Quae

93 452 223 488 statim
243 457 524 497 annectuntur,
555 453 610 487 sic
630 450 804 488 emendo:
838 449 914 489 εἰσὶ
934 444 1012 502 γάρ
1033 462 1152 497 τινες,
1184 464 1312 500 oquae,
1339 463 1555 503 φυσεις-

93 508 161 546 καὶ
180 503 374 559 καθάπερ
393 513 465 544 etc.
526 506 663 543 RHOD.

208 576 312 615 513
343 574 416 614 75.
467 571 573 613 Οὔτε
601 569 731 623 βου)’
698 587 853 623 ομεναι
885 571 1013 628 dorstat,
1061 569 1154 613 ου’τε
1188 570 1441 625 δυνάμεναι]
1498 572 1553 611 Et

93 633 157 679 qui
177 637 334 679 possent
354 629 510 666 tandem
531 630 769 667 invidentiae
791 629 859 666 hac
878 631 1026 666 macula
1038 629 1201 667 1nfect1‘l
1241 627 1362 669 ‘'Oooc
1389 628 1468 682 γὰρ
1499 628 1553 669 τὰ

93 689 230 733 namq
242 684 445 752 ῥηθέντα
473 702 498 738 η
530 684 775 737 πραχθέντα
814 683 881 724 διὰ
911 682 1076 738 qfflivov
1102 684 1176 726 οὐκ
1197 685 1428 734 ἔπαινουσι,
1463 701 1554 733 πως

93 743 206 783 οὗτοι
224 740 274 782 ἂν
298 748 384 789 τοῖς
405 740 472 795 ἕο)
475 758 535 790 οις
553 738 834 796 uispehjoamq
867 748 910 779 ut
933 744 1049 791 probe
1069 745 1161 781 olim
1181 750 1218 796 et
1237 744 1432 792 praeclare
1447 743 1553 781 Ana-

94 803 279 838 ximenes.
335 799 470 837 XVESS.

209 858 313 896 513.
346 858 420 896 77.
445 851 525 895 Διὸ
547 869 646 901 τους
666 850 974 907 εὖφρονοῦντας
993 858 1079 901 etc.]
1106 855 1249 893 Nescio
1270 869 1319 893 an
1339 858 1553 894 mutatione

93 914 303 950 accusativi
330 915 372 949 in
405 912 579 949 dativum
609 912 872 948 restituendus
904 910 966 948 hic
990 913 1097 949 locus
1122 915 1173 949 sit
1197 914 1271 950 isto
1295 920 1430 963 pacto,
1466 918 1556 960 τοῖς

91 968 168 1020 μὲν
189 977 260 1006 etc
290 963 619 1021 κατωοθωκόσιν
640 963 810 1020 ἁρετην·
851 969 914 1005 vel
942 975 1027 1017 post
1060 966 1368 1021 εὐᾳροιοῢντας
1389 971 1556 1007 colloce-

93 1032 158 1061 tur
188 1026 417 1075 praepositio
443 1023 530 1071 ἐπὶ,
570 1026 634 1062 vel
663 1023 725 1070 ἐς,
772 1027 835 1061 vel
864 1038 982 1075 προς.
1043 1023 1128 1071 Tu,
1159 1027 1302 1073 lector,
1335 1026 1482 1073 iudica,
1514 1032 1553 1062 et

91 1083 229 1119 melius
260 1078 456 1132 εὐστόχει.
507 1079 644 1118 RHOD.
718 1077 799 1120 Aa)
833 1079 952 1133 (χοῂ)
982 1095 1080 1127 τους
1107 1074 1150 1120 εὖ
1177 1084 1440 1134 φθονοῦντας
1460 1079 1554 1132 etc.]

91 1137 178 1175 Hoc
202 1140 351 1186 recepi,
387 1145 425 1175 et
452 1142 539 1184 τοῖς
556 1132 905 1189 κατωοθωκόσιν,
946 1149 1176 1187 quamquam
1197 1145 1394 1187 praestare
1421 1141 1556 1187 nolim,

92 1197 150 1232 ita
170 1197 323 1233 venisse
344 1195 390 1232 ab
416 1201 584 1232 auctore.
645 1194 692 1231 W
697 1205 780 1231 Ess.

210 1264 315 1302 513.
360 1264 432 1303 83.
473 1258 865 1313 Χειιιιαλειπτῆσας]
927 1261 1004 1298 Pro
1028 1258 1381 1314 χειμαλειπτήσας
1407 1274 1554 1310 repono

93 1315 451 1370 σωμαλειπτήσας.
510 1319 639 1356 Etiam
666 1319 728 1356 hic
758 1319 948 1368 Apodosis
977 1321 1273 1368 comparationis
1301 1327 1450 1355 resecta
1485 1326 1555 1355 est.

91 1374 228 1413 Ruon.
287 1371 673 1442 Χειραλειπτησας]
716 1375 854 1412 Verius
876 1389 958 1411 esse
972 1376 1117 1425 χειρα)
1109 1389 1336 1426 ειπτησας,
1370 1387 1555 1424 quorsum

87 1432 237 1498 Aet-[nal
228 1428 436 1484 ..ειπτήσας
457 1431 783 1469 Hoeschelianum
805 1432 1011 1469 manifesto
1033 1431 1159 1479 ducit,
1199 1432 1317 1468 didici
1347 1445 1394 1468 ex
1418 1431 1554 1479 suida,

93 1491 159 1538 qui
190 1490 230 1525 in
260 1484 640 1540 Χειραλειπτήσας·
687 1484 848 1539 Φάβιος
872 1483 1117 1540 Δικτάτωο,
1164 1484 1356 1541 καθάπερ
1390 1485 1555 1555 ἀγαθὸς

87 1541 283 1596 ἄθλητης
304 1542 433 1612 πρλυν
448 1542 793 1598 χειραλειπτήσας
808 1559 962 1596 Apovm
973 1572 984 1591 ,
1011 1543 1074 1583 ἔπι
1095 1541 1169 1584 τὸν
1191 1542 1332 1597 ἀγῶνα
1352 1560 1552 1596 κατηντα.

94 1599 144 1640 ἀι
149 1601 184 1640 τὶ
206 1602 293 1649 τοῦ,
323 1598 510 1654 ἀσκήσας
529 1617 604 1654 την
623 1607 759 1654 χεῖρα.
793 1602 923 1650 ltaque
948 1602 984 1638 id
1011 1604 1198 1648 instaura,
1221 1610 1361 1651 etquae
1384 1602 1429 1637 de
1445 1601 1555 1638 Han-

94 1658 225 1695 nibale
255 1657 466 1708 adscripsi,
504 1665 685 1706 tanquam
715 1672 794 1696 non
821 1659 924 1695 dicta
954 1657 1105 1694 habeto.
1163 1657 1325 1696 Fabium
1344 1661 1448 1695 enim
1467 1671 1555 1709 spe-

92 1721 203 1752 ctant
222 1715 436 1752 clarissimo
464 1715 607 1752 Suidae
631 1716 789 1753 indicio.
846 1715 985 1752 WEss.
1008 1717 1050 1751 in
1068 1714 1168 1751 Add.

209 1783 312 1822 513.
343 1783 415 1823 85.
454 1782 539 1822 Καὶ
558 1778 731 1834 δύναμιν
749 1781 1047 1834 πεποιημένος]
1087 1781 1156 1819 Sic
1178 1795 1246 1832 pro
1267 1779 1553 1832 πεποιημένων

91 1838 253 1890 refingo.
282 1838 487 1876 Pertinent
504 1840 552 1876 ad
564 1839 837 1887 Hannibalem,
869 1841 934 1888 qui
958 1841 1089 1876 multis
1106 1846 1197 1875 ante
1217 1852 1256 1875 se
1276 1839 1553 1875 certaminibus

91 1903 411 1947 praeparaverat,
439 1908 551 1944 quam
576 1894 770 1933 Romanos
795 1890 1083 1947 adgrederetur.
1142 1895 1213 1932 Vir
1243 1895 1378 1933 doctus
1404 1897 1445 1931 in
1472 1901 1552 1932 not.

91 1965 245 1990 suarum
287 1923 599 1990 Corre’ctionibus
634 1950 1010 2006 πεοιπεποιημένων
1054 1952 1298 1989 scribendum
1340 1958 1555 1997 monuerat,

91 2012 201 2059 quasi
232 2004 408 2059 δύναμιν
436 2010 648 2048 ποιεῖσθαι
677 2023 700 2046 a
727 2012 914 2047 sermonis
934 2010 1050 2060 genio
1068 2008 1290 2057 abluderet,
1323 2008 1425 2058 quod
1444 2020 1554 2045 secus

92 2079 175 2103 esse
198 2066 246 2103 ad
270 2064 311 2102 L.
325 2065 398 2104 XI.
422 2067 495 2105 39.
520 2066 704 2116 exemplis
727 2066 892 2105 firmavi.
951 2066 1086 2103 Wnss.

207 2134 313 2174 513.
346 2135 418 2174 87.
463 2127 650 2180 Σωσιὶος
678 2132 722 2172 df*
752 2129 957 2202 5⁷'I7ltog'l
990 2128 1225 2172 Rhodom.(‘1
1255 2127 1414 2178 Ἰλιεύς.
1454 2131 1554 2168 Vul-

90 2196 223 2242 gatum
249 2190 429 2227 defendet
448 2188 668 2239 Stephanus
696 2189 859 2240 Byzant.
888 2193 929 2228 in
947 2187 1085 2228 Ἴλιον.
1143 2189 1315 2226 Sosilum
1349 2190 1395 2226 ob
1430 2190 1553 2225 aniles

90 2248 241 2285 fabulas
270 2254 308 2284 et
329 2248 434 2284 leves
457 2249 699 2284 rumusculos
725 2247 907 2284 historiae
928 2250 1095 2284 insertos
1114 2249 1290 2297 graviter
1309 2253 1415 2282 taxat
1435 2246 1555 2295 Poly-

92 2304 181 2341 bius
202 2304 244 2342 L.
261 2302 329 2343 lll.
354 2305 430 2343 20.
472 2302 570 2340 Vide
593 2304 771 2341 Vossium
795 2303 940 2341 Histor.
960 2303 1098 2342 Graec.
1126 2304 1167 2340 L.
1186 2302 1213 2342 Ι.
1242 2306 1312 2343 17.
1338 2304 1437 2339 male
1461 2301 1554 2338 haec

92 2361 371 2397 exscribentem
409 2367 522 2408 atque
552 2373 596 2397 ea
619 2373 667 2397 ex
688 2374 822 2397 caussa
842 2367 1018 2397 notatum
1038 2373 1060 2396 a
1079 2358 1194 2395 Bosio
1215 2360 1264 2396 ad
1286 2360 1424 2407 Nepot.
1445 2357 1554 2394 Han—

92 2417 173 2455 nib.
199 2430 230 2453 c.
246 2417 312 2456 13.
357 2415 555 2453 Menodoti
576 2430 691 2463 vero,
720 2417 832 2454 domo
851 2416 1068 2463 Perinthii,
1098 2418 1165 2464 qui
1185 2429 1246 2453 res
1269 2416 1437 2453 Graecas
1459 2427 1554 2451 con-

92 2475 292 2511 mentariis
322 2475 402 2509 suis
434 2478 493 2509 est
523 2475 757 2521 conplexus,
798 2474 896 2522 apud
926 2475 1024 2510 alios
1044 2474 1247 2522 plerosque
1280 2473 1555 2509 obscurissima

93 2536 152 2566 est
175 2530 288 2567 fama.
347 2530 507 2566 Vossius
530 2531 658 2577 plures
682 2543 726 2566 eo
750 2533 904 2567 nomine
924 2537 1120 2575 recenset,
1149 2529 1194 2565 de
1219 2528 1418 2566 Perinthio
1444 2527 1554 2564 nihil.

92 2585 220 2623 Habet
247 2585 439 2622 hominem
475 2585 525 2622 lo.
546 2585 698 2622 lonsius
729 2585 811 2623 Lib.
828 2586 893 2623 lv.
924 2586 969 2622 (le
992 2585 1136 2635 Script.
1161 2585 1209 2622 H.
1230 2585 1330 2622 Phil.
1348 2593 1440 2621 sect.
1465 2584 1553 2630 37.‚

94 2643 159 2680 sed
174 2645 288 2680 aliam
309 2645 349 2679 in
367 2644 530 2692 patriam
550 2646 838 2690 transcriptum.
880 2644 1129 2682 Menodotus
1150 2642 1391 2687 Corinthius,
1416 2641 1554 2689 inquit,

94 2700 206 2737 libris
234 2710 328 2735 XW.
362 2696 413 2737 τὰ
435 2694 652 2750 Ἑλληνικὰ
674 2701 900 2750 complexus
921 2705 1000 2745 est,
1038 2706 1084 2736 ut
1104 2706 1248 2736 auctor
1270 2705 1331 2735 est
1349 2697 1554 2734 Diodorus

95 2755 178 2794 Sic.
203 2756 288 2793 Ecl.
310 2755 354 2793 L.
370 2755 566 2801 XXVI.,·
604 2767 715 2803 quem
743 2756 895 2804 quidem
915 2769 1085 2792 errorem
1110 2755 1382 2792 Rhodomanni
1406 2752 1554 2789 Latinis

94 2812 228 2859 debet,
275 2814 318 2850 in
347 2813 484 2863 quibus
514 2820 551 2849 et
580 2812 693 2850 domo
727 2812 956 2850 Corinthius
995 2819 1033 2849 et
1059 2815 1229 2861 scriptor
1257 2812 1444 2849 librorum
1476 2819 1552 2845 xlv
