<?xml version="1.0" encoding="UTF-8"?>
<!DOCTYPE html PUBLIC "-//W3C//DTD XHTML 1.0 Transitional//EN"
    "http://www.w3.org/TR/xhtml1/DTD/xhtml1-transitional.dtd">
<html xmlns="http://www.w3.org/1999/xhtml" xml:lang="en" lang="en">
 <head>
  <title>
</title>
<meta http-equiv="Content-Type" content="text/html;charset=utf-8" />
  <meta name='ocr-system' content='tesseract 3.04.00' />
  <meta name='ocr-capabilities' content='ocr_page ocr_carea ocr_par ocr_line ocrx_word'/>
</head>
<body>
  <div class='ocr_page' id='page_1' title='image "./bibliothecahisto05dioduoft_0126.png"; bbox 0 0 1859 3326; ppageno 0'>
   <div class='ocr_carea' id='block_1_1' title="bbox 278 198 1255 251">
    <p class='ocr_par' dir='ltr' id='par_1_1' title="bbox 278 198 1255 251">
     <span class='ocr_line' id='line_1_1' title="bbox 278 198 1255 251; baseline -0.004 0"><span class='ocrx_word' id='word_1_1' title='bbox 278 210 370 251; x_wconf 74' lang='grc'>116</span> <span class='ocrx_word' id='word_1_2' title='bbox 609 228 611 230; x_wconf 88' lang='grc'>-</span> <span class='ocrx_word' id='word_1_3' title='bbox 704 198 1255 249; x_wconf 56' lang='grc' dir='ltr'>ΑΝΝοΤΑ-ΤιοΝΕε</span> 
     </span>
    </p>
   </div>
   <div class='ocr_carea' id='block_1_2' title="bbox 277 317 1753 1330">
    <p class='ocr_par' dir='ltr' id='par_1_2' title="bbox 277 317 1753 1330">
     <span class='ocr_line' id='line_1_2' title="bbox 277 317 1729 362; baseline 0.002 -3"><span class='ocrx_word' id='word_1_4' title='bbox 277 319 558 359; x_wconf 73' lang='lat' dir='ltr'>Demosthenes</span> <span class='ocrx_word' id='word_1_5' title='bbox 570 317 855 358; x_wconf 71' lang='lat' dir='ltr'>Orchomenum</span> <span class='ocrx_word' id='word_1_6' title='bbox 875 327 913 357; x_wconf 85' lang='lat' dir='ltr'>et</span> <span class='ocrx_word' id='word_1_7' title='bbox 925 318 1133 359; x_wconf 82' lang='lat' dir='ltr'>Coroniam</span> <span class='ocrx_word' id='word_1_8' title='bbox 1154 335 1178 360; x_wconf 87' lang='lat' dir='ltr'>a</span> <span class='ocrx_word' id='word_1_9' title='bbox 1194 321 1454 360; x_wconf 70' lang='lat' dir='ltr'>phocensibus</span> <span class='ocrx_word' id='word_1_10' title='bbox 1468 317 1635 361; x_wconf 81' lang='lat' dir='ltr'>insessas</span> <span class='ocrx_word' id='word_1_11' title='bbox 1649 330 1689 362; x_wconf 82' lang='lat' dir='ltr'>et</span> <span class='ocrx_word' id='word_1_12' title='bbox 1705 336 1729 362; x_wconf 78' lang='lat' dir='ltr'>a</span> 
     </span>
     <span class='ocr_line' id='line_1_3' title="bbox 277 376 1729 428; baseline 0.001 -12"><span class='ocrx_word' id='word_1_13' title='bbox 277 378 434 416; x_wconf 83' lang='lat' dir='ltr'>Boeotis</span> <span class='ocrx_word' id='word_1_14' title='bbox 455 377 736 414; x_wconf 69' lang='lat' dir='ltr'>studiosissime</span> <span class='ocrx_word' id='word_1_15' title='bbox 756 378 937 426; x_wconf 80' lang='lat' dir='ltr'>repetitas</span> <span class='ocrx_word' id='word_1_16' title='bbox 957 385 1142 415; x_wconf 86' lang='lat' dir='ltr'>memorat</span> <span class='ocrx_word' id='word_1_17' title='bbox 1161 378 1274 416; x_wconf 69' lang='lat' dir='ltr'>Orat.</span> <span class='ocrx_word' id='word_1_18' title='bbox 1294 377 1340 415; x_wconf 86' lang='lat' dir='ltr'>de</span> <span class='ocrx_word' id='word_1_19' title='bbox 1354 379 1443 416; x_wconf 89' lang='lat' dir='ltr'>Pac.</span> <span class='ocrx_word' id='word_1_20' title='bbox 1465 390 1502 428; x_wconf 85' lang='lat' dir='ltr'>p.</span> <span class='ocrx_word' id='word_1_21' title='bbox 1520 380 1594 420; x_wconf 77' lang='lat'>42.</span> <span class='ocrx_word' id='word_1_22' title='bbox 1625 376 1729 418; x_wconf 77' lang='lat' dir='ltr'>&#39;et-&#39;de</span> 
     </span>
     <span class='ocr_line' id='line_1_4' title="bbox 279 432 1729 486; baseline 0.001 -14"><span class='ocrx_word' id='word_1_23' title='bbox 279 434 371 486; x_wconf 82' lang='lat' dir='ltr'><strong>Leg.</strong></span> <span class='ocrx_word' id='word_1_24' title='bbox 388 434 473 472; x_wconf 83' lang='lat' dir='ltr'><strong>fals.</strong></span> <span class='ocrx_word' id='word_1_25' title='bbox 494 432 651 483; x_wconf 84' lang='lat' dir='ltr'><strong>p.223.</strong></span> <span class='ocrx_word' id='word_1_26' title='bbox 678 439 716 469; x_wconf 81' lang='lat' dir='ltr'>et</span> <span class='ocrx_word' id='word_1_27' title='bbox 737 444 771 481; x_wconf 88' lang='lat' dir='ltr'>p·</span> <span class='ocrx_word' id='word_1_28' title='bbox 786 434 907 481; x_wconf 60' lang='lat'>230„</span> <span class='ocrx_word' id='word_1_29' title='bbox 928 433 994 471; x_wconf 87' lang='lat' dir='ltr'>ubi</span> <span class='ocrx_word' id='word_1_30' title='bbox 1013 432 1200 485; x_wconf 69' lang='grc' dir='ltr'><em>Κορσιὰς</em></span> <span class='ocrx_word' id='word_1_31' title='bbox 1220 435 1406 486; x_wconf 83' lang='lat' dir='ltr'>adiungit.</span> <span class='ocrx_word' id='word_1_32' title='bbox 1431 435 1558 473; x_wconf 83' lang='lat' dir='ltr'>Habet</span> <span class='ocrx_word' id='word_1_33' title='bbox 1578 435 1729 474; x_wconf 83' lang='lat' dir='ltr'>easdem</span> 
     </span>
     <span class='ocr_line' id='line_1_5' title="bbox 280 488 1730 542; baseline 0 -13"><span class='ocrx_word' id='word_1_34' title='bbox 280 504 329 529; x_wconf 83' lang='lat' dir='ltr'>ex</span> <span class='ocrx_word' id='word_1_35' title='bbox 358 503 403 527; x_wconf 91' lang='lat' dir='ltr'>eo</span> <span class='ocrx_word' id='word_1_36' title='bbox 433 491 518 527; x_wconf 87' lang='lat' dir='ltr'>loco</span> <span class='ocrx_word' id='word_1_37' title='bbox 541 488 836 539; x_wconf 77' lang='lat' dir='ltr'>Harpocration,</span> <span class='ocrx_word' id='word_1_38' title='bbox 864 491 930 538; x_wconf 86' lang='lat' dir='ltr'>qui</span> <span class='ocrx_word' id='word_1_39' title='bbox 952 495 1090 527; x_wconf 85' lang='lat' dir='ltr'>testem</span> <span class='ocrx_word' id='word_1_40' title='bbox 1112 490 1210 528; x_wconf 87' lang='lat' dir='ltr'>citat</span> <span class='ocrx_word' id='word_1_41' title='bbox 1231 490 1532 542; x_wconf 82' lang='lat' dir='ltr'><strong>Theopompum.</strong></span> <span class='ocrx_word' id='word_1_42' title='bbox 1571 491 1615 529; x_wconf 89' lang='lat' dir='ltr'>In</span> <span class='ocrx_word' id='word_1_43' title='bbox 1637 491 1730 530; x_wconf 87' lang='lat' dir='ltr'>Ste-</span> 
     </span>
     <span class='ocr_line' id='line_1_6' title="bbox 280 544 1730 602; baseline 0.002 -18"><span class='ocrx_word' id='word_1_44' title='bbox 280 547 407 597; x_wconf 85' lang='lat' dir='ltr'>phano</span> <span class='ocrx_word' id='word_1_45' title='bbox 426 544 618 598; x_wconf 72' lang='grc' dir='ltr'><em>λορσία,</em></span> <span class='ocrx_word' id='word_1_46' title='bbox 648 557 696 581; x_wconf 79' lang='lat' dir='ltr'>ex</span> <span class='ocrx_word' id='word_1_47' title='bbox 721 545 910 583; x_wconf 84' lang='lat' dir='ltr'>Pausania</span> <span class='ocrx_word' id='word_1_48' title='bbox 930 545 972 583; x_wconf 99' lang='lat' dir='ltr'>L.</span> <span class='ocrx_word' id='word_1_49' title='bbox 987 545 1055 583; x_wconf 94' lang='grc' dir='ltr'>ΙΧ.</span> <span class='ocrx_word' id='word_1_50' title='bbox 1080 546 1170 594; x_wconf 66' lang='lat'><strong>24..</strong></span> <span class='ocrx_word' id='word_1_51' title='bbox 1189 545 1256 584; x_wconf 85' lang='lat' dir='ltr'>sed</span> <span class='ocrx_word' id='word_1_52' title='bbox 1276 549 1338 584; x_wconf 90' lang='lat' dir='ltr'>cui</span> <span class='ocrx_word' id='word_1_53' title='bbox 1358 561 1402 585; x_wconf 85' lang='lat' dir='ltr'>ea</span> <span class='ocrx_word' id='word_1_54' title='bbox 1420 549 1512 585; x_wconf 82' lang='lat' dir='ltr'>urbs</span> <span class='ocrx_word' id='word_1_55' title='bbox 1533 546 1730 602; x_wconf 68' lang='grc' dir='ltr'><em>Κορσείω</em></span> 
     </span>
     <span class='ocr_line' id='line_1_7' title="bbox 280 601 1745 660; baseline 0.001 -19"><span class='ocrx_word' id='word_1_56' title='bbox 280 610 324 642; x_wconf 88' lang='lat' dir='ltr'>ut</span> <span class='ocrx_word' id='word_1_57' title='bbox 343 604 438 641; x_wconf 90' lang='lat' dir='ltr'>adeo</span> <span class='ocrx_word' id='word_1_58' title='bbox 450 601 788 652; x_wconf 83' lang='lat' dir='ltr'>Ethnicographus</span> <span class='ocrx_word' id='word_1_59' title='bbox 809 601 994 640; x_wconf 84' lang='lat' dir='ltr'>vitiosum</span> <span class='ocrx_word' id='word_1_60' title='bbox 1019 603 1193 641; x_wconf 85' lang='lat' dir='ltr'><strong>codicem</strong></span> <span class='ocrx_word' id='word_1_61' title='bbox 1212 605 1265 641; x_wconf 88' lang='lat' dir='ltr'>sit</span> <span class='ocrx_word' id='word_1_62' title='bbox 1287 611 1451 642; x_wconf 87' lang='lat' dir='ltr'>secutus.</span> <span class='ocrx_word' id='word_1_63' title='bbox 1482 603 1530 642; x_wconf 82' lang='lat' dir='ltr'>Is.</span> <span class='ocrx_word' id='word_1_64' title='bbox 1551 605 1745 660; x_wconf 23' lang='lat' dir='ltr'>Vossium·</span> 
     </span>
     <span class='ocr_line' id='line_1_8' title="bbox 279 657 1751 709; baseline -0.003 -10"><span class='ocrx_word' id='word_1_65' title='bbox 279 660 370 700; x_wconf 84' lang='lat' dir='ltr'>vide</span> <span class='ocrx_word' id='word_1_66' title='bbox 389 659 437 696; x_wconf 81' lang='lat' dir='ltr'>ad</span> <span class='ocrx_word' id='word_1_67' title='bbox 461 658 613 709; x_wconf 84' lang='lat' dir='ltr'>Scylac.</span> <span class='ocrx_word' id='word_1_68' title='bbox 634 670 670 707; x_wconf 88' lang='lat' dir='ltr'>p.</span> <span class='ocrx_word' id='word_1_69' title='bbox 693 659 766 698; x_wconf 87' lang='grc'>33.</span> <span class='ocrx_word' id='word_1_70' title='bbox 794 657 929 696; x_wconf 80' lang='lat' dir='ltr'><strong>WEss.</strong></span> <span class='ocrx_word' id='word_1_71' title='bbox 1532 675 1535 678; x_wconf 82' lang='lat'><em>-</em></span> <span class='ocrx_word' id='word_1_72' title='bbox 1744 657 1751 664; x_wconf 71' lang='lat'>‘</span> 
     </span>
     <span class='ocr_line' id='line_1_9' title="bbox 396 709 1729 775; baseline 0 -19"><span class='ocrx_word' id='word_1_73' title='bbox 396 717 499 756; x_wconf 89' lang='grc'><strong>127.</strong></span> <span class='ocrx_word' id='word_1_74' title='bbox 527 715 600 754; x_wconf 89' lang='lat'><em>73</em></span> <span class='ocrx_word' id='word_1_75' title='bbox 633 713 718 754; x_wconf 83' lang='grc' dir='ltr'>Καὶ</span> <span class='ocrx_word' id='word_1_76' title='bbox 736 709 990 766; x_wconf 73' lang='grc' dir='ltr'><em>βουλόμενος</em></span> <span class='ocrx_word' id='word_1_77' title='bbox 1015 710 1067 755; x_wconf 81' lang='grc' dir='ltr'>τὰ</span> <span class='ocrx_word' id='word_1_78' title='bbox 1085 712 1329 769; x_wconf 73' lang='grc' dir='ltr'><em>Λευκτρικὰ</em></span> <span class='ocrx_word' id='word_1_79' title='bbox 1349 729 1470 775; x_wconf 73' lang='grc' dir='ltr'>φροι</span> <span class='ocrx_word' id='word_1_80' title='bbox 1465 712 1729 771; x_wconf 76' lang='grc' dir='ltr'><strong><em>συστεῖλαι]</em></strong></span> 
     </span>
     <span class='ocr_line' id='line_1_10' title="bbox 282 769 1733 822; baseline 0 -12"><span class='ocrx_word' id='word_1_81' title='bbox 282 772 424 810; x_wconf 86' lang='lat' dir='ltr'>Orator</span> <span class='ocrx_word' id='word_1_82' title='bbox 457 770 689 819; x_wconf 84' lang='lat' dir='ltr'>AeschineS‚</span> <span class='ocrx_word' id='word_1_83' title='bbox 717 773 782 820; x_wconf 88' lang='lat' dir='ltr'>qui</span> <span class='ocrx_word' id='word_1_84' title='bbox 813 769 886 808; x_wconf 83' lang='lat' dir='ltr'>hoc</span> <span class='ocrx_word' id='word_1_85' title='bbox 914 777 1084 821; x_wconf 86' lang='lat' dir='ltr'>tempore</span> <span class='ocrx_word' id='word_1_86' title='bbox 1115 773 1265 822; x_wconf 84' lang='lat' dir='ltr'>legatus</span> <span class='ocrx_word' id='word_1_87' title='bbox 1295 771 1343 809; x_wconf 87' lang='lat' dir='ltr'>ad</span> <span class='ocrx_word' id='word_1_88' title='bbox 1368 772 1592 822; x_wconf 80' lang='lat' dir='ltr'>Philippum</span> <span class='ocrx_word' id='word_1_89' title='bbox 1619 775 1733 821; x_wconf 79' lang='lat' dir='ltr'>ierat,</span> 
     </span>
     <span class='ocr_line' id='line_1_11' title="bbox 280 828 1734 876; baseline -0.001 -9"><span class='ocrx_word' id='word_1_90' title='bbox 280 829 578 867; x_wconf 76' lang='lat' dir='ltr'>renuntiaverat</span> <span class='ocrx_word' id='word_1_91' title='bbox 607 840 687 864; x_wconf 86' lang='lat' dir='ltr'>non</span> <span class='ocrx_word' id='word_1_92' title='bbox 715 828 921 865; x_wconf 82' lang='lat' dir='ltr'>dissimilia</span> <span class='ocrx_word' id='word_1_93' title='bbox 942 828 1092 866; x_wconf 85' lang='lat' dir='ltr'>civibus</span> <span class='ocrx_word' id='word_1_94' title='bbox 1115 831 1231 876; x_wconf 80' lang='lat' dir='ltr'>suis,</span> <span class='ocrx_word' id='word_1_95' title='bbox 1246 828 1359 866; x_wconf 90' lang='lat' dir='ltr'>modo</span> <span class='ocrx_word' id='word_1_96' title='bbox 1379 828 1497 865; x_wconf 84' lang='lat' dir='ltr'>fidere</span> <span class='ocrx_word' id='word_1_97' title='bbox 1516 830 1632 867; x_wconf 79' lang='lat' dir='ltr'>liceat</span> <span class='ocrx_word' id='word_1_98' title='bbox 1651 830 1734 867; x_wconf 83' lang='lat' dir='ltr'>eius</span> 
     </span>
     <span class='ocr_line' id='line_1_12' title="bbox 280 881 1737 954; baseline 0.001 -32"><span class='ocrx_word' id='word_1_99' title='bbox 280 885 503 927; x_wconf 70' lang='lat' dir='ltr'>adversario</span> <span class='ocrx_word' id='word_1_100' title='bbox 516 883 788 921; x_wconf 84' lang='lat' dir='ltr'>Demostheni.</span> <span class='ocrx_word' id='word_1_101' title='bbox 811 883 932 931; x_wconf 77' lang='grc' dir='ltr'><em>οὗτος</em></span> <span class='ocrx_word' id='word_1_102' title='bbox 944 899 993 936; x_wconf 75' lang='grc' dir='ltr'>με</span> <span class='ocrx_word' id='word_1_103' title='bbox 978 883 1019 924; x_wconf 68' lang='grc' dir='ltr'>ἐν</span> <span class='ocrx_word' id='word_1_104' title='bbox 1027 882 1131 954; x_wconf 46' lang='grc' dir='ltr'>Ηγὰρ</span> <span class='ocrx_word' id='word_1_105' title='bbox 1139 881 1218 939; x_wconf 67' lang='grc' dir='ltr'>ἔφη</span> <span class='ocrx_word' id='word_1_106' title='bbox 1236 882 1419 931; x_wconf 76' lang='grc' dir='ltr'>Θεσπιὰς</span> <span class='ocrx_word' id='word_1_107' title='bbox 1436 883 1737 932; x_wconf 79' lang='grc' dir='ltr'><em>καὶΠλα-ῐαιὰς</em></span> 
     </span>
     <span class='ocr_line' id='line_1_13' title="bbox 281 937 1736 1008; baseline 0.001 -28"><span class='ocrx_word' id='word_1_108' title='bbox 281 938 410 980; x_wconf 73' lang='grc' dir='ltr'>αὐτὼ</span> <span class='ocrx_word' id='word_1_109' title='bbox 423 937 676 1007; x_wconf 56' lang='grc' dir='ltr'><em>(Φίλιπῖεον)</em></span> <span class='ocrx_word' id='word_1_110' title='bbox 689 944 861 991; x_wconf 75' lang='grc' dir='ltr'><em>τειχιεῖν,</em></span> <span class='ocrx_word' id='word_1_111' title='bbox 882 939 950 980; x_wconf 79' lang='grc' dir='ltr'>καὶ</span> <span class='ocrx_word' id='word_1_112' title='bbox 969 938 1156 1008; x_wconf 69' lang='grc' dir='ltr'><strong><em>τοίςμὲν</em></strong></span> <span class='ocrx_word' id='word_1_113' title='bbox 1173 939 1346 988; x_wconf 76' lang='grc' dir='ltr'><em>Φωκέας</em></span> <span class='ocrx_word' id='word_1_114' title='bbox 1364 939 1438 980; x_wconf 75' lang='grc' dir='ltr'>οὐκ</span> <span class='ocrx_word' id='word_1_115' title='bbox 1458 939 1640 989; x_wconf 75' lang='grc' dir='ltr'>ἀπολεῖν,</span> <span class='ocrx_word' id='word_1_116' title='bbox 1658 939 1736 994; x_wconf 76' lang='grc' dir='ltr'>τὴν</span> 
     </span>
     <span class='ocr_line' id='line_1_14' title="bbox 282 992 1738 1048; baseline -0.001 -12"><span class='ocrx_word' id='word_1_117' title='bbox 282 996 326 1036; x_wconf 71' lang='grc' dir='ltr'>δὲ</span> <span class='ocrx_word' id='word_1_118' title='bbox 349 995 549 1048; x_wconf 75' lang='grc' dir='ltr'>Θηβαίων</span> <span class='ocrx_word' id='word_1_119' title='bbox 572 994 691 1048; x_wconf 70' lang='grc' dir='ltr'>ύβριν</span> <span class='ocrx_word' id='word_1_120' title='bbox 721 992 820 1048; x_wconf 77' lang='grc' dir='ltr'>υμῖν</span> <span class='ocrx_word' id='word_1_121' title='bbox 844 992 1089 1037; x_wconf 77' lang='grc' dir='ltr'><em>καταλύσειν</em></span> <span class='ocrx_word' id='word_1_122' title='bbox 1111 996 1179 1036; x_wconf 89' lang='lat' dir='ltr'>Or.</span> <span class='ocrx_word' id='word_1_123' title='bbox 1199 997 1246 1035; x_wconf 88' lang='lat' dir='ltr'>de</span> <span class='ocrx_word' id='word_1_124' title='bbox 1266 997 1358 1048; x_wconf 86' lang='lat' dir='ltr'><strong>Leg.</strong></span> <span class='ocrx_word' id='word_1_125' title='bbox 1377 996 1480 1035; x_wconf 87' lang='lat' dir='ltr'>Fals.</span> <span class='ocrx_word' id='word_1_126' title='bbox 1500 1009 1537 1047; x_wconf 90' lang='lat' dir='ltr'>p.</span> <span class='ocrx_word' id='word_1_127' title='bbox 1561 999 1668 1038; x_wconf 87' lang='lat'><strong>223.</strong></span> <span class='ocrx_word' id='word_1_128' title='bbox 1698 1003 1738 1035; x_wconf 81' lang='lat' dir='ltr'>et</span> 
     </span>
     <span class='ocr_line' id='line_1_15' title="bbox 284 1051 1737 1103; baseline 0.001 -13"><span class='ocrx_word' id='word_1_129' title='bbox 284 1053 352 1092; x_wconf 88' lang='lat' dir='ltr'>Or.</span> <span class='ocrx_word' id='word_1_130' title='bbox 376 1066 442 1101; x_wconf 88' lang='lat' dir='ltr'>pro</span> <span class='ocrx_word' id='word_1_131' title='bbox 457 1051 596 1090; x_wconf 89' lang='lat' dir='ltr'>Coron.</span> <span class='ocrx_word' id='word_1_132' title='bbox 616 1065 651 1100; x_wconf 88' lang='lat' dir='ltr'>p.</span> <span class='ocrx_word' id='word_1_133' title='bbox 673 1053 778 1093; x_wconf 86' lang='lat'><strong>142.</strong></span> <span class='ocrx_word' id='word_1_134' title='bbox 799 1052 877 1091; x_wconf 86' lang='lat' dir='ltr'>Sed</span> <span class='ocrx_word' id='word_1_135' title='bbox 889 1053 1006 1091; x_wconf 75' lang='lat' dir='ltr'>haec*</span> <span class='ocrx_word' id='word_1_136' title='bbox 995 1066 1036 1091; x_wconf 91' lang='lat' dir='ltr'>1n</span> <span class='ocrx_word' id='word_1_137' title='bbox 1050 1056 1215 1102; x_wconf 86' lang='lat' dir='ltr'>speciem</span> <span class='ocrx_word' id='word_1_138' title='bbox 1226 1054 1337 1091; x_wconf 84' lang='lat' dir='ltr'>eran&#39;t</span> <span class='ocrx_word' id='word_1_139' title='bbox 1351 1053 1468 1101; x_wconf 85' lang='lat' dir='ltr'>dicta,</span> <span class='ocrx_word' id='word_1_140' title='bbox 1484 1061 1603 1103; x_wconf 87' lang='lat' dir='ltr'>utque</span> <span class='ocrx_word' id='word_1_141' title='bbox 1617 1053 1737 1092; x_wconf 86' lang='lat' dir='ltr'>Athe-</span> 
     </span>
     <span class='ocr_line' id='line_1_16' title="bbox 282 1104 1753 1162; baseline 0 -15"><span class='ocrx_word' id='word_1_142' title='bbox 282 1110 436 1147; x_wconf 82' lang='lat' dir='ltr'>nienses</span> <span class='ocrx_word' id='word_1_143' title='bbox 457 1110 874 1158; x_wconf 73' lang='lat' dir='ltr'>circumscriberentur‚</span> <span class='ocrx_word' id='word_1_144' title='bbox 900 1110 1060 1147; x_wconf 79' lang='lat' dir='ltr'>docente</span> <span class='ocrx_word' id='word_1_145' title='bbox 1075 1110 1234 1148; x_wconf 87' lang='lat' dir='ltr'>Libanio</span> <span class='ocrx_word' id='word_1_146' title='bbox 1256 1113 1296 1147; x_wconf 90' lang='lat' dir='ltr'>in</span> <span class='ocrx_word' id='word_1_147' title='bbox 1309 1110 1376 1147; x_wconf 86' lang='lat' dir='ltr'>Or.</span> <span class='ocrx_word' id='word_1_148' title='bbox 1393 1111 1475 1147; x_wconf 88' lang='lat' dir='ltr'>eius</span> <span class='ocrx_word' id='word_1_149' title='bbox 1487 1111 1739 1162; x_wconf 82' lang='lat' dir='ltr'>Argumento.</span> <span class='ocrx_word' id='word_1_150' title='bbox 1749 1104 1753 1120; x_wconf 72' lang='lat'>³</span> 
     </span>
     <span class='ocr_line' id='line_1_17' title="bbox 283 1163 1753 1234; baseline 0 -32"><span class='ocrx_word' id='word_1_151' title='bbox 283 1166 390 1203; x_wconf 85' lang='lat' dir='ltr'>Adde</span> <span class='ocrx_word' id='word_1_152' title='bbox 402 1165 630 1203; x_wconf 81' lang='lat' dir='ltr'>Aeschinem</span> <span class='ocrx_word' id='word_1_153' title='bbox 647 1165 738 1204; x_wconf 72' lang='grc' dir='ltr'>περὶ</span> <span class='ocrx_word' id='word_1_154' title='bbox 757 1166 959 1234; x_wconf 82' lang='grc' dir='ltr'><strong>Παραπρ.</strong></span> <span class='ocrx_word' id='word_1_155' title='bbox 974 1178 1009 1217; x_wconf 86' lang='lat' dir='ltr'>p.</span> <span class='ocrx_word' id='word_1_156' title='bbox 1025 1167 1101 1207; x_wconf 87' lang='lat'>46.</span> <span class='ocrx_word' id='word_1_157' title='bbox 1121 1167 1408 1206; x_wconf 85' lang='lat' dir='ltr'>etlustinumL.</span> <span class='ocrx_word' id='word_1_158' title='bbox 1422 1166 1526 1204; x_wconf 85' lang='lat' dir='ltr'><strong>Vlll.</strong></span> <span class='ocrx_word' id='word_1_159' title='bbox 1538 1167 1581 1206; x_wconf 88' lang='grc'>4.</span> <span class='ocrx_word' id='word_1_160' title='bbox 1602 1163 1738 1204; x_wconf 84' lang='lat' dir='ltr'><strong>WEss.</strong></span> <span class='ocrx_word' id='word_1_161' title='bbox 1750 1165 1753 1183; x_wconf 80' lang='lat'>³</span> 
     </span>
     <span class='ocr_line' id='line_1_18' title="bbox 400 1206 1737 1276; baseline -0.001 -14"><span class='ocrx_word' id='word_1_162' title='bbox 400 1224 419 1262; x_wconf 91' lang='lat'>1</span> <span class='ocrx_word' id='word_1_163' title='bbox 430 1224 504 1262; x_wconf 80' lang='lat'><em>’7</em></span> <span class='ocrx_word' id='word_1_164' title='bbox 532 1224 604 1262; x_wconf 88' lang='lat'><em>78</em></span> <span class='ocrx_word' id='word_1_165' title='bbox 654 1206 779 1261; x_wconf 69' lang='grc' dir='ltr'>Καθ’</span> <span class='ocrx_word' id='word_1_166' title='bbox 813 1220 861 1269; x_wconf 81' lang='grc' dir='ltr'>ἅς</span> <span class='ocrx_word' id='word_1_167' title='bbox 890 1221 998 1262; x_wconf 75' lang='grc' dir='ltr'><em>ἔστιν</em></span> <span class='ocrx_word' id='word_1_168' title='bbox 1022 1219 1188 1262; x_wconf 73' lang='grc' dir='ltr'><strong>Ἀπολ).</strong></span> <span class='ocrx_word' id='word_1_169' title='bbox 1219 1220 1333 1274; x_wconf 62' lang='grc' dir='ltr'>ἅμον</span> <span class='ocrx_word' id='word_1_170' title='bbox 1364 1218 1473 1276; x_wconf 71' lang='grc' dir='ltr'>ἲεοόι</span> <span class='ocrx_word' id='word_1_171' title='bbox 1466 1220 1504 1275; x_wconf 95' lang='lat'>]</span> <span class='ocrx_word' id='word_1_172' title='bbox 1543 1222 1737 1272; x_wconf 85' lang='lat' dir='ltr'>Apollinis</span> 
     </span>
     <span class='ocr_line' id='line_1_19' title="bbox 285 1278 1737 1330; baseline 0.001 -15"><span class='ocrx_word' id='word_1_173' title='bbox 285 1280 440 1315; x_wconf 85' lang='lat' dir='ltr'>oraculo</span> <span class='ocrx_word' id='word_1_174' title='bbox 467 1285 504 1314; x_wconf 85' lang='lat' dir='ltr'>et</span> <span class='ocrx_word' id='word_1_175' title='bbox 532 1278 780 1316; x_wconf 79' lang='lat' dir='ltr'>donariounn</span> <span class='ocrx_word' id='word_1_176' title='bbox 810 1281 920 1328; x_wconf 86' lang='lat' dir='ltr'>copia</span> <span class='ocrx_word' id='word_1_177' title='bbox 949 1281 1131 1328; x_wconf 90' lang='lat' dir='ltr'>templum</span> <span class='ocrx_word' id='word_1_178' title='bbox 1169 1279 1211 1315; x_wconf 85' lang='lat' dir='ltr'>id</span> <span class='ocrx_word' id='word_1_179' title='bbox 1240 1281 1396 1330; x_wconf 85' lang='lat' dir='ltr'>insigne</span> <span class='ocrx_word' id='word_1_180' title='bbox 1423 1285 1518 1318; x_wconf 88' lang='lat' dir='ltr'>erat.</span> <span class='ocrx_word' id='word_1_181' title='bbox 1567 1278 1655 1318; x_wconf 87' lang='lat' dir='ltr'><strong>Vid.</strong></span> <span class='ocrx_word' id='word_1_182' title='bbox 1688 1278 1737 1316; x_wconf 84' lang='lat' dir='ltr'>ad</span> 
     </span>
    </p>
   </div>
   <div class='ocr_carea' id='block_1_3' title="bbox 285 1333 1743 1895">
    <p class='ocr_par' dir='ltr' id='par_1_3' title="bbox 285 1333 1737 1430">
     <span class='ocr_line' id='line_1_20' title="bbox 285 1333 1737 1384; baseline 0.001 -13"><span class='ocrx_word' id='word_1_183' title='bbox 285 1334 467 1371; x_wconf 73' lang='lat' dir='ltr'>strabon.</span> <span class='ocrx_word' id='word_1_184' title='bbox 490 1333 532 1371; x_wconf 88' lang='lat' dir='ltr'>L.</span> <span class='ocrx_word' id='word_1_185' title='bbox 557 1333 627 1373; x_wconf 76' lang='lat' dir='ltr'>ix.</span> <span class='ocrx_word' id='word_1_186' title='bbox 650 1347 685 1383; x_wconf 88' lang='lat' dir='ltr'>p.</span> <span class='ocrx_word' id='word_1_187' title='bbox 709 1336 816 1376; x_wconf 81' lang='lat'><strong>647.</strong></span> <span class='ocrx_word' id='word_1_188' title='bbox 850 1335 1064 1373; x_wconf 78' lang='lat' dir='ltr'>casaubon.</span> <span class='ocrx_word' id='word_1_189' title='bbox 1096 1341 1134 1373; x_wconf 86' lang='lat' dir='ltr'>et</span> <span class='ocrx_word' id='word_1_190' title='bbox 1167 1334 1305 1374; x_wconf 82' lang='lat' dir='ltr'><strong>Graec.</strong></span> <span class='ocrx_word' id='word_1_191' title='bbox 1335 1335 1470 1384; x_wconf 88' lang='lat' dir='ltr'>Antiq.</span> <span class='ocrx_word' id='word_1_192' title='bbox 1499 1333 1542 1373; x_wconf 90' lang='lat' dir='ltr'>L.</span> <span class='ocrx_word' id='word_1_193' title='bbox 1571 1335 1637 1373; x_wconf 89' lang='lat' dir='ltr'>VI.</span> <span class='ocrx_word' id='word_1_194' title='bbox 1665 1336 1737 1376; x_wconf 89' lang='lat'>15.</span> 
     </span>
     <span class='ocr_line' id='line_1_21' title="bbox 287 1390 758 1430; baseline 0.002 -2"><span class='ocrx_word' id='word_1_195' title='bbox 287 1391 363 1430; x_wconf 79' lang='lat' dir='ltr'><strong>lac.</strong></span> <span class='ocrx_word' id='word_1_196' title='bbox 394 1390 585 1428; x_wconf 87' lang='lat' dir='ltr'>Palmerii.</span> <span class='ocrx_word' id='word_1_197' title='bbox 616 1391 758 1430; x_wconf 67' lang='lat' dir='ltr'><strong>VVESS.</strong></span> 
     </span>
    </p>

    <p class='ocr_par' dir='ltr' id='par_1_4' title="bbox 285 1443 1743 1895">
     <span class='ocr_line' id='line_1_22' title="bbox 406 1443 1740 1516; baseline 0 -29"><span class='ocrx_word' id='word_1_198' title='bbox 406 1449 505 1487; x_wconf 81' lang='lat'><strong>128.</strong></span> <span class='ocrx_word' id='word_1_199' title='bbox 537 1448 610 1486; x_wconf 80' lang='lat'>90.</span> <span class='ocrx_word' id='word_1_200' title='bbox 642 1447 727 1486; x_wconf 75' lang='grc'><strong>...11</strong></span> <span class='ocrx_word' id='word_1_201' title='bbox 731 1445 804 1498; x_wconf 60' lang='grc' dir='ltr'>ὲβη</span> <span class='ocrx_word' id='word_1_202' title='bbox 824 1448 899 1499; x_wconf 76' lang='grc' dir='ltr'>τῆς</span> <span class='ocrx_word' id='word_1_203' title='bbox 924 1443 1122 1499; x_wconf 74' lang='grc' dir='ltr'><em>στιβάδος</em></span> <span class='ocrx_word' id='word_1_204' title='bbox 1151 1444 1428 1516; x_wconf 70' lang='grc' dir='ltr'><em>ἕκκαυθείσης</em></span> <span class='ocrx_word' id='word_1_205' title='bbox 1456 1453 1529 1485; x_wconf 83' lang='lat' dir='ltr'>etc.</span> <span class='ocrx_word' id='word_1_206' title='bbox 1540 1443 1559 1498; x_wconf 94' lang='lat'>]</span> <span class='ocrx_word' id='word_1_207' title='bbox 1590 1443 1740 1487; x_wconf 82' lang='grc' dir='ltr'><strong>Σ·’7ινα</strong></span> 
     </span>
     <span class='ocr_line' id='line_1_23' title="bbox 287 1500 1742 1557; baseline 0.001 -15"><span class='ocrx_word' id='word_1_208' title='bbox 287 1502 342 1550; x_wconf 73' lang='grc' dir='ltr'>εἷς</span> <span class='ocrx_word' id='word_1_209' title='bbox 362 1500 437 1549; x_wconf 80' lang='grc' dir='ltr'>τὰς</span> <span class='ocrx_word' id='word_1_210' title='bbox 458 1500 660 1554; x_wconf 69' lang='grc' dir='ltr'>οτιβάδας</span> <span class='ocrx_word' id='word_1_211' title='bbox 679 1504 783 1541; x_wconf 83' lang='lat' dir='ltr'>infra</span> <span class='ocrx_word' id='word_1_212' title='bbox 802 1517 835 1541; x_wconf 91' lang='lat' dir='ltr'>c.</span> <span class='ocrx_word' id='word_1_213' title='bbox 858 1505 945 1552; x_wconf 76' lang='lat'><strong>80..</strong></span> <span class='ocrx_word' id='word_1_214' title='bbox 971 1503 1039 1543; x_wconf 82' lang='grc' dir='ltr'>καὶ</span> <span class='ocrx_word' id='word_1_215' title='bbox 1059 1502 1102 1543; x_wconf 73' lang='grc' dir='ltr'>ἐκ</span> <span class='ocrx_word' id='word_1_216' title='bbox 1121 1505 1204 1557; x_wconf 83' lang='grc' dir='ltr'><strong>φυ7</strong></span> <span class='ocrx_word' id='word_1_217' title='bbox 1209 1500 1335 1551; x_wconf 73' lang='grc' dir='ltr'><em>λάδος</em></span> <span class='ocrx_word' id='word_1_218' title='bbox 1355 1500 1597 1555; x_wconf 73' lang='grc' dir='ltr'><em>στιβάδας’</em></span> <span class='ocrx_word' id='word_1_219' title='bbox 1576 1518 1742 1544; x_wconf 81' lang='grc' dir='ltr'><em>αποσω-</em></span> 
     </span>
     <span class='ocr_line' id='line_1_24' title="bbox 287 1555 1741 1612; baseline 0 -13"><span class='ocrx_word' id='word_1_220' title='bbox 287 1573 436 1612; x_wconf 73' lang='grc' dir='ltr'><strong><em>ρευσας</em></strong></span> <span class='ocrx_word' id='word_1_221' title='bbox 467 1559 625 1610; x_wconf 85' lang='lat' dir='ltr'>Longus</span> <span class='ocrx_word' id='word_1_222' title='bbox 642 1560 792 1597; x_wconf 85' lang='lat' dir='ltr'>Pastor.</span> <span class='ocrx_word' id='word_1_223' title='bbox 814 1560 855 1597; x_wconf 89' lang='lat' dir='ltr'>L.</span> <span class='ocrx_word' id='word_1_224' title='bbox 876 1560 921 1598; x_wconf 92' lang='grc' dir='ltr'>ΙΙ.</span> <span class='ocrx_word' id='word_1_225' title='bbox 942 1575 978 1611; x_wconf 91' lang='lat' dir='ltr'><strong>p.</strong></span> <span class='ocrx_word' id='word_1_226' title='bbox 1000 1562 1071 1601; x_wconf 87' lang='lat'>78.</span> <span class='ocrx_word' id='word_1_227' title='bbox 1061 1587 1087 1608; x_wconf 77' lang='lat'>.,</span> <span class='ocrx_word' id='word_1_228' title='bbox 1114 1558 1231 1600; x_wconf 79' lang='grc' dir='ltr'><em>ἄλλοι</em></span> <span class='ocrx_word' id='word_1_229' title='bbox 1261 1559 1306 1600; x_wconf 74' lang='grc' dir='ltr'>δὲ</span> <span class='ocrx_word' id='word_1_230' title='bbox 1336 1556 1539 1610; x_wconf 75' lang='grc' dir='ltr'>στιβάδας</span> <span class='ocrx_word' id='word_1_231' title='bbox 1568 1555 1741 1600; x_wconf 67' lang='grc' dir='ltr'><em>ἔκοπτον</em></span> 
     </span>
     <span class='ocr_line' id='line_1_25' title="bbox 287 1614 1742 1669; baseline -0.001 -14"><span class='ocrx_word' id='word_1_232' title='bbox 287 1616 330 1654; x_wconf 72' lang='grc' dir='ltr'>ἐκ</span> <span class='ocrx_word' id='word_1_233' title='bbox 350 1618 433 1655; x_wconf 79' lang='grc' dir='ltr'>τῶν</span> <span class='ocrx_word' id='word_1_234' title='bbox 466 1615 509 1654; x_wconf 72' lang='grc' dir='ltr'>δε</span> <span class='ocrx_word' id='word_1_235' title='bbox 505 1614 648 1669; x_wconf 74' lang='grc' dir='ltr'><em>’νὸρων</em></span> <span class='ocrx_word' id='word_1_236' title='bbox 679 1616 720 1653; x_wconf 87' lang='lat' dir='ltr'>S.</span> <span class='ocrx_word' id='word_1_237' title='bbox 743 1615 896 1653; x_wconf 86' lang='lat' dir='ltr'>Marcus</span> <span class='ocrx_word' id='word_1_238' title='bbox 915 1617 1067 1668; x_wconf 85' lang='lat' dir='ltr'><strong>Evang.</strong></span> <span class='ocrx_word' id='word_1_239' title='bbox 1088 1616 1161 1655; x_wconf 89' lang='grc' dir='ltr'>ΧΙ.</span> <span class='ocrx_word' id='word_1_240' title='bbox 1186 1619 1224 1657; x_wconf 84' lang='grc'>8.</span> <span class='ocrx_word' id='word_1_241' title='bbox 1235 1627 1246 1665; x_wconf 78' lang='lat'><em>3</em></span> <span class='ocrx_word' id='word_1_242' title='bbox 1279 1630 1300 1653; x_wconf 91' lang='lat' dir='ltr'>e</span> <span class='ocrx_word' id='word_1_243' title='bbox 1329 1619 1468 1666; x_wconf 87' lang='lat' dir='ltr'>quibus</span> <span class='ocrx_word' id='word_1_244' title='bbox 1494 1617 1613 1654; x_wconf 88' lang='lat' dir='ltr'>latior</span> <span class='ocrx_word' id='word_1_245' title='bbox 1629 1617 1742 1654; x_wconf 90' lang='lat' dir='ltr'>vocis</span> 
     </span>
     <span class='ocr_line' id='line_1_26' title="bbox 285 1663 1742 1742; baseline 0 -33"><span class='ocrx_word' id='word_1_246' title='bbox 285 1685 379 1709; x_wconf 88' lang='lat' dir='ltr'>usus</span> <span class='ocrx_word' id='word_1_247' title='bbox 398 1663 568 1722; x_wconf 84' lang='lat' dir='ltr'>adparet.</span> <span class='ocrx_word' id='word_1_248' title='bbox 597 1671 676 1709; x_wconf 80' lang='lat' dir='ltr'>Sed</span> <span class='ocrx_word' id='word_1_249' title='bbox 698 1672 738 1709; x_wconf 83' lang='lat' dir='ltr'>id</span> <span class='ocrx_word' id='word_1_250' title='bbox 756 1673 853 1739; x_wconf 86' lang='lat' dir='ltr'>leve.</span> <span class='ocrx_word' id='word_1_251' title='bbox 895 1673 1008 1718; x_wconf 79' lang='lat' dir='ltr'>Quod</span> <span class='ocrx_word' id='word_1_252' title='bbox 1035 1680 1169 1710; x_wconf 79' lang='lat' dir='ltr'>auctor</span> <span class='ocrx_word' id='word_1_253' title='bbox 1198 1677 1305 1711; x_wconf 85' lang='lat' dir='ltr'>casui</span> <span class='ocrx_word' id='word_1_254' title='bbox 1334 1681 1434 1742; x_wconf 71' lang='lat' dir='ltr'>et</span> <span class='ocrx_word' id='word_1_255' title='bbox 1396 1673 1574 1710; x_wconf 84' lang='lat' dir='ltr'>fortunae</span> <span class='ocrx_word' id='word_1_256' title='bbox 1605 1673 1742 1710; x_wconf 88' lang='lat' dir='ltr'>tribuit</span> 
     </span>
     <span class='ocr_line' id='line_1_27' title="bbox 286 1769 1743 1853; baseline -0.001 -29"><span class='ocrx_word' id='word_1_257' title='bbox 286 1787 345 1824; x_wconf 76' lang='grc' dir='ltr'>τῶ</span> <span class='ocrx_word' id='word_1_258' title='bbox 390 1786 566 1849; x_wconf 75' lang='grc' dir='ltr'><em>Φωκικῷ</em></span> <span class='ocrx_word' id='word_1_259' title='bbox 608 1782 866 1835; x_wconf 71' lang='grc' dir='ltr'><strong>βιασθέ1τας</strong></span> <span class='ocrx_word' id='word_1_260' title='bbox 895 1781 1018 1853; x_wconf 79' lang='grc' dir='ltr'><em>μάχῃ</em></span> <span class='ocrx_word' id='word_1_261' title='bbox 1055 1783 1236 1825; x_wconf 75' lang='grc' dir='ltr'><em>Φωκέων</em></span> <span class='ocrx_word' id='word_1_262' title='bbox 1264 1782 1420 1839; x_wconf 77' lang='grc' dir='ltr'><em>ἄνὸοας</em></span> <span class='ocrx_word' id='word_1_263' title='bbox 1448 1770 1532 1824; x_wconf 81' lang='grc' dir='ltr'>καὶ</span> <span class='ocrx_word' id='word_1_264' title='bbox 1548 1783 1589 1831; x_wconf 74' lang='grc' dir='ltr'>ἐς</span> <span class='ocrx_word' id='word_1_265' title='bbox 1609 1769 1743 1835; x_wconf 55' lang='grc' dir='ltr'><em>ἶἈβαις</em></span> 
     </span>
     <span class='ocr_line' id='line_1_28' title="bbox 286 1827 1739 1895; baseline 0.001 -16"><span class='ocrx_word' id='word_1_266' title='bbox 286 1827 412 1893; x_wconf 72' lang='grc' dir='ltr'><em>ἓκπεᾳ</em></span> <span class='ocrx_word' id='word_1_267' title='bbox 418 1838 599 1893; x_wconf 74' lang='grc' dir='ltr'>ευγότας,</span> <span class='ocrx_word' id='word_1_268' title='bbox 626 1836 779 1887; x_wconf 77' lang='grc' dir='ltr'><strong><em>αὐτούς</em></strong></span> <span class='ocrx_word' id='word_1_269' title='bbox 802 1855 845 1880; x_wconf 74' lang='grc' dir='ltr'>τε</span> <span class='ocrx_word' id='word_1_270' title='bbox 868 1856 905 1880; x_wconf 92' lang='grc' dir='ltr'>οι</span> <span class='ocrx_word' id='word_1_271' title='bbox 932 1839 1114 1894; x_wconf 81' lang='grc' dir='ltr'>Θηβαῖοι</span> <span class='ocrx_word' id='word_1_272' title='bbox 1134 1838 1233 1888; x_wconf 80' lang='grc' dir='ltr'><strong><em>τοὺς</em></strong></span> <span class='ocrx_word' id='word_1_273' title='bbox 1252 1838 1388 1888; x_wconf 76' lang='grc' dir='ltr'><strong><em>ικὲτας</em></strong></span> <span class='ocrx_word' id='word_1_274' title='bbox 1408 1841 1476 1881; x_wconf 82' lang='grc' dir='ltr'>καὶ</span> <span class='ocrx_word' id='word_1_275' title='bbox 1495 1838 1543 1881; x_wconf 82' lang='grc' dir='ltr'>τὸ</span> <span class='ocrx_word' id='word_1_276' title='bbox 1566 1838 1675 1895; x_wconf 76' lang='grc' dir='ltr'><em>ιερόν</em></span> <span class='ocrx_word' id='word_1_277' title='bbox 1690 1860 1739 1869; x_wconf 88' lang='grc'>-·</span> 
     </span>
    </p>
   </div>
   <div class='ocr_carea' id='block_1_4' title="bbox 283 1894 1744 2903">
    <p class='ocr_par' dir='ltr' id='par_1_5' title="bbox 288 1894 966 1949">
     <span class='ocr_line' id='line_1_29' title="bbox 288 1894 966 1949; baseline -0.005 -13"><span class='ocrx_word' id='word_1_278' title='bbox 288 1894 439 1936; x_wconf 67' lang='grc' dir='ltr'><em>ἔδοσαν</em></span> <span class='ocrx_word' id='word_1_279' title='bbox 460 1911 557 1949; x_wconf 75' lang='grc' dir='ltr'><em>πυρι</em></span> <span class='ocrx_word' id='word_1_280' title='bbox 586 1896 627 1933; x_wconf 89' lang='grc' dir='ltr'>Ι..</span> <span class='ocrx_word' id='word_1_281' title='bbox 652 1896 705 1934; x_wconf 89' lang='grc' dir='ltr'>Χ.</span> <span class='ocrx_word' id='word_1_282' title='bbox 728 1897 801 1937; x_wconf 85' lang='grc'>35.</span> <span class='ocrx_word' id='word_1_283' title='bbox 829 1896 966 1935; x_wconf 71' lang='lat' dir='ltr'>Wnss.</span> 
     </span>
    </p>

    <p class='ocr_par' dir='ltr' id='par_1_6' title="bbox 287 1949 1744 2329">
     <span class='ocr_line' id='line_1_30' title="bbox 403 1949 1742 2005; baseline -0.002 -12"><span class='ocrx_word' id='word_1_284' title='bbox 403 1955 507 1993; x_wconf 81' lang='lat'>128</span> <span class='ocrx_word' id='word_1_285' title='bbox 540 1955 616 1993; x_wconf 83' lang='lat'>97.</span> <span class='ocrx_word' id='word_1_286' title='bbox 658 1949 841 2005; x_wconf 79' lang='grc' dir='ltr'><strong><em>Μάρκον</em></strong></span> <span class='ocrx_word' id='word_1_287' title='bbox 862 1952 1062 2003; x_wconf 72' lang='grc' dir='ltr'><em>Αῑμίλιον</em></span> <span class='ocrx_word' id='word_1_288' title='bbox 1082 1951 1150 1993; x_wconf 81' lang='grc' dir='ltr'>καὶ</span> <span class='ocrx_word' id='word_1_289' title='bbox 1174 1954 1301 1993; x_wconf 80' lang='grc' dir='ltr'><em>Τῖτον</em></span> <span class='ocrx_word' id='word_1_290' title='bbox 1323 1953 1546 2001; x_wconf 75' lang='grc' dir='ltr'><strong><em>Κοΐντιον]</em></strong></span> <span class='ocrx_word' id='word_1_291' title='bbox 1585 1951 1662 1991; x_wconf 90' lang='lat' dir='ltr'>Pro</span> <span class='ocrx_word' id='word_1_292' title='bbox 1679 1951 1742 1991; x_wconf 83' lang='lat' dir='ltr'>his</span> 
     </span>
     <span class='ocr_line' id='line_1_31' title="bbox 287 2006 1743 2061; baseline 0 -15"><span class='ocrx_word' id='word_1_293' title='bbox 287 2007 423 2046; x_wconf 89' lang='lat' dir='ltr'>Livius</span> <span class='ocrx_word' id='word_1_294' title='bbox 444 2010 523 2046; x_wconf 86' lang='lat' dir='ltr'>edit</span> <span class='ocrx_word' id='word_1_295' title='bbox 542 2009 604 2061; x_wconf 94' lang='lat' dir='ltr'>(L</span> <span class='ocrx_word' id='word_1_296' title='bbox 619 2008 650 2045; x_wconf 89' lang='lat' dir='ltr'>V</span> <span class='ocrx_word' id='word_1_297' title='bbox 655 2009 702 2045; x_wconf 90' lang='grc' dir='ltr'>ΙΙ.</span> <span class='ocrx_word' id='word_1_298' title='bbox 726 2006 834 2061; x_wconf 77' lang='grc'><strong>24)·</strong></span> <span class='ocrx_word' id='word_1_299' title='bbox 843 2009 886 2049; x_wconf 91' lang='grc' dir='ltr'>Ι..</span> <span class='ocrx_word' id='word_1_300' title='bbox 909 2009 1068 2047; x_wconf 88' lang='lat' dir='ltr'>Furium</span> <span class='ocrx_word' id='word_1_301' title='bbox 1087 2009 1289 2048; x_wconf 84' lang='lat' dir='ltr'>Camillum</span> <span class='ocrx_word' id='word_1_302' title='bbox 1309 2017 1347 2047; x_wconf 91' lang='lat' dir='ltr'>et</span> <span class='ocrx_word' id='word_1_303' title='bbox 1367 2009 1410 2047; x_wconf 94' lang='lat' dir='ltr'>P</span> <span class='ocrx_word' id='word_1_304' title='bbox 1432 2008 1646 2048; x_wconf 87' lang='lat' dir='ltr'>Claudium.</span> <span class='ocrx_word' id='word_1_305' title='bbox 1677 2009 1743 2046; x_wconf 79' lang='lat' dir='ltr'>ld-</span> 
     </span>
     <span class='ocr_line' id='line_1_32' title="bbox 288 2063 1741 2118; baseline 0.001 -17"><span class='ocrx_word' id='word_1_306' title='bbox 288 2078 361 2114; x_wconf 86' lang='lat' dir='ltr'>que</span> <span class='ocrx_word' id='word_1_307' title='bbox 383 2064 516 2102; x_wconf 82' lang='lat' dir='ltr'>Cicero</span> <span class='ocrx_word' id='word_1_308' title='bbox 540 2069 583 2102; x_wconf 89' lang='lat' dir='ltr'>in</span> <span class='ocrx_word' id='word_1_309' title='bbox 602 2064 745 2103; x_wconf 87' lang='lat' dir='ltr'>Catone</span> <span class='ocrx_word' id='word_1_310' title='bbox 767 2063 868 2118; x_wconf 83' lang='lat' dir='ltr'><strong>(cap.</strong></span> <span class='ocrx_word' id='word_1_311' title='bbox 887 2063 979 2118; x_wconf 85' lang='lat'><strong>12.)</strong></span> <span class='ocrx_word' id='word_1_312' title='bbox 995 2073 1033 2103; x_wconf 89' lang='lat' dir='ltr'>et</span> <span class='ocrx_word' id='word_1_313' title='bbox 1045 2066 1219 2117; x_wconf 84' lang='lat' dir='ltr'>Agellius</span> <span class='ocrx_word' id='word_1_314' title='bbox 1234 2067 1299 2104; x_wconf 90' lang='lat' dir='ltr'><strong>lib.</strong></span> <span class='ocrx_word' id='word_1_315' title='bbox 1313 2065 1384 2103; x_wconf 88' lang='lat' dir='ltr'>[X.</span> <span class='ocrx_word' id='word_1_316' title='bbox 1404 2067 1473 2107; x_wconf 89' lang='lat' dir='ltr'>ll.</span> <span class='ocrx_word' id='word_1_317' title='bbox 1497 2066 1741 2105; x_wconf 80' lang='lat' dir='ltr'>confirmant.</span> 
     </span>
     <span class='ocr_line' id='line_1_33' title="bbox 289 2119 1744 2170; baseline 0.002 -13"><span class='ocrx_word' id='word_1_318' title='bbox 289 2119 427 2160; x_wconf 77' lang='lat' dir='ltr'><strong>Rnon.</strong></span> <span class='ocrx_word' id='word_1_319' title='bbox 466 2120 658 2159; x_wconf 82' lang='lat' dir='ltr'>Credibile</span> <span class='ocrx_word' id='word_1_320' title='bbox 681 2128 761 2170; x_wconf 82' lang='lat' dir='ltr'>est,</span> <span class='ocrx_word' id='word_1_321' title='bbox 788 2121 1005 2160; x_wconf 88' lang='lat' dir='ltr'>Diodorum</span> <span class='ocrx_word' id='word_1_322' title='bbox 1034 2124 1132 2160; x_wconf 83' lang='lat' dir='ltr'>alios</span> <span class='ocrx_word' id='word_1_323' title='bbox 1162 2135 1246 2159; x_wconf 87' lang='lat' dir='ltr'>esse</span> <span class='ocrx_word' id='word_1_324' title='bbox 1269 2121 1406 2160; x_wconf 84' lang='lat' dir='ltr'>Fastos</span> <span class='ocrx_word' id='word_1_325' title='bbox 1435 2129 1630 2170; x_wconf 83' lang='lat' dir='ltr'>secutum,</span> <span class='ocrx_word' id='word_1_326' title='bbox 1659 2134 1744 2160; x_wconf 88' lang='lat' dir='ltr'>mo-</span> 
     </span>
     <span class='ocr_line' id='line_1_34' title="bbox 288 2177 1744 2228; baseline 0.002 -15"><span class='ocrx_word' id='word_1_327' title='bbox 288 2185 404 2214; x_wconf 86' lang='lat' dir='ltr'>nente</span> <span class='ocrx_word' id='word_1_328' title='bbox 423 2177 561 2228; x_wconf 83' lang='lat' dir='ltr'>Pighio</span> <span class='ocrx_word' id='word_1_329' title='bbox 582 2179 630 2214; x_wconf 86' lang='lat' dir='ltr'>ad</span> <span class='ocrx_word' id='word_1_330' title='bbox 650 2191 740 2215; x_wconf 90' lang='lat' dir='ltr'>ann.</span> <span class='ocrx_word' id='word_1_331' title='bbox 759 2188 868 2216; x_wconf 67' lang='grc' dir='ltr'><strong>(ζων.</strong></span> <span class='ocrx_word' id='word_1_332' title='bbox 885 2178 1039 2227; x_wconf 79' lang='grc'><strong>[1.294.</strong></span> <span class='ocrx_word' id='word_1_333' title='bbox 1061 2178 1303 2217; x_wconf 84' lang='lat' dir='ltr'>Praenomen</span> <span class='ocrx_word' id='word_1_334' title='bbox 1323 2177 1475 2216; x_wconf 82' lang='lat' dir='ltr'>Claudii</span> <span class='ocrx_word' id='word_1_335' title='bbox 1494 2178 1744 2216; x_wconf 86' lang='lat' dir='ltr'>Rhodoman-</span> 
     </span>
     <span class='ocr_line' id='line_1_35' title="bbox 289 2231 1743 2284; baseline 0.002 -15"><span class='ocrx_word' id='word_1_336' title='bbox 289 2245 362 2269; x_wconf 90' lang='lat' dir='ltr'>nus</span> <span class='ocrx_word' id='word_1_337' title='bbox 382 2236 543 2283; x_wconf 87' lang='lat' dir='ltr'>sumpsit</span> <span class='ocrx_word' id='word_1_338' title='bbox 563 2247 610 2270; x_wconf 88' lang='lat' dir='ltr'>ex</span> <span class='ocrx_word' id='word_1_339' title='bbox 632 2231 806 2284; x_wconf 79' lang='lat' dir='ltr'>Sigonio.</span> <span class='ocrx_word' id='word_1_340' title='bbox 831 2233 894 2273; x_wconf 92' lang='lat' dir='ltr'>Tu</span> <span class='ocrx_word' id='word_1_341' title='bbox 912 2234 1003 2274; x_wconf 85' lang='lat' dir='ltr'>vide</span> <span class='ocrx_word' id='word_1_342' title='bbox 1022 2233 1180 2275; x_wconf 80' lang='lat' dir='ltr'>clariss.</span> <span class='ocrx_word' id='word_1_343' title='bbox 1196 2233 1358 2274; x_wconf 89' lang='lat' dir='ltr'>Arnold.</span> <span class='ocrx_word' id='word_1_344' title='bbox 1375 2233 1670 2273; x_wconf 72' lang='lat' dir='ltr'>Drakenborch.</span> <span class='ocrx_word' id='word_1_345' title='bbox 1692 2233 1743 2273; x_wconf 79' lang='lat' dir='ltr'>ad</span> 
     </span>
     <span class='ocr_line' id='line_1_36' title="bbox 289 2288 818 2329; baseline 0.006 -4"><span class='ocrx_word' id='word_1_346' title='bbox 289 2288 393 2327; x_wconf 89' lang='lat' dir='ltr'>Livii</span> <span class='ocrx_word' id='word_1_347' title='bbox 414 2289 458 2328; x_wconf 89' lang='lat' dir='ltr'><strong>L.</strong></span> <span class='ocrx_word' id='word_1_348' title='bbox 480 2289 560 2326; x_wconf 89' lang='lat' dir='ltr'><strong>Vll.</strong></span> <span class='ocrx_word' id='word_1_349' title='bbox 581 2291 656 2329; x_wconf 80' lang='lat'>24.</span> <span class='ocrx_word' id='word_1_350' title='bbox 685 2290 818 2328; x_wconf 79' lang='lat' dir='ltr'><strong>WESS.</strong></span> 
     </span>
    </p>

    <p class='ocr_par' dir='ltr' id='par_1_7' title="bbox 284 2340 1743 2903">
     <span class='ocr_line' id='line_1_37' title="bbox 405 2340 1741 2399; baseline 0.001 -14"><span class='ocrx_word' id='word_1_351' title='bbox 405 2347 508 2386; x_wconf 82' lang='lat'><strong>128.</strong></span> <span class='ocrx_word' id='word_1_352' title='bbox 531 2347 604 2386; x_wconf 76' lang='lat'>98.</span> <span class='ocrx_word' id='word_1_353' title='bbox 624 2344 712 2384; x_wconf 80' lang='grc' dir='ltr'>Ἐπὶ</span> <span class='ocrx_word' id='word_1_354' title='bbox 733 2345 776 2385; x_wconf 66' lang='grc' dir='ltr'>δὲ</span> <span class='ocrx_word' id='word_1_355' title='bbox 798 2340 958 2386; x_wconf 77' lang='grc' dir='ltr'><em>τούτων</em></span> <span class='ocrx_word' id='word_1_356' title='bbox 979 2340 999 2387; x_wconf 85' lang='grc' dir='ltr'><em>ὃ</em></span> <span class='ocrx_word' id='word_1_357' title='bbox 1018 2341 1209 2393; x_wconf 79' lang='grc' dir='ltr'><em>Φωκικὸς</em></span> <span class='ocrx_word' id='word_1_358' title='bbox 1221 2340 1401 2398; x_wconf 77' lang='grc' dir='ltr'><em>πόλεμος</em></span> <span class='ocrx_word' id='word_1_359' title='bbox 1414 2352 1488 2386; x_wconf 85' lang='lat' dir='ltr'>etc.</span> <span class='ocrx_word' id='word_1_360' title='bbox 1510 2340 1741 2399; x_wconf 70' lang='grc' dir='ltr'><em>κατελύθη]</em></span> 
     </span>
     <span class='ocr_line' id='line_1_38' title="bbox 287 2399 1743 2453; baseline 0.003 -16"><span class='ocrx_word' id='word_1_361' title='bbox 287 2399 377 2438; x_wconf 88' lang='lat' dir='ltr'>Uno</span> <span class='ocrx_word' id='word_1_362' title='bbox 395 2413 498 2438; x_wconf 88' lang='lat' dir='ltr'>anno</span> <span class='ocrx_word' id='word_1_363' title='bbox 510 2402 664 2439; x_wconf 86' lang='lat' dir='ltr'>videtur</span> <span class='ocrx_word' id='word_1_364' title='bbox 684 2403 868 2440; x_wconf 82' lang='lat' dir='ltr'>excedere</span> <span class='ocrx_word' id='word_1_365' title='bbox 888 2416 999 2441; x_wconf 89' lang='lat' dir='ltr'>suum</span> <span class='ocrx_word' id='word_1_366' title='bbox 1019 2415 1221 2441; x_wconf 89' lang='lat' dir='ltr'>numerum</span> <span class='ocrx_word' id='word_1_367' title='bbox 1243 2405 1412 2441; x_wconf 87' lang='lat' dir='ltr'>calculus</span> <span class='ocrx_word' id='word_1_368' title='bbox 1423 2402 1607 2441; x_wconf 88' lang='lat' dir='ltr'>Diodori:</span> <span class='ocrx_word' id='word_1_369' title='bbox 1627 2416 1743 2453; x_wconf 79' lang='lat' dir='ltr'>supra</span> 
     </span>
     <span class='ocr_line' id='line_1_39' title="bbox 288 2455 1743 2512; baseline 0.002 -19"><span class='ocrx_word' id='word_1_370' title='bbox 288 2460 390 2494; x_wconf 88' lang='lat' dir='ltr'>enim</span> <span class='ocrx_word' id='word_1_371' title='bbox 412 2471 446 2507; x_wconf 87' lang='lat' dir='ltr'>p.</span> <span class='ocrx_word' id='word_1_372' title='bbox 471 2459 575 2497; x_wconf 85' lang='grc'><strong>517.</strong></span> <span class='ocrx_word' id='word_1_373' title='bbox 598 2456 731 2510; x_wconf 83' lang='lat' dir='ltr'>(huius</span> <span class='ocrx_word' id='word_1_374' title='bbox 754 2459 818 2496; x_wconf 88' lang='lat' dir='ltr'><strong>lib.</strong></span> <span class='ocrx_word' id='word_1_375' title='bbox 848 2472 881 2499; x_wconf 91' lang='lat' dir='ltr'>c.</span> <span class='ocrx_word' id='word_1_376' title='bbox 906 2455 998 2511; x_wconf 84' lang='lat'><strong>14.)</strong></span> <span class='ocrx_word' id='word_1_377' title='bbox 1026 2459 1240 2512; x_wconf 86' lang='lat' dir='ltr'>Agathocle</span> <span class='ocrx_word' id='word_1_378' title='bbox 1258 2459 1453 2497; x_wconf 88' lang='lat' dir='ltr'>Archonte</span> <span class='ocrx_word' id='word_1_379' title='bbox 1480 2460 1650 2510; x_wconf 86' lang='lat' dir='ltr'>coepisse</span> <span class='ocrx_word' id='word_1_380' title='bbox 1668 2458 1743 2496; x_wconf 84' lang='lat' dir='ltr'>hoc</span> 
     </span>
     <span class='ocr_line' id='line_1_40' title="bbox 286 2513 1743 2560; baseline 0.002 -11"><span class='ocrx_word' id='word_1_381' title='bbox 286 2513 428 2550; x_wconf 85' lang='lat' dir='ltr'>bellum</span> <span class='ocrx_word' id='word_1_382' title='bbox 440 2516 506 2560; x_wconf 73' lang='lat' dir='ltr'>ait,</span> <span class='ocrx_word' id='word_1_383' title='bbox 527 2521 565 2550; x_wconf 87' lang='lat' dir='ltr'>et</span> <span class='ocrx_word' id='word_1_384' title='bbox 577 2514 734 2551; x_wconf 83' lang='lat' dir='ltr'>durasse</span> <span class='ocrx_word' id='word_1_385' title='bbox 746 2527 868 2551; x_wconf 88' lang='lat' dir='ltr'>annos</span> <span class='ocrx_word' id='word_1_386' title='bbox 877 2515 1067 2553; x_wconf 83' lang='lat' dir='ltr'>undecim.</span> <span class='ocrx_word' id='word_1_387' title='bbox 1095 2514 1174 2553; x_wconf 73' lang='lat' dir='ltr'>Sed</span> <span class='ocrx_word' id='word_1_388' title='bbox 1193 2528 1242 2553; x_wconf 86' lang='lat' dir='ltr'>ex</span> <span class='ocrx_word' id='word_1_389' title='bbox 1256 2518 1344 2554; x_wconf 86' lang='lat' dir='ltr'>aliis</span> <span class='ocrx_word' id='word_1_390' title='bbox 1355 2515 1575 2553; x_wconf 82' lang='lat' dir='ltr'>auctoribus</span> <span class='ocrx_word' id='word_1_391' title='bbox 1588 2515 1743 2554; x_wconf 84' lang='lat' dir='ltr'>videtur</span> 
     </span>
     <span class='ocr_line' id='line_1_41' title="bbox 286 2570 1742 2638; baseline 0.001 -33"><span class='ocrx_word' id='word_1_392' title='bbox 286 2577 461 2606; x_wconf 84' lang='lat' dir='ltr'>constare</span> <span class='ocrx_word' id='word_1_393' title='bbox 481 2570 630 2607; x_wconf 82' lang='lat' dir='ltr'>finitum</span> <span class='ocrx_word' id='word_1_394' title='bbox 642 2570 760 2606; x_wconf 85' lang='lat' dir='ltr'>fuisse</span> <span class='ocrx_word' id='word_1_395' title='bbox 773 2570 844 2607; x_wconf 90' lang='lat' dir='ltr'>hoc</span> <span class='ocrx_word' id='word_1_396' title='bbox 859 2570 998 2609; x_wconf 87' lang='lat' dir='ltr'>bellum</span> <span class='ocrx_word' id='word_1_397' title='bbox 1010 2584 1113 2609; x_wconf 83' lang='lat' dir='ltr'>anno</span> <span class='ocrx_word' id='word_1_398' title='bbox 1130 2571 1291 2619; x_wconf 82' lang='lat' dir='ltr'>decimo,</span> <span class='ocrx_word' id='word_1_399' title='bbox 1313 2578 1351 2608; x_wconf 86' lang='lat' dir='ltr'>et</span> <span class='ocrx_word' id='word_1_400' title='bbox 1360 2572 1512 2620; x_wconf 89' lang='lat' dir='ltr'>quidem</span> <span class='ocrx_word' id='word_1_401' title='bbox 1524 2570 1559 2608; x_wconf 91' lang='grc' dir='ltr'>Τ</span> <span class='ocrx_word' id='word_1_402' title='bbox 1562 2570 1742 2638; x_wconf 74' lang='lat' dir='ltr'>heophilo</span> 
     </span>
     <span class='ocr_line' id='line_1_42' title="bbox 284 2623 1741 2682; baseline 0.001 -20"><span class='ocrx_word' id='word_1_403' title='bbox 284 2624 481 2662; x_wconf 79' lang='lat' dir='ltr'>archonte.</span> <span class='ocrx_word' id='word_1_404' title='bbox 503 2625 743 2662; x_wconf 80' lang='lat' dir='ltr'>Pausanias·</span> <span class='ocrx_word' id='word_1_405' title='bbox 733 2639 774 2662; x_wconf 84' lang='grc' dir='ltr'>ιη</span> <span class='ocrx_word' id='word_1_406' title='bbox 794 2625 972 2664; x_wconf 88' lang='lat' dir='ltr'>Phocicis</span> <span class='ocrx_word' id='word_1_407' title='bbox 994 2641 1030 2667; x_wconf 82' lang='lat' dir='ltr'>c.</span> <span class='ocrx_word' id='word_1_408' title='bbox 1054 2628 1095 2667; x_wconf 89' lang='lat'>3.</span> <span class='ocrx_word' id='word_1_409' title='bbox 1120 2639 1298 2678; x_wconf 79' lang='lat' dir='ltr'>expresse</span> <span class='ocrx_word' id='word_1_410' title='bbox 1318 2624 1477 2682; x_wconf 77' lang='grc' dir='ltr'><em>δεκάτῳ</em></span> <span class='ocrx_word' id='word_1_411' title='bbox 1500 2625 1544 2666; x_wconf 80' lang='grc' dir='ltr'>δὲ</span> <span class='ocrx_word' id='word_1_412' title='bbox 1565 2623 1741 2680; x_wconf 72' lang='grc' dir='ltr'><em>ὕστεοον</em></span> 
     </span>
     <span class='ocr_line' id='line_1_43' title="bbox 284 2669 1742 2735; baseline 0.001 -16"><span class='ocrx_word' id='word_1_413' title='bbox 284 2678 359 2719; x_wconf 71' lang='grc' dir='ltr'>ἔτει</span> <span class='ocrx_word' id='word_1_414' title='bbox 373 2678 477 2731; x_wconf 68' lang='grc' dir='ltr'>μετὰ</span> <span class='ocrx_word' id='word_1_415' title='bbox 496 2679 571 2732; x_wconf 79' lang='grc' dir='ltr'>τὴν</span> <span class='ocrx_word' id='word_1_416' title='bbox 590 2684 664 2720; x_wconf 80' lang='grc' dir='ltr'>τοῦ</span> <span class='ocrx_word' id='word_1_417' title='bbox 680 2679 788 2733; x_wconf 69' lang='grc' dir='ltr'><em>ἱεροῦ</em></span> <span class='ocrx_word' id='word_1_418' title='bbox 803 2679 1038 2734; x_wconf 79' lang='grc' dir='ltr'><em>κατάληψιν</em></span> <span class='ocrx_word' id='word_1_419' title='bbox 1059 2680 1291 2734; x_wconf 55' lang='lat' dir='ltr'>gugannev‘</span> <span class='ocrx_word' id='word_1_420' title='bbox 1273 2699 1294 2723; x_wconf 89' lang='grc' dir='ltr'><em>ο</em></span> <span class='ocrx_word' id='word_1_421' title='bbox 1312 2669 1517 2729; x_wconf 80' lang='grc' dir='ltr'><em>Φίλιππος</em></span> <span class='ocrx_word' id='word_1_422' title='bbox 1535 2679 1662 2735; x_wconf 75' lang='grc' dir='ltr'><em>πέρας</em></span> <span class='ocrx_word' id='word_1_423' title='bbox 1681 2684 1742 2722; x_wconf 83' lang='grc' dir='ltr'>τῶ</span> 
     </span>
     <span class='ocr_line' id='line_1_44' title="bbox 283 2723 1741 2806; baseline 0.001 -31.001"><span class='ocrx_word' id='word_1_424' title='bbox 283 2736 387 2776; x_wconf 73' lang='grc' dir='ltr'><em>πολέ</em></span> <span class='ocrx_word' id='word_1_425' title='bbox 367 2752 449 2806; x_wconf 45' lang='grc' dir='ltr'><em>ςμιέι)</em></span> <span class='ocrx_word' id='word_1_426' title='bbox 468 2737 643 2791; x_wconf 69' lang='grc' dir='ltr'><em>Φωκικῷ</em></span> <span class='ocrx_word' id='word_1_427' title='bbox 665 2751 707 2775; x_wconf 77' lang='grc' dir='ltr'>τε</span> <span class='ocrx_word' id='word_1_428' title='bbox 722 2736 790 2775; x_wconf 74' lang='grc' dir='ltr'>ναὶ</span> <span class='ocrx_word' id='word_1_429' title='bbox 811 2735 905 2791; x_wconf 69' lang='grc' dir='ltr'>ιερῷ</span> <span class='ocrx_word' id='word_1_430' title='bbox 928 2737 1064 2790; x_wconf 69' lang='grc' dir='ltr'><em>κληθί</em></span> <span class='ocrx_word' id='word_1_431' title='bbox 1062 2753 1122 2778; x_wconf 73' lang='lat' dir='ltr'>vm</span> <span class='ocrx_word' id='word_1_432' title='bbox 1145 2736 1274 2794; x_wconf 76' lang='grc' dir='ltr'>αὗτω,</span> <span class='ocrx_word' id='word_1_433' title='bbox 1299 2737 1355 2778; x_wconf 71' lang='grc' dir='ltr'>Θε</span> <span class='ocrx_word' id='word_1_434' title='bbox 1359 2738 1454 2792; x_wconf 76' lang='grc' dir='ltr'><strong><em>οφί)</em></strong></span> <span class='ocrx_word' id='word_1_435' title='bbox 1459 2753 1506 2777; x_wconf 90' lang='grc' dir='ltr'>ου</span> <span class='ocrx_word' id='word_1_436' title='bbox 1521 2736 1598 2788; x_wconf 73' lang='grc' dir='ltr'>μὲν</span> <span class='ocrx_word' id='word_1_437' title='bbox 1612 2723 1741 2805; x_wconf 73' lang='grc' dir='ltr'><em>Ἀθή-</em></span> 
     </span>
     <span class='ocr_line' id='line_1_45' title="bbox 284 2789 1742 2859; baseline 0.001 -28"><span class='ocrx_word' id='word_1_438' title='bbox 284 2808 401 2845; x_wconf 69' lang='grc' dir='ltr'>νησιν</span> <span class='ocrx_word' id='word_1_439' title='bbox 418 2793 440 2831; x_wconf 82' lang='grc' dir='ltr'>ἰ</span> <span class='ocrx_word' id='word_1_440' title='bbox 436 2792 629 2859; x_wconf 37' lang='grc' dir='ltr'>Ιννρχοιτος,</span> <span class='ocrx_word' id='word_1_441' title='bbox 652 2789 808 2859; x_wconf 66' lang='lat' dir='ltr'><strong><em>0706ng</em></strong></span> <span class='ocrx_word' id='word_1_442' title='bbox 823 2793 866 2832; x_wconf 72' lang='grc' dir='ltr'>δὲ</span> <span class='ocrx_word' id='word_1_443' title='bbox 877 2793 945 2833; x_wconf 85' lang='grc' dir='ltr'>Ὀλ</span> <span class='ocrx_word' id='word_1_444' title='bbox 950 2790 1155 2844; x_wconf 78' lang='grc' dir='ltr'><em>υμπιαὸος</em></span> <span class='ocrx_word' id='word_1_445' title='bbox 1166 2792 1269 2833; x_wconf 82' lang='grc' dir='ltr'>καὶ</span> <span class='ocrx_word' id='word_1_446' title='bbox 1251 2796 1502 2845; x_wconf 66' lang='grc' dir='ltr'><em>εκατοστῆςε</em></span> <span class='ocrx_word' id='word_1_447' title='bbox 1488 2790 1742 2850; x_wconf 64' lang='grc' dir='ltr'>ξ’τειποώτω,</span> 
     </span>
     <span class='ocr_line' id='line_1_46' title="bbox 288 2844 1744 2903; baseline 0.001 -17"><span class='ocrx_word' id='word_1_448' title='bbox 288 2847 338 2900; x_wconf 74' lang='grc' dir='ltr'>ἢν</span> <span class='ocrx_word' id='word_1_449' title='bbox 355 2850 449 2888; x_wconf 69' lang='lat'><em>1107</em></span> <span class='ocrx_word' id='word_1_450' title='bbox 454 2851 553 2888; x_wconf 80' lang='grc' dir='ltr'><strong>1κλ</strong></span> <span class='ocrx_word' id='word_1_451' title='bbox 531 2866 549 2901; x_wconf 93' lang='grc'>1</span> <span class='ocrx_word' id='word_1_452' title='bbox 559 2864 578 2895; x_wconf 86' lang='grc' dir='ltr'><strong><em>ς</em></strong></span> <span class='ocrx_word' id='word_1_453' title='bbox 596 2848 705 2888; x_wconf 70' lang='grc' dir='ltr'><em>ἐνίκα</em></span> <span class='ocrx_word' id='word_1_454' title='bbox 731 2844 912 2890; x_wconf 76' lang='grc' dir='ltr'><strong>στάδιον.</strong></span> <span class='ocrx_word' id='word_1_455' title='bbox 945 2849 984 2888; x_wconf 83' lang='lat' dir='ltr'>ld</span> <span class='ocrx_word' id='word_1_456' title='bbox 1006 2858 1076 2898; x_wconf 85' lang='lat' dir='ltr'>est,</span> <span class='ocrx_word' id='word_1_457' title='bbox 1093 2845 1241 2890; x_wconf 68' lang='grc' dir='ltr'><strong><em>ιίεοιιηο</em></strong></span> <span class='ocrx_word' id='word_1_458' title='bbox 1262 2863 1355 2888; x_wconf 81' lang='lat' dir='ltr'>vero</span> <span class='ocrx_word' id='word_1_459' title='bbox 1376 2857 1590 2902; x_wconf 77' lang='lat' dir='ltr'>annopost</span> <span class='ocrx_word' id='word_1_460' title='bbox 1607 2852 1744 2903; x_wconf 76' lang='lat' dir='ltr'>templi</span> 
     </span>
    </p>
   </div>
   <div class='ocr_carea' id='block_1_5' title="bbox 1804 427 1859 3326">
    <p class='ocr_par' dir='ltr' id='par_1_8' title="bbox 1804 427 1859 3326">
     <span class='ocr_line' id='line_1_47' title="bbox 1804 427 1859 3326; baseline 0 0"><span class='ocrx_word' id='word_1_461' title='bbox 1804 427 1859 3326; x_wconf 95' lang='lat' dir='ltr'> </span> 
     </span>
    </p>
   </div>
  </div>
 </body>
</html>
