1859 3326
289 179 383 221 370
760 174 1287 216 ANNOTA'HONES

290 300 461 360 γραψαν
486 286 542 329 &a
535 284 616 335 οὓς
636 285 897 356 (Antigonum
918 297 956 328 et
974 288 1236 339 Demetrium)
1259 288 1327 330 καὶ
1351 288 1424 330 τὸν
1444 286 1660 341 ε’πωνυμον
1682 289 1750 330 και

291 343 466 416 πάτριον
488 343 670 398 αρχοντα
698 359 1067 395 καταπαυσαντες,
1093 346 1272 386 ΙΕΡΕΑ
1292 344 1621 387 ΣΩΤΗΡΩΝ
1602 361 1753 413 εχειρο-

291 400 442 445 τόνουν
462 401 559 442 καθ’
582 399 756 442 ἕκαστον
776 399 978 451 ἐνιαυτὸν,
1000 404 1102 441 Plut.
1124 402 1273 440 Demet.
1293 417 1331 454 p.
1358 405 1465 445 898
1481 402 1531 443 D
1563 404 1648 447 Quo
1669 405 1754 453 qui-

294 462 381 499 dem
406 460 553 497 honore
581 460 728 509 primus
757 457 962 498 defunctus
991 467 1050 498 est
1075 458 1293 509 Coroebus,
1316 468 1535 512 postremus
1557 459 1753 509 Diphilus.

296 518 396 557 Vide
415 516 512 554 ibid.
531 527 568 565 p
589 517 697 557 911.
720 512 770 552 D.
799 515 933 554 WEss.

406 573 516 614 459
536 574 612 613 28.
633 568 1065 640 ΕἷςτὴνἈντιγονίαν]
1085 571 1228 611 Confer
1240 571 1356 612 huius
1368 573 1459 612 libri
1479 587 1511 611 c.
1522 573 1597 614 48.
1617 572 1754 611 Wnss.

411 631 519 671 459.
549 630 625 669 38.
663 625 863 668 Ἀπιδεῖν
885 644 962 682 την
991 643 1067 681 της
1086 624 1296 677 Πλειάδος
1323 626 1471 684 ὁύσιν]
1501 629 1618 667 Haud
1642 629 1755 667 dubie

297 686 401 740 quod
428 687 497 724 sub
525 684 785 735 Vergiliarum
803 698 981 724 occasum
1010 686 1160 724 coelum
1185 686 1451 725 inhorrescere
1479 693 1518 724 et
1546 700 1652 724 mare
1673 700 1757 724 sae-

298 747 385 784 vire
404 744 560 780 soleret.
593 749 674 778 tum
697 743 800 779 enim
821 739 963 794 ἄνεμοι
981 740 1179 797 χειμεριοι
1203 738 1260 790 ὡς
1283 741 1337 784 τὰ
1366 740 1523 791 πολλὰ,
1552 742 1621 782 καὶ
1639 739 1757 796 ψύχη

299 798 381 854 ἤδη
403 799 500 839 καὶ.
490 793 648 850 πάχνη,
680 796 865 836 Geminus
885 803 942 838 ait
966 800 1089 839 Elem
1107 801 1265 838 Astron
1287 812 1320 838 c.
1343 802 1415 843 16.
1441 800 1577 839 WVEss.

410 867 520 906 459.
547 866 623 907 49.
655 864 765 920 Περὶ
785 860 837 906 τὰ
859 862 1095 919 καλοίμενα
1114 864 1359 923 Βάραθρα]
1401 868 1524 920 Lege,
1552 879 1647 918 quae
1665 866 1761 905 scri-

303 927 382 976 psit
404 923 448 961 L.
470 922 498 960 I.
520 923 594 964 30.
622 929 661 960 et
678 930 761 961 not.
783 923 831 962 ad
852 924 1023 962 Hierocl.
1045 925 1213 976 Synecd.
1234 938 1271 976 p.
1299 929 1404 966 727
1433 926 1572 964 Wssss.
1637 939 1642 947 ¹

419 980 530 1020 459.
564 980 635 1020 55·
677 979 764 1020 Καὶ
789 977 1023 1033 πνεύματος
1052 980 1335 1036 ἒπημενοιιενου
1361 981 1569 1036 Βοοείου]
1597 980 1761 1029 Aquilo-

304 1051 393 1076 nem
408 1039 545 1084 istum,
573 1037 815 1076 Palaestinae
843 1040 943 1077 banc
966 1051 1071 1076 oram
1089 1040 1361 1086 infestantem,
1389 1045 1528 1077 nautae
1545 1053 1595 1089 με
1580 1031 1762 1088 εὶαμβό-

306 1109 438 1150 ρειον,
466 1092 627 1144 losepbo
648 1092 812 1135 BelliL.
833 1095 900 1135 111.
922 1097 963 1136 9
985 1096 1027 1135 3.
1057 1103 1175 1144 teste,
1206 1095 1463 1147 adpellabant.
1494 1093 1636 1133 Wssss.

419 1161 528 1202 459.
557 1161 628 1202 58.
660 1158 751 1200 Ἐπὶ
772 1157 892 1202 πόλιν
916 1158 1124 1217 ζΡαςρίαν]
1161 1163 1252 1202 Non
1272 1171 1330 1201 est
1354 1163 1559 1201 consilium
1580 1174 1625 1199 ea
1653 1174 1763 1210 repe-

307 1226 412 1265 tere,
440 1230 536 1267 quae
560 1217 605 1255 de
635 1215 813 1269 Rhaphia
831 1226 869 1257 et
891 1217 1005 1259 Casio
1034 1221 1084 1259 ad
1102 1221 1235 1259 Itiner.
1267 1221 1460 1259 Antonini
1478 1232 1514 1269 p
1536 1219 1640 1260 151.
1670 1219 1765 1256 olim

305 1274 712 1324 sc1ipsimus.WESS.

419 1332 527 1372 460.
554 1333 628 1373 68.
659 1327 888 1379 Κλύόωνος
909 1327 1176 1387 ῥηγνυμένου,
1195 1347 1315 1389 τραχ.
1333 1329 1453 1374 ἒκινδ.
1456 1332 1474 1385 ]
1503 1330 1765 1385 Distinguen-

305 1389 396 1427 dum
415 1395 501 1437 post
519 1380 784 1458 τριιχύτεοον.
810 1387 950 1429 Rnon

418 1446 526 1485 460
554 1447 627 1485 72
656 1441 908 1486 Ἐκλελοιπει
928 1443 976 1486 τὸ
1004 1445 1060 1494 εἷς
1082 1441 1212 1487 πότον
1238 1468 1287 1476 —-
1315 1443 1459 1500 ὕδωρ]
1489 1444 1549 1483 De
1569 1445 1766 1497 augmenti

306 1501 460 1540 defectu
477 1500 576 1539 nihil
596 1514 701 1539 nunc
723 1502 865 1540 dicam:
894 1502 1038 1541 factum
1059 1505 1167 1542 alias.
1204 1504 1279 1551 Εἷς
1296 1501 1426 1544 ποτὸν
1443 1506 1587 1541 rectius
1612 1504 1706 1550 erit,
1731 1501 1766 1538 si

306 1561 438 1597 valeat
466 1558 816 1598 Grammaticorum
845 1571 988 1598 canon:
1026 1557 1154 1608 ποῖὸς
1185 1556 1433 1629 ὄξυνόμενον
1466 1556 1656 1612 σημαίνει
1689 1554 1766 1610 τὴν

294 1612 442 1663 πόσιν·
470 1608 803 1668 παροξυνόμενον
833 1615 1023 1669 σημαίνει
1043 1612 1090 1657 τὸ
1123 1613 1368 1669 συμπόσιον.
1416 1616 1583 1666 Noster,
1614 1617 1692 1653 nisi
1713 1616 1768 1651 li-

307 1672 449 1709 brariis
472 1671 692 1709 adscribere
720 1673 856 1721 malis,
882 1675 924 1711 in
947 1686 993 1712 eo
1025 1674 1267 1713 observando
1293 1687 1428 1725 parum
1455 1673 1662 1724 religiosus
1695 1677 1764 1708 est.

304 1729 419 1772 Quod
444 1728 616 1766 succedit
642 1730 774 1767 statim
799 1728 855 1776 εἷς
879 1751 927 1759 --
951 1744 1100 1770 σπανιν
1132 1729 1490 1799 κατεκλείσθησαν
1516 1729 1558 1768 id
1583 1729 1677 1767 alibi
1708 1733 1767 1764 est

307 1786 472 1824 cvm)
462 1783 687 1836 ισθησαν,
711 1787 835 1825 veluti
855 1786 1210 1840 συνεκλείσθησαν
1233 1803 1290 1835 εις
1316 1782 1477 1842 φόβους
1498 1793 1537 1824 et
1566 1782 1768 1825 συνεκλεί-

308 1844 478 1893 σθησαν
499 1841 554 1888 εἷς
572 1839 821 1894 ἀμηχανιᾞαν
851 1842 914 1881 Tu
931 1845 1022 1883 vide
1052 1844 1392 1896 diligentissimum
1412 1842 1642 1896 Raphelium
1659 1842 1702 1880 fn
1722 1839 1764 1878 S.

308 1898 434 1937 Paulli
455 1899 487 1936 l]
493 1901 583 1948 pist.
605 1899 654 1936 ad
675 1898 804 1940 Galat.
823 1912 858 1940 c.
876 1900 946 1938 111.
969 1901 1046 1942 23
1073 1898 1211 1940 WEss.

418 1967 527 2006 460.
556 1967 629 2008 87.
660 1965 1021 2023 Προκατειληφως
1042 1965 1140 2016 τους
1158 1962 1476 2022 ευκαιροτάτους
1494 1960 1664 2018 τόπους]
1693 1966 1768 2004 Pe-

303 2023 447 2127 ἒιιείιέη
463 2025 670 2116 {pgr-Signi&
697 2025 757 2062 uti
775 2036 855 2075 seq.
886 2037 970 2076 cap.
1000 2025 1159 2064 docetur
1190 2033 1228 2064 et
1255 2039 1278 2065 a
1298 2026 1489 2065 Pausania
1518 2026 1639 2064 Attio.
1670 2038 1702 2061 c.
1724 2025 1767 2064 6.

418 2136 524 2177 460.
561 2138 633 2177 89.
661 2133 737 2177 Ἔν
755 2139 842 2184 τοῖς
862 2135 1107 2190 κοντωτοῖς]
1137 2137 1243 2178 Alibi
1263 2139 1416 2189 plenius
1435 2134 1594 2184 πλοίοις
1612 2150 1765 2177 κοντω-

305 2195 392 2239 τοῖς
412 2192 455 2229 L.
474 2193 593 2231 XIX.
621 2195 692 2235 12.
718 2196 789 2236 18.
815 2192 951 2233 Wssss.

414 2261 524 2302 460.
550 2261 624 2302 96.
663 2261 738 2309 Εἷς
763 2259 811 2302 τὸ
841 2262 1080 2316 μεταβολῆς
1107 2259 1351 2315 ἐπιθυμεῖν]
1381 2259 1492 2300 Nihil
1516 2261 1580 2300 hio
1608 2261 1764 2299 subesse

303 2317 445 2354 ulceris
464 2317 650 2367 suspicari
670 2319 854 2357 videntur
873 2320 949 2357 viri
971 2320 1094 2357 docti:
1124 2333 1195 2371 ego
1215 2333 1309 2358 vero
1330 2319 1553 2368 persuaderi
1571 2318 1665 2356 mihi
1684 2330 1765 2356 non

304 2374 419 2411 alitel
437 2375 580 2421 sinam,
610 2376 704 2425 quin
724 2376 832 2413 locus
852 2377 903 2413 sit
924 2387 1082 2414 mancus
1102 2383 1140 2413 et
1162 2377 1412 2426 inperfectus.
1448 2375 1526 2413 Cur
1553 2377 1657 2414 enim
1681 2387 1763 2412 non

302 2429 404 2467 dixit
426 2426 479 2468 δι’
503 2429 637 2478 αἰτίας
656 2428 771 2478 τινὰς
785 2447 837 2483 με
842 2438 917 2482 ταμ
906 2434 1024 2484 ολῆς
1045 2431 1376 2484 ἐπιθυμοῦντας·
1368 2460 1378 2480 ‚
1397 2439 1435 2470 et
1452 2432 1553 2470 unde
1574 2432 1630 2479 εις
1643 2447 1690 2471 το
1710 2452 1759 2459 --

304 2484 518 2557 ἕπιθιὲιιεῖν
548 2495 679 2537 aptum
708 2501 1009 2559 suspensumque
1041 2488 1126 2527 est?
1172 2489 1304 2538 Adde,
1333 2496 1376 2527 ut
1404 2491 1517 2540 plena
1544 2491 1596 2527 sit
1623 2490 1761 2536 oratio,

302 2540 361 2581 δι’
390 2542 526 2590 αἰτιας
558 2542 672 2592 τινὰς
703 2544 760 2592 εἷς
782 2542 830 2586 τὸ
863 2547 1102 2600 μεταβολης
1130 2545 1346 2600 ἐπιθυμεῖν
1380 2543 1657 2601 φερομένους,
1694 2550 1763 2582 aut

299 2601 425 2638 simile
449 2599 566 2638 aliud.
590 2600 726 2640 XV‘ESS.

412 2668 520 2710 460.
557 2669 598 2708 4.
645 2664 744 2709 Ἐπὶ
784 2666 831 2710 τὸ
866 2666 1122 2722 καλουμενον
1158 2664 1484 2723 Ψευδόστομον]
1529 2668 1648 2707 Plura
1676 2667 1761 2706 Nili

287 2724 433 2774 falsa,
467 2732 510 2764 ut
538 2726 688 2764 Plinius
711 2727 755 2766 L.
787 2726 832 2766 V.
863 2730 932 2767 10.
968 2735 1102 2775 vocat,
1134 2741 1207 2766 om
1230 2735 1351 2766 erant.
1394 2727 1478 2765 Hoc
1510 2726 1604 2763 illud
1638 2727 1757 2762 fuisse

296 2783 465 2830 videtur,
491 2785 592 2833 quod
614 2779 796 2829 Διόλκος
825 2779 1134 2836 Ψευδόστομον,
1165 2798 1243 2823 nou
1264 2787 1426 2822 multum
1445 2784 1491 2821 ab
1514 2785 1615 2821 ostio
1637 2782 1757 2820 Phat-

296 2842 438 2888 nitico,
465 2839 684 2879 Ptolemaeo
713 2839 754 2879 L.
773 2840 836 2878 lv.
861 2853 897 2889 p.
925 2842 1026 2883 116.
1061 2842 1218 2882 dicitur.
1252 2842 1390 2880 WEss.
