1859 3326
290 227 480 262 CXXXVI
587 228 875 265 OECONOMIA
909 227 1186 263 HxsToRIAE
1222 230 1450 267 monom-

291 327 364 362 dae
391 325 574 361 historiae
597 325 807 361 catholicae
824 326 1031 371 periculum
1062 324 1202 361 factum
1222 328 1289 372 sit3
1327 327 1506 363 adiuncta
1527 329 1609 364 eius
1626 329 1747 374 ipsius

291 386 458 419 notione.
489 385 617 428 Cap.3.
650 385 687 427 3)
713 385 848 428 Operis
865 384 1085 418 adiumenta
1104 390 1370 419 recensentur:
1397 387 1545 420 animus
1565 385 1747 422 historiae

293 442 581 486 cognoscendae
604 442 780 486 cupidus,
806 441 976 475 subsidia
992 442 1114 474 omnis
1130 443 1284 486 generis
1302 442 1474 477 literaria
1488 444 1631 478 Romae
1650 444 1752 480 obla·

294 503 359 539 ta,
383 499 537 533 itinera.
565 500 653 543 Cap.
668 499 703 534 4.
722 498 804 530 init.
849 497 888 541 4)
923 498 1060 543 Operis
1084 497 1331 544 chronologia
1350 504 1389 534 et
1408 501 1576 544 partitio.
1615 502 1702 546 Cap.
1718 500 1752 539 4.

293 555 394 591 med.
421 560 462 589 et
489 566 570 600 cap.
589 557 622 591 5.
645 573 690 581 —-
723 555 825 587 Hinc
850 564 932 588 rem
959 556 1080 599 ipsam
1103 556 1346 601 aggreditur,
1378 555 1450 591 hac
1466 569 1558 592 usus
1573 558 1755 594 formula:

295 612 486 656 Expositis
508 612 573 653 iis,
614 612 657 645 de
675 610 802 655 quibus
824 615 908 646 ante
934 610 1109 648 disserere
1128 613 1403 659 constitueram,
1436 615 1614 661 promissi
1637 616 1756 662 operio

288 669 406 718 fidem
421 671 564 718 explere
579 667 748 705 conabor.

617 784 660 833 I.
731 788 1080 834 Periodue
1129 791 1430 848 mythico

718 874 850 914 Libris
870 874 890 914 1
904 898 952 906 —-
965 876 1019 915 VI
1046 877 1336 929 comprehensa.

389 962 500 997 Haec
522 961 646 1007 prIma
670 962 798 1007 operis
820 972 910 1008 pars
935 963 1190 1009 antiquissimi
1214 966 1299 1000 aevi
1323 970 1570 1002 monumenta
1601 967 1763 1006 collecta

302 1022 491 1063 continet,
517 1021 732 1055 elocutione
751 1021 831 1054 sive
850 1021 1000 1064 poetica
1020 1021 1206 1056 orationis
1226 1023 1348 1057 forma
1363 1026 1411 1058 iis
1427 1025 1638 1068 simillima,
1664 1037 1763 1073 quae

301 1077 423 1111 Mosis
449 1078 648 1123 diligentia
675 1082 790 1122 atque
821 1088 912 1111 cura
938 1079 978 1111 in
1007 1088 1164 1122 corpore
1191 1079 1372 1115 historico
1394 1082 1661 1116 Hebraeorum
1686 1094 1766 1118 ser-

301 1139 392 1168 vata
409 1138 634 1180 accepimus.
663 1135 789 1169 Fuere
809 1135 974 1180 quidem,
1000 1136 1063 1180 qui
1079 1137 1154 1169 ista
1171 1139 1298 1170 omnia
1314 1137 1404 1171 ficta
1422 1143 1535 1184 atque
1555 1150 1664 1182 vana,
1693 1152 1766 1176 nec

300 1192 556 1228 bibliothecae
584 1193 790 1228 historicae
814 1194 966 1226 nomine
992 1193 1126 1237 digna,
1160 1193 1396 1237 iudicarent3
1432 1196 1501 1229 sed
1518 1195 1649 1231 horum
1668 1199 1768 1243 ipso-

303 1261 386 1284 rum
410 1253 536 1296 potius
564 1252 766 1293 iudicium,
785 1248 917 1296 'quam
949 1260 1034 1292 res,
1076 1261 1191 1294 super
1217 1261 1291 1294 qua
1313 1252 1548 1296 iudicabant,
1584 1246 1766 1291 vanitatis

305 1312 390 1341 erat
421 1309 645 1343 accusanda.
701 1309 799 1343 Nam
820 1318 903 1341 cum
923 1308 1109 1340 orationis
1126 1317 1268 1352 genus,
1301 1320 1373 1353 quo
1399 1311 1519 1354 prima
1542 1314 1767 1357 populorum

304 1370 413 1398 aetas
443 1376 514 1399 usa
543 1370 623 1408 est,
654 1369 804 1401 constet
832 1365 952 1399 fuisse
980 1365 1207 1409 mythicum,
1239 1365 1351 1400 facile
1375 1368 1667 1413 intelligendum
1694 1375 1767 1415 est,

303 1422 344 1454 id
367 1423 487 1465 ipsum
507 1423 556 1456 ad
577 1425 716 1458 aetatis
740 1423 908 1456 indolem
927 1424 1140 1467 pertinere,
1174 1432 1219 1455 ac
1238 1424 1396 1467 proinde
1411 1427 1554 1469 primae
1574 1426 1768 1464 hominum

307 1482 446 1512 aetatis
475 1485 541 1514 aut
561 1482 666 1514 nulla
693 1482 866 1521 omnino,
897 1484 963 1513 aut
980 1478 1120 1523 mythis
1141 1484 1323 1524 concepta
1342 1486 1495 1517 exstare
1513 1492 1770 1523 monumenta.

309 1536 475 1576 Quorum
492 1539 761 1582 interpretatio
780 1538 934 1572 tametsi
955 1541 1032 1570 tam
1051 1537 1214 1570 difficilis
1231 1542 1269 1570 et
1285 1539 1468 1582 impedita
1483 1542 1552 1583 sit,
1588 1547 1631 1576 ut
1648 1544 1696 1577 ad
1716 1543 1770 1577 hi-

310 1595 490 1628 storicam
513 1597 716 1630 veritatem
741 1606 786 1629 ac
807 1595 1116 1640 perspicuitatem
1134 1599 1338 1638 penetrare
1357 1594 1456 1630 haud
1474 1597 1605 1640 liceat;
1638 1603 1769 1643 tamen

310 1649 484 1686 historici
511 1658 612 1695 erat,
643 1652 798 1698 mythos
822 1654 949 1697 ipsos,
979 1655 1160 1696 tanquam
1184 1663 1360 1695 summae
1378 1655 1617 1699 antiquitatis
1640 1667 1770 1691 monu-

308 1714 459 1752 menta,
490 1711 529 1743 in
546 1711 842 1744 commentarios
861 1721 951 1744 suos
969 1709 1117 1743 referre
1139 1714 1177 1743 et
1194 1720 1435 1744 conservare.

398 1768 525 1801 Huius
557 1768 706 1812 periodi
738 1768 944 1801 terminum
976 1766 1170 1800 Diodorus
1201 1764 1351 1812 Troiam
1379 1771 1525 1811 captam
1557 1771 1774 1814 constituit;

311 1825 380 1858 sed
406 1825 723 1869 quemadmodum
748 1825 899 1869 reliqua
921 1826 1050 1857 omnia
1074 1828 1162 1858 sunt
1181 1826 1350 1868 incerta,
1393 1828 1448 1860 ita
1479 1826 1576 1860 hanc
1604 1827 1773 1871 temporis

311 1882 497 1926 amplioris
514 1889 635 1916 notam
649 1882 887 1924 crassiorem,
919 1893 994 1915 non
1009 1881 1097 1914 αηηὶ
1120 1887 1249 1914 melam
1270 1889 1405 1916 certam
1427 1894 1471 1918 ac
1497 1883 1679 1929 definitam
1707 1896 1775 1919 ac·-

312 1941 507 1983 cipiamus.
556 1941 733 1975 Pluribus
760 1940 945 1983 exemplis
970 1944 1092 1983 patet,
1129 1940 1168 1972 in
1196 1939 1268 1973 hac
1291 1941 1374 1984 ipsa
1400 1943 1558 1985 periodo
1579 1944 1775 1987 aliquanto

310 1998 471 2031 ulterius
491 1998 713 2033 historicum
731 1986 977 2043 progressum
997 2007 1095 2031 esse.
1141 1997 1317 2029 Ceterum
1337 1998 1495 2032 ordinem
1521 1999 1777 2046 etlmographi-

314 2065 396 2088 cnm
419 2062 572 2089 secutus
601 2062 677 2098 est,
715 2059 771 2090 ita
798 2061 840 2089 ut
859 2055 986 2100 populi
1007 2055 1279 2088 eminentiores
1305 2057 1410 2089 velut
1428 2057 1610 2092 historiae
1633 2061 1774 2092 seriem

315 2113 491 2145 efficiant.
538 2112 688 2157 Reliqui
708 2113 766 2147 his
785 2114 847 2147 vel
864 2115 1087 2146 inseruntur
1102 2112 1165 2144 vel
1181 2111 1450 2156 adiunguntur.
1503 2116 1683 2148 Eminent
1704 2126 1777 2149 au-

314 2174 391 2202 tem
412 2169 607 2215 Aegyptii,
645 2170 808 2216 Assyrii,
852 2169 1067 2213 Aethiopes,
1117 2167 1262 2204 Graeci.
1328 2169 1543 2204 Praemisso
1568 2173 1778 2215 prooemio,

312 2227 435 2268 primo
454 2233 670 2269 exterorum,
693 2230 815 2262 tribus
834 2229 943 2262 libris
965 2228 1167 2271 prim-ibim,
1191 2227 1329 2260 deinde
1349 2226 1572 2262 Graecorum
1589 2227 1778 2262 'historiam

315 2283 508 2329 mythicam
521 2287 678 2334 reliquis
695 2287 818 2321 tribus
833 2286 942 2320 libris
963 2285 1177 2328 descripsit.

874 2394 1231 2436 Prooemium.

816 2480 904 2518 Lib.
935 2479 965 2517 l.
997 2492 1080 2529 cap.
1114 2482 1141 2520 6
1163 2502 1219 2507 —-
1243 2479 1284 2518 9.

409 2563 505 2601 Sunt
522 2569 765 2613 quaestiones
781 2568 1000 2608 nonnullae,
1023 2567 1071 2600 ad
1090 2567 1309 2600 universum
1329 2574 1450 2609 genus
1466 2563 1671 2598 humanum
1695 2575 1779 2610 per-

320 2620 507 2666 tinentes,
532 2636 628 2670 quae
648 2626 761 2658 simul
774 2624 1036 2669 philosophum
1051 2649 1061 2666 ,
1083 2624 1195 2657 simul
1213 2623 1393 2657 historiae
1412 2622 1619 2656 catholicae
1639 2623 1779 2656 studio-

320 2690 402 2712 sum
429 2686 562 2716 tenere
586 2687 756 2727 possunt.
803 2683 885 2715 Has
913 2684 1041 2728 itaque
1067 2681 1261 2715 Diodorus
1288 2681 1355 2713 sub
1374 2681 1522 2713 initium
1545 2681 1689 2724 primae
1717 2690 1780 2723 pe-

320 2737 419 2770 riodi
448 2741 578 2783 paucis
603 2740 955 2774 commemorandas
983 2745 1022 2773 et
1041 2739 1289 2772 illustrandas
1305 2738 1431 2779 duxit3
1465 2737 1631 2771 scilicet:
1657 2739 1694 2782 1)
1721 2738 1780 2770 De

321 2802 449 2828 rerum
473 2797 640 2834 omnium
666 2802 753 2834 ortu
776 2798 888 2833 binae
918 2795 1228 2842 philosophorum
1255 2795 1452 2839 opiniones
1475 2793 1661 2830 diversae.
1694 2794 1783 2838 Cap.
