1891 3310
365 196 427 235 IN
460 195 568 234 LIB.
599 194 750 233 xvii.
781 193 908 232 CAP.
939 197 1165 238 77.-81.
1420 207 1506 246 195

170 310 276 349 221.
300 309 341 349 7.
373 306 439 354 Εἷς
463 304 559 360 ὅρος
577 303 622 346 τὸ
647 301 898 357 καλοῦμενον
922 308 942 330 “
964 304 1056 357 ἕχον
1081 311 1171 356 etc.]
1201 308 1344 348 Montis
1365 326 1503 353 nomen

59 367 100 403 in
124 367 292 401 omnium
312 366 516 412 excerptis,
548 364 683 410 quibus
706 362 799 399 mibi
822 364 953 399 utendi
973 365 1150 410 facultas,
1176 365 1278 412 defit,
1305 381 1423 417 neque
1443 372 1501 408 di-

59 423 193 459 vinarc
216 432 383 468 possum,
403 433 477 469 quo
503 421 565 456 ille
586 421 696 455 titulo
716 420 843 455 fuerit.
861 419 909 455 N.
934 420 1086 469 quidem
1107 419 1342 459 Blancardus
1363 426 1407 460 ad
1430 427 1501 463 Ar-

57 479 156 514 rian.
177 476 217 513 L.
244 475 310 512 lll.
331 488 366 525 p.
391 477 499 516 222.
541 474 785 526 Paropanisi
805 487 944 512 nomen
967 476 1156 513 excidisse
1177 481 1378 527 opinatur,
1407 495 1499 519 con-

57 534 203 570 iectura
227 531 427 568 admodum
448 529 639 582 ambigua.
670 530 718 568 W
724 540 804 567 Ess.

146 588 274 628 ’221
300 588 370 627 12.
400 585 474 633 Ei‘g
495 601 586 626 τινα
606 584 778 654 πέτραν]
808 584 866 623 De
887 598 931 623 ea
951 583 1056 626 Curt.
1080 585 1142 624 VI.
1165 589 1205 628 6.
1228 589 1301 628 23.
1334 589 1467 628 vlt-ss

166 642 483 684 221.16.Καὶ
509 638 707 688 διανύσας
726 641 781 688 εἷς
798 638 849 680 τὰ
870 642 1008 692 [qual-i.
1029 645 1102 693 τῆς
1121 643 1306 696 Δραῃιι
1311 645 1376 698 ἧς]
1398 647 1498 684 Con-

54 702 174 737 sentit
203 712 279 736 una
310 712 395 736 cum
425 697 615 736 Strabone
640 698 682 738 L.
704 697 792 737 XV.
812 709 847 746 Ρ.
876 699 1008 738 1051.
1034 697 1082 735 D.
1121 697 1276 736 Cuitius
1304 701 1342 738 1.
1372 703 1432 739 11
1455 707 1497 744 (j

53 755 129 795 35.
174 755 218 792 In
248 753 411 792 Arriano
439 769 523 793 των
548 753 821 807 Ζαραγγῶιων
848 753 971 802 βασί)
977 769 1036 792 eta
1068 767 1115 790 ex
1137 754 1291 793 diversa
1318 760 1496 797 voe-{buli

51 813 365 861 pronuntiatione
397 809 440 848 L.
472 809 538 848 Ill.
569 812 644 851 25.
690 809 801 847 Conf.
834 809 908 847 lae.
939 809 1112 848 Gronov.
1145 812 1237 850 ibid.
1261 826 1342 862 cap.
1362 817 1436 856 28.
1460 828 1495 863 p.

56 869 160 909 144.
190 867 324 903 Wssss.

161 925 267 963 221-
299 923 373 963 21·
416 920 601 973 Λίμνος]
635 920 732 959 Vide
759 919 860 958 Plut.
887 919 997 958 Alex.
1020 933 1055 970 Ρ.
1077 922 1196 968 692..
1235 921 1339 961 Curt.
1361 925 1404 965 L.
1428 926 1492 963 Vl.

52 977 110 1027 7.,
126 980 193 1016 ubi
215 980 311 1016 male
333 985 371 1015 et
389 986 522 1015 contra
542 980 708 1027 scriptos
727 978 844 1014 libros
865 975 1053 1027 Dymnus.
1081 977 1216 1015 Wssss.

159 1037 266 1076 221.
298 1035 373 1075 43.
417 1032 503 1074 Τὸν
533 1033 608 1088 μέν
636 1029 829 1073 Φιλώταν
859 1031 1132 1086 παρέπεμψε]
1167 1034 1493 1086 Transmittebar,

46 1097 90 1128 ut
110 1092 270 1129 subinde
292 1090 391 1140 apud
414 1089 653 1128 Suetonium.
683 1089 770 1127 vid.
791 1096 870 1127 not.
890 1092 929 1126 in
949 1089 990 1127 L.
1008 1089 1121 1126 Xlli.
1145 1092 1218 1130 52.
1253 1093 1384 1132 Wns&

158 1149 265 1188 221.
287 1149 362 1188 46.
385 1141 434 1186 tO
453 1146 497 1186 δὲ
520 1144 592 1185 τὸν
615 1167 663 1175 --
688 1144 743 1192 εἷς
762 1143 838 1197 ’τὴν
859 1141 1103 1197 ὁπλοθήκην
1125 1146 1372 1199 εἰσαγαγὼν]
1407 1150 1490 1186 Me-

47 1209 137 1240 tron
160 1211 252 1242 erat
276 1206 317 1241 ei
335 1216 492 1250 nomen,
522 1216 642 1254 super
661 1203 1016 1240 armamentarium
1028 1204 1188 1253 posito,
1223 1215 1338 1251 quare
1361 1213 1398 1241 et
1419 1207 1489 1243 Ce-

43 1259 214 1297 balinum
233 1262 273 1297 in
292 1261 589 1297 armamentario
608 1259 832 1307 abscondit,
858 1258 959 1308 apud
980 1257 1153 1296 Curtium
1174 1259 1266 1297 dict.
1290 1262 1374 1297 loco
1394 1270 1486 1299 sect.

42 1317 119 1355 23.
149 1313 284 1353 Witss.

154 1374 262 1412 222.
294 1371 365 1412 56.
407 1367 497 1423 Τὴν
529 1369 661 1424 κρίσιν
684 1365 788 1422 ὑπὲρ
815 1363 966 1409 τούτου
991 1390 1039 1398 ——-
1061 1367 1284 1423 ἕπὲτρεψε]
1318 1370 1403 1409 ΙΙοο
1430 1375 1486 1411 ἰη-

42 1434 143 1465 stum
164 1442 261 1475 esse,
287 1440 335 1464 ex
357 1426 490 1465 Curtio
512 1430 757 1478 cognoscitur
775 1426 819 1466 L.
843 1426 906 1463 Vl.
931 1429 971 1468 8.
992 1427 1067 1466 24.
1088 1434 1127 1463 et
1149 1429 1190 1466 9.
1217 1429 1289 1467 33.
1322 1428 1462 1466 'x'v'r-Jss,

152 1486 259 1524 222.
281 1485 355 1524 64.
384 1481 506 1523 Κατὰ
526 1482 573 1522 τό
600 1486 685 1522 τῶν
707 1478 968 1523 Μακεδόνων
1001 1480 1101 1528 ἔθος
1124 1505 1173 1511 -
1196 1481 1421 1523 ἔθανατώέ)
1432 1486 1485 1538 ²1]

39 1538 158 1578 Putes
177 1543 241 1591 agi
261 1540 308 1576 de
330 1538 583 1577 Macedonum
602 1541 701 1590 lege,
730 1551 804 1588 qua
827 1546 981 1576 cautum
1003 1545 1097 1586 erat,
1129 1545 1173 1576 ut
1199 1542 1399 1590 propinqui
1420 1556 1485 1579 eo-

40 1608 138 1643 rum,
165 1598 232 1646 qui
250 1598 332 1647 regi
359 1597 532 1634 insidiati
553 1603 676 1642 erant,
706 1609 791 1632 cum
812 1597 903 1643 ipsis
924 1601 1164 1641 necarentur,
1193 1596 1316 1632 obiter
1337 1598 1484 1635 indica-

42 1658 82 1688 ta
108 1666 130 1690 a
149 1651 309 1690 Philone
333 1651 413 1689 lud.
434 1653 479 1689 de
498 1652 588 1703 Leg.
610 1652 774 1701 Spceial.
796 1663 830 1699 Ρ.
846 1650 1006 1691 8021).
1020 1680 1031 1697 ,
1053 1653 1204 1699 plenius
1226 1664 1247 1688 a
1268 1651 1399 1689 Curtio
1420 1654 1480 1690 w.

44 1709 114 1748 11.
135 1710 211 1749 20.
239 1707 316 1745 Sed
338 1722 415 1744 non
439 1711 492 1745 ita
512 1716 589 1745 est:
623 1710 750 1745 innuit
769 1720 851 1743 eum
873 1720 1028 1752 morem,
1053 1720 1140 1754 quo,
1162 1707 1250 1744 dato
1273 1711 1398 1758 sigilo,
1420 1723 1481 1745 sa-

38 1766 100 1801 xis
120 1765 378 1801 obruebantur
396 1777 419 1801 a
442 1764 717 1800 Macedonibus
737 1763 834 1810 apud
857 1761 961 1799 Cmt.
981 1762 1073 1799 ibid.
1092 1770 1183 1799 sect.
1205 1764 1278 1801 39.
1310 1764 1384 1800 Wti
1389 1776 1441 1801 ss.

150 1822 257 1860 222.
291 1821 365 1860 69.
403 1816 488 1859 Διὰ
507 1834 582 1871 την
603 1833 706 1870 ποος
722 1816 968 1869 Aw'Jmov
993 1814 1221 1870 οἰκειότητα
1243 1826 1314 1859 etc,
1332 1821 1347 1869 ]
1377 1821 1481 1857 Nus-

37 1886 150 1924 quam
171 1876 216 1912 de
235 1875 446 1913 Alexandri
466 1875 524 1926 Β)
528 1883 681 1912 ncestae
707 1881 744 1910 et
768 1875 958 1925 Antigoni
989 1875 1272 1911 necessitudine
1296 1889 1479 1913 memora—

37 1938 113 1978 tur,
141 1938 276 1969 contra
299 1945 343 1968 ea
363 1945 473 1981 saepe
495 1932 540 1968 de
560 1932 767 1980 Antipatri,
794 1932 902 1967 cuius
923 1930 1144 1967 Alexander
1165 1932 1228 1966 ille
1248 1944 1367 1981 gener
1386 1940 1479 1972 erat.

34 1988 134 2037 apud
156 1987 293 2026 lustin.
316 1988 356 2025 L
377 1987 465 2024 Xll.
489 1988 559 2028 11.
584 1995 622 2024 et
643 1986 746 2023 Curt.
768 1986 797 2023 V
803 1985 849 2022 ll.
876 1988 914 2026 l.
941 1987 981 2021 7.
1013 1987 1138 2030 Quare
1170 1983 1238 2024 διὰ
1268 1984 1343 2037 τὴν
1376 2002 1453 2035 mm
1447 2003 1478 2034 ,ς

29 2039 315 2094 ’Λντίπατρον
347 2038 574 2095 οικειότητα
603 2043 761 2092 refingit
787 2041 1069 2079 Freinshemius
1098 2043 1144 2078 ad
1167 2055 1251 2078 eum
1275 2043 1399 2080 Curtii
1424 2046 1478 2080 lo-

33 2112 133 2147 cum,
159 2102 379 2136 coniectura
401 2100 582 2150 eleganti,
608 2099 675 2135 sed
696 2098 823 2135 dubia.
862 2097 1002 2148 Agitur
1030 2097 1091 2133 hic
1124 2099 1170 2134 de
1200 2100 1475 2145 familiaritate,

32 2167 129 2204 quae
150 2154 412 2193 Alexandrum
430 2158 531 2193 inter
549 2162 587 2192 et
598 2156 834 2205 Antigonum
858 2156 1132 2199 intercesserit,
1148 2166 1317 2202 quaeque
1338 2158 1475 2191 iustam

30 2213 252 2263 regis'iram
272 2219 420 2249 morata
437 2212 572 2249 fuerit:
605 2212 650 2248 de
672 2210 866 2258 Antipatri
890 2218 927 2247 et
941 2209 1151 2247 Alexandri
1171 2209 1385 2259 Lyncestae
1404 2212 1477 2247 ad-

30 2268 178 2306 finitate
199 2267 308 2305 nibil.
355 2266 503 2317 Sequar
522 2275 646 2317 tamen
676 2267 742 2304 ubi
765 2264 882 2304 Codd.
905 2265 1141 2303 addixerint.
1167 2267 1306 2304 wizss.

142 2319 249 2364 222.
284 2324 358 2364 72.
406 2321 496 2363 Ἐπὶ
529 2319 751 2378 δρομάδων
782 2318 1010 2375 καμήλων]
1060 2321 1170 2359 Conf.
1202 2322 1243 2359 L.
1264 2320 1376 2359 XlX.
1399 2323 1473 2361 37.

30 2378 167 2419 Wess.

143 2437 250 2477 222.
281 2435 355 2477 84.
399 2433 483 2475 Καὶ
512 2428 840 2488 προσηγόρευσεν
868 2428 1057 2472 ἀτάκτων
1083 2427 1251 2485 τάγμα]
1295 2432 1474 2471 Fortasse

32 2491 134 2540 quod
157 2505 328 2529 seorsum
349 2490 543 2528 cohortem
565 2490 662 2528 hanc
683 2504 706 2527 a
735 2491 871 2527 ceteris
892 2490 1049 2526 tendere
1078 2491 1311 2539 ignominiae
1339 2502 1474 2526 caussa

28 2555 100 2585 rex'
121 2550 295 2595 iusserit,
318 2555 361 2585 ut
371 2546 476 2584 Curt.
495 2546 577 2584 Vll.
598 2549 642 2586 2.
666 2547 740 2586 37.
763 2546 946 2594 prodidit,
975 2545 1150 2595 quodque
1175 2543 1377 2595 ἀτακτεῖν,
1398 2548 1473 2582 sic-

28 2607 86 2642 uti
108 2604 151 2641 L.
175 2603 319 2641 XVlll.
345 2606 415 2644 17.
441 2605 612 2652 loquitur
632 2613 778 2649 auctor,
800 2603 967 2639 fuissent
986 2603 1100 2639 soliti.
1128 2600 1261 2638 WESS.

142 2660 248 2700 222.
282 2661 353 2701 89.
389 2657 478 2698 Ἐπὶ
505 2655 602 2704 τοὺς
638 2679 686 2686 --
710 2654 1036 2710 ’,4οιμασποὺς]
1076 2656 1142 2693 Sic
1169 2656 1309 2693 Strabo
1327 2655 1414 2692 XV.
1438 2666 1472 2703 p.

34 2715 169 2756 1055.
191 2715 236 2752 A.
259 2723 297 2752 et
315 2715 563 2765 Stephanus'
554 2727 594 2751 ιη
614 2712 844 2766 Εὐεργέται.
873 2713 982 2779 Apud
1003 2712 1177 2750 Curtium
1196 2713 1237 2749 L
1259 2712 1342 2748 vll.
1365 2713 1405 2751 3.
1433 2715 1470 2751 l.

29 2773 71 2808 in
91 2771 339 2824 Agriaepas‚
376 2783 601 2821 quamquam
620 2770 773 2819 quidam
796 2769 886 2808 libri
906 2772 946 2807 in
967 2769 1209 2820 Armaspos:
1256 2768 1357 2804 unde
1377 2766 1455 2804 Ari
1466 2794 1475 2800 .

29 2840 102 2864 ma
96 2840 185 2878 apos
203 2835 282 2864 non
302 2829 442 2865 iniuria
462 2826 682 2864 feceris.1n
702 2825 866 2863 Arriano
888 2824 951 2862 111.
973 2827 1046 2865 27.
1071 2824 1111 2869 ἐς
1128 2823 1213 2875 'Ay
1206 2821 1391 2874 ριὰσπας
1406 2829 1472 2859 aut

1096 2882 1147 2920 13
1173 2883 1190 2900 *
