1859 3326
280 186 373 226 258
743 181 1270 222 ANNOTATIONES

291 295 439 342 σαλιίις
462 302 498 333 et
524 295 968 336 (DAPKHAONIOI.
1007 294 1187 334 Fortasse
1209 298 1256 335 ob
1277 309 1362 335 eam
1384 296 1582 348 perfidiam
1604 298 1749 346 patriae

294 355 399 392 urbis.
419 356 657 403 possessione
680 353 818 391 deiecti
837 361 939 393 sunt.
969 352 1110 390 VVESS.

406 411 515 449 299.
548 411 621 449 03.
652 408 842 462 )Ωρωπὸν
869 408 912 448 de*
931 408 1159 462 Ὠρωπίους
1183 405 1314 460 ἔχειν]
1347 408 1405 447 De
1430 410 1562 459 Oropo
1583 409 1752 447 Atheni-

296 481 406 504 enses
429 470 530 502 inter
548 474 587 502 et
611 465 778 503 Boeotos
799 472 1001 515 perpetuae
1021 468 1320 503 intercesserant
1341 468 1642 504 controversiae.
1664 465 1753 503 Vid.

295 525 338 561 I..
361 522 466 559 xlv.
499 525 564 562 17.
592 530 629 559 et
650 522 739 560 XV.
758 525 830 562 76.
859 524 962 566 Quas
985 523 1058 558 etsi
1079 522 1283 569 discutere,
1309 524 1403 560 urbe
1425 524 1582 571 Oropiis
1601 523 1754 568 relicta,

295 594 406 630 reges
436 579 685 616 Macedonum
719 586 809 615 sunt
835 581 989 626 conati,
1017 580 1154 615 tollere
1175 585 1304 618 tamen
1327 592 1406 617 non
1428 586 1649 631 potuerunt.
1679 579 1754 616 Adi

298 637 527 675 Pausaniam
549 635 590 672 L.
608 636 691 672 Vll.
717 638 787 675 ll.
814 635 949 672 lVESS.

416 692 515 729 said.
557 687 703 741 Σάμον
727 690 772 730 δὲ
798 691 966 743 δίδομεν
992 687 1272 744 Ἀθηναιόις,
1297 689 1432 744 ἐπειδὴ
1457 690 1525 731 καὶ
1550 690 1757 738 Φίλιππος

302 749 394 798 etc]
438 748 653 797 Philippum
681 748 984 785 Atheniensibus
1013 747 1121 786 Sami
1152 751 1434 797 possessionem
1466 756 1756 787 controversam

300 818 378 843 non
400 806 537 841 fecisse
552 835 560 849 ‚
592 810 709 841 testes
730 805 803 842 filii
827 812 918 842 sunt
938 806 1099 853 literae,
1127 807 1335 843 insolentia
1353 808 1512 854 plenae,
1539 805 1639 856 apud
1657 805 1758 843 Plut.

302 862 412 898 Alex.
437 874 470 908 p.
496 863 601 900 (581.
621 861 665 896 A.
708 859 951 898 Rescindunt
976 875 1068 912 ergo
1095 876 1230 913 reges,
1272 875 1367 911 quae
1387 862 1591 899 Perdiccas
1612 863 1653 899 in
1681 861 1760 898 Sa·-

299 921 466 956 miorum
488 917 717 955 comnodum
742 931 864 968 nuper
886 919 1093 956 admodum
1113 921 1367 957 constituerat
1387 918 1502 957 huius
1535 919 1602 957 lib.
1624 932 1657 959 e.
1685 920 1757 960 18.

300 975 437 1013 wis-s.
889 1018 891 1023 Α

419 1031 524 1070 300.
548 1032 620 1071 82.
659 1027 744 1071 Διά
767 1026 843 1082 τὴν
866 1027 971 1083 πρὸς
993 1027 1275 1085 Κάσσανδρον
1300 1028 1488 1085 ἔχθραν]
1521 1030 1580 1068 Ab
1599 1029 1762 1081 Antipa-

304 1095 365 1125 tro
389 1087 623 1124 dissenserat
642 1087 856 1138 OlympiaS,
884 1091 1041 1136 eiusque
1064 1089 1153 1126 odio
1179 1090 1219 1126 in
1239 1089 1401 1137 Epirum
1420 1094 1678 1134 concesserat,
1703 1087 1762 1125 uti

305 1145 497 1193 proditum
519 1145 593 1180 fuit
616 1156 695 1192 cap.
718 1145 795 1183 49.
822 1154 935 1192 atque
957 1159 980 1182 a
1003 1145 1196 1182 Pausania
1214 1145 1257 1182 L.
1278 1146 1307 1182 1.
1336 1147 1405 1186 11.
1445 1145 1575 1182 Patris
1594 1146 1762 1195 vestigia

304 1215 391 1238 cum
421 1199 636 1237 Cassander
664 1208 877 1249 premeret,
906 1203 1039 1249 utique
1070 1209 1108 1238 et
1135 1204 1218 1239 eius
1246 1209 1350 1239 metu
1378 1201 1510 1238 eadem
1532 1203 1575 1239 in
1600 1203 1760 1251 regione

304 1258 547 1296 nobilissima
566 1256 711 1294 femina
739 1271 885 1294 moram
913 1269 1162 1305 perseverare
1182 1261 1321 1308 potuit.
1352 1257 1411 1294 De
1432 1256 1646 1295 Alexandri
1664 1257 1761 1304 filio,

307 1328 355 1351 ex
384 1313 544 1350 Roxane
575 1320 750 1363 suscepto
788 1314 995 1362 itidemque
1024 1314 1248 1351 Alexandro
1280 1315 1387 1352 dicto
1423 1313 1663 1352 Freinshem.
1711 1314 1762 1351 ad

307 1369 485 1408 CurtiiL.
498 1369 550 1407 X.
567 1373 606 1411 6.
625 1373 668 1410 2.
689 1376 728 1407 et
745 1369 883 1407 Bosius
901 1372 941 1407 in
954 1370 1215 1422 Nepot.Eum.
1238 1384 1320 1423 cap.
1338 1373 1379 1412 6.
1399 1379 1522 1424 agunt
1541 1371 1762 1423 diligenter.

303 1427 440 1466 WVEss.

421 1484 526 1523 300.
556 1482 599 1522 4.
637 1482 786 1523 Ταῦτα
810 1504 860 1511 —-
883 1478 991 1523 κατὰ
1008 1485 1160 1524 τοῦτον
1182 1481 1255 1524 τὸν
1276 1480 1478 1525 ἐνιαυτόν.
1507 1479 1591 1524 Ἐπ’
1615 1479 1765 1537 ἄρχον-

306 1554 378 1586 τος
398 1541 486 1590 ete]
519 1539 712 1577 Maximus
739 1540 866 1578 hiatus
897 1541 1011 1577 debet
1035 1543 1164 1579 notari
1185 1544 1287 1579 inter
1315 1537 1503 1581 ἐνιαυτὸν
1526 1548 1565 1579 et
1581 1538 1666 1580 'En’
1690 1537 1764 1593 ἄρ-

302 1611 466 1647 χοντος.
510 1595 664 1633 Desunt
687 1599 789 1634 enim
810 1598 971 1634 duorum
991 1611 1181 1634 annorum
1202 1606 1333 1649 gesta,
1369 1605 1413 1635 ut
1434 1604 1537 1646 patet
1556 1610 1604 1635 ex
1626 1597 1765 1647 Olym-

306 1653 463 1702 piadum
483 1666 657 1692 numero.
687 1652 813 1704 Supra
833 1667 869 1702 p.
894 1656 998 1694 622.
1016 1653 1240 1707 (lib.XV1[.
1262 1651 1382 1706 113.)
1395 1657 1613 1692 numeravit
1626 1653 1766 1704 Olym-

306 1710 455 1759 piadem
485 1713 732 1747 centesimam
757 1711 943 1748 decimam
971 1717 1170 1760 quartam,
1196 1711 1338 1763 Agesia
1362 1711 1570 1748 Archonte.
1597 1710 1704 1747 Infra
1725 1723 1762 1760 p.

307 1768 412 1806 679.
435 1767 521 1819 (lib.
541 1765 656 1804 XlX.
684 1770 702 1806 l
716 1765 779 1818 7.)
799 1775 975 1805 numerat
994 1767 1262 1817 Olympiadem
1282 1778 1410 1816 cxvi„
1441 1766 1667 1805 Democlide
1686 1766 1766 1804 Ar-

306 1822 457 1859 chonte.
493 1822 643 1860 Nullibi
666 1823 937 1873 Olympiadem
959 1833 1054 1860 cxv.
1086 1825 1265 1862 invenire
1288 1831 1364 1862 est:
1403 1837 1492 1862 nam
1521 1825 1599 1862 fuit
1624 1824 1667 1861 in
1688 1823 1763 1861 hoc

305 1878 411 1916 hiatu
445 1879 692 1917 Maec-temus
719 1880 875 1917 Archon
912 1888 949 1917 et
971 1880 1236 1932 Apollodorus
1258 1884 1397 1919 iterum
1419 1880 1589 1919 Archon.
1617 1880 1763 1918 Ansam

308 1937 431 1973 errori
454 1937 631 1984 praebuit
659 1950 800 1973 nomen
821 1937 1047 1985 Apollodori
1066 1937 1273 1975 Archontis
1294 1940 1524 1987 repetitum,
1563 1939 1628 1986 qui
1656 1939 1762 1987 supi-

309 2005 402 2029 num
422 1993 485 2030 vel
512 2001 780 2042 properantem
800 1997 1075 2043 exscriptorem
1094 1995 1245 2031 fefellit.
1273 1994 1373 2031 Nam
1392 2009 1480 2033 cum
1501 1993 1762 2043 Apollodorus

307 2049 430 2085 fuerit
457 2048 612 2085 Archon
641 2057 777 2099 quarto
806 2063 908 2087 anno
929 2051 1171 2100 Olympiadis
1193 2061 1305 2087 CXIV.
1334 2064 1469 2088 rursus
1488 2053 1552 2089 vel
1571 2051 1673 2088 idem
1695 2051 1761 2088 vel

307 2108 406 2142 alius
428 2104 683 2155 Apollodorus
706 2107 824 2143 fuerit
842 2105 998 2143 Archon
1019 2108 1174 2144 biennio
1194 2114 1302 2156 post,
1328 2108 1477 2144 scilicet
1497 2107 1667 2144 secundo
1689 2119 1760 2143 an-

307 2174 358 2197 no
382 2162 623 2212 Olympiadis
640 2172 735 2199 cxv.
759 2162 980 2200 Secundum
1000 2162 1101 2200 hunc
1122 2163 1398 2212 Apollodorum
1417 2176 1486 2212 pro
1508 2164 1634 2213 primo
1655 2176 1760 2201 sum-

308 2219 401 2265 psit,
432 2225 470 2254 et
492 2232 512 2255 a
535 2219 704 2255 secundo
723 2220 892 2256 seribere
912 2222 1171 2266 continuavit,
1194 2233 1282 2256 cum
1304 2219 1459 2257 deberet
1475 2233 1498 2257 a
1520 2221 1644 2270 primo
1665 2232 1760 2256 con-

306 2276 416 2311 tinuo
436 2275 501 2311 filo
523 2274 725 2312 historiam
746 2277 978 2312 exscribere.
1014 2274 1168 2312 Desunt
1196 2278 1317 2326 igitur
1344 2290 1388 2314 ea
1418 2289 1514 2326 quae
1538 2282 1646 2328 gesta
1667 2283 1759 2313 sunt

302 2330 518 2381 Νωίχμου
537 2328 779 2383 ”Ἀρχοπ)ϊος
805 2333 960 2382 Olymp.
980 2342 1075 2369 cxv.
1104 2338 1143 2369 et
1163 2329 1497 2384 Ἀπολλοὸώρου
1516 2329 1761 2385 ”Αρχοντος

301 2389 377 2425 τοῦ
408 2385 600 2438 δευτέρου
630 2390 693 2425 vel
722 2386 769 2427 τὸ
806 2383 1009 2440 δεύτερον,
1042 2401 1145 2425 anno
1169 2389 1337 2426 secundo
1363 2389 1489 2427 dictae
1513 2388 1758 2439 Olympiadis

303 2452 398 2480 cxv.
426 2444 556 2480 PALM.
585 2442 730 2481 Deesse
753 2444 840 2485 huic
861 2445 959 2482 libro
982 2447 1113 2493 plura,
1146 2448 1244 2483 citra
1264 2446 1423 2484 dubium
1439 2453 1510 2483 est.
1555 2446 1608 2482 At
1626 2445 1755 2482 hiatus

303 2499 376 2536 iste
398 2501 491 2537 alibi
524 2500 750 2537 eonmodius
771 2504 983 2539 invenitur.
1016 2501 1101 2537 vid.
1125 2509 1204 2538 not.
1226 2503 1273 2539 ad
1294 2515 1376 2551 cap.
1396 2504 1471 2542 44.
1499 2502 1638 2541 WVESS.

417 2557 522 2596 300.
548 2558 586 2595 7.
617 2552 798 2596 Κόϊντον
817 2556 991 2608 Αἴλιον]
1029 2557 1281 2596 Cassiodorus
1300 2557 1485 2606 Αὔλιον,
1514 2558 1650 2596 Livius
1672 2556 1756 2597 Αἲ-

298 2609 436 2660 μίλιον
458 2613 550 2649 edit.
583 2610 718 2650 RHOD.
757 2614 803 2660 Q.
829 2615 989 2652 Aulium
1018 2617 1197 2652 meliores
1221 2615 1323 2653 Livii
1349 2614 1466 2652 Codd.
1490 2615 1688 2664 adpellant
1710 2614 1753 2651 L.

298 2665 371 2704 lX.
398 2669 467 2708 15.
499 2669 646 2718 Inspice
669 2669 805 2720 Sigon.
825 2678 862 2707 et
883 2671 1065 2722 Pighium
1088 2671 1136 2708 ad
1156 2684 1247 2711 ann.
1270 2682 1473 2709 CDxxxlv.
1505 2671 1641 2709 WESS.

410 2726 516 2765 300.
545 2727 615 2765 15.
646 2726 731 2765 Καὶ
751 2723 1154 2780 θησαυροφύλακας,
1167 2725 1279 2774 ὅπως
1300 2726 1412 2784 αὐτῷ
1425 2726 1523 2780 etc.]
1543 2728 1754 2765 Praeerant

293 2777 506 2827 thesauris,
547 2783 611 2830 qui
643 2782 811 2828 Quintiis
837 2787 878 2822 iu
902 2783 1041 2822 Cilicia
1065 2785 1386 2832 asservabantur,
1417 2786 1463 2822 de
1489 2785 1628 2833 quibus
1646 2784 1747 2821 infra

291 2847 371 2883 cap.
398 2839 473 2876 (52.
506 2838 641 2875 WVEss.
