1859 3326
337 194 433 235 218
695 190 702 200 '
770 188 1295 232 ANNOTATIONES

450 305 561 347 246,
594 306 665 347 ll.
707 302 781 351 Εἷς
812 301 913 358 τὸν]
950 305 1044 344 Post
1068 300 1354 360 Ἀλέξανδρος
1376 307 1532 351 videtur
1554 321 1789 358 supervaca-

337 375 455 401 neum
474 375 557 399 esse
579 361 648 408 εἷς,
675 369 743 400 aut
759 369 860 399 certe
884 361 1030 412 aliquid
1053 363 1154 399 inter
1177 362 1232 410 εις
1254 370 1292 400 et
1310 361 1383 404 τὸν
1403 365 1548 404 deesse.
1581 366 1739 404 snm.

450 419 557 460 246
576 421 652 460 27.
688 417 772 458 Καὶ
794 415 943 467 διαβας
962 415 1035 457 τὸν
1050 417 1127 471 Τι’)
1129 419 1209 472 ριν]
1238 418 1291 457 Et
1309 420 1382 458 hoc
1397 435 1530 459 rursus
1553 423 1638 461 loco
1656 425 1790 474 legen-

337 475 429 514 dum
449 474 648 527 Πασιτίγ
636 487 717 513 οιν.
747 488 837 512 nam
857 476 948 512 licet
967 482 1146 522 sequatur
1164 473 1206 514 ἐν
1229 480 1321 523 ταῖς
1333 474 1497 530 Κάραις
1518 478 1791 530 καλουμέναις

336 528 515 583 κώιιαις,
547 532 650 580 quod
679 533 765 583 qu1s
792 532 892 569 forte
923 531 1042 568 vellet
1068 533 1314 580 interpretari
1349 534 1394 571 de
1415 532 1543 572 Carris
1568 535 1788 585 Mesopota-

336 591 452 636 miae,
482 601 561 626 non
585 594 713 625 tamen
735 595 859 637 potest
879 588 1048 638 intelligi
1070 587 1115 624 de
1133 589 1212 625 illis
1224 587 1522 640 Mesopotamiae
1533 589 1675 640 Carris,
1692 606 1788 643 quae

337 657 419 681 non
439 646 555 694 longe
575 645 621 681 ab
633 644 851 694 Euphrate:
875 644 1092 681 Alexander
1110 650 1215 683 retro
1239 647 1400 684 multum
1419 651 1656 696 recessisset,
1686 648 1790 698 quod

337 714 417 738 non
437 702 556 747 feeit,
579 707 623 738 ut
642 713 691 739 ex
711 702 794 737 eius
815 700 976 737 historia
994 707 1117 752 patet:
1147 707 1232 739 tum
1250 703 1306 740 ait
1324 709 1455 752 postea
1475 704 1608 741 (liebus
1628 713 1791 753 quatuor

339 757 480 795 Sittam
500 770 587 794 eum
606 764 887 808 transgressum
907 757 1048 795 fuisse:
1068 764 1107 794 at
1117 755 1315 796 Sittacene
1333 766 1392 796 est
1408 760 1456 797 ad
1468 759 1642 812 Tigridis
1661 764 1791 800 orien-

336 821 439 861 tem,
473 816 706 862 oportuisset
726 816 847 864 igitur
866 827 951 850 eum
971 826 1104 850 rursus
1128 813 1267 865 Tigrin
1288 816 1530 864 pervadasse.
1584 816 1686 856 Tum
1709 830 1790 855 non

336 873 526 920 potuisset
544 877 709 919 quatuor
728 871 877 907 dierum
896 872 1019 918 spatio
1040 877 1160 910 totam
1182 872 1264 909 fere
1278 871 1604 922 Mesopotamiam,
1632 873 1789 925 Tigrin,

333 928 549 977 Assyriam,
582 933 621 964 et
643 925 868 964 Sittacenen
890 927 1109 978 transgredi
1133 940 1221 965 cum
1241 931 1428 976 exercitu,
1455 929 1556 979 quod
1582 930 1790 968 difficulter

332 985 480 1021 faceret
504 996 639 1023 cursor
667 983 890 1021 veredarius
918 983 1116 1032 expeditus
1147 985 1188 1022 in
1217 996 1338 1033 equo,
1377 992 1416 1022 et
1438 983 1621 1039 Καῤῥῶν
1649 989 1788 1038 κῶμαι

333 1048 466 1089 postea
493 1039 676 1077 dicuntur
696 1040 816 1077 fuisse
848 1041 891 1079 in
923 1037 1157 1090 Babylonia,
1187 1047 1225 1080 et
1257 1043 1313 1079 ita
1344 1042 1458 1079 credo
1490 1043 1693 1093 legendum
1716 1042 1788 1081 hoc

333 1094 693 1135 1000.P.xm1.De
715 1096 916 1146 Pasitigri
943 1095 1062 1134 fluvio
1087 1099 1189 1135 iusta
1212 1105 1271 1135 est
1291 1098 1472 1135 Palmerii
1490 1100 1788 1138 animadversio.

334 1154 420 1191 vid.
443 1152 556 1190 huius
587 1152 677 1190 libri
700 1166 781 1203 cap.
804 1155 878 1193 67.
920 1152 1045 1190 Aliter
1075 1155 1202 1191 sentio
1230 1154 1276 1192 de
1299 1155 1397 1192 vicis
1418 1153 1549 1202 Caris,
1581 1168 1676 1207 quos
1705 1156 1790 1192 fru-

333 1217 413 1248 stra
431 1209 584 1246 eosdem
604 1222 687 1246 esse
709 1210 881 1248 decernit
899 1222 943 1245 ac
963 1208 1119 1260 Καρῶν
1139 1205 1284 1261 κώμας
1302 1209 1347 1250 L.
1365 1210 1480 1250 XIX
1505 1213 1575 1252 12
1614 1211 1789 1260 Namque

333 1269 393 1306 illi
413 1268 454 1304 in
479 1264 755 1314 Mesopotamia
775 1272 886 1302 erant
907 1271 945 1302 et
965 1263 1203 1316 Babyloniae
1225 1266 1367 1305 finibus
1388 1268 1445 1304 cis
1465 1266 1633 1318 Tigrin,
1660 1267 1702 1305 hi
1723 1269 1787 1305 ul-

333 1330 394 1361 tra
411 1323 451 1360 id
471 1322 613 1359 flumen
635 1329 673 1358 et
692 1323 917 1373 Pasitigrin.
940 1320 1079 1361 Melius
1104 1318 1355 1371 quadraret‘
1332 1339 1358 1375 ι]
1381 1320 1564 1378 Καόρῶν
1589 1322 1786 1377 λεγομένη

327 1376 448 1433 χώρα
470 1381 511 1417 in
531 1378 728 1416 Adiabene
748 1379 847 1428 apud
868 1377 1017 1428 Ioseph.
1041 1378 1171 1428 Antiq.
1195 1378 1239 1419 L.
1259 1378 1354 1417 XX.
1377 1382 1419 1419 2.
1441 1381 1500 1427 3.,
1529 1382 1572 1418 ni
1590 1381 1694 1419 iusta
1722 1394 1787 1418 su-

332 1439 454 1486 spicio
478 1442 579 1473 esset
599 1448 646 1472 ex
659 1434 849 1472 Chaldaeo
869 1446 974 1484 ]-ιῆπρ
998 1435 1090 1475 Και·
1093 1437 1168 1474 don
1190 1436 1228 1473 id
1248 1433 1433 1490 Καρρῶν
1454 1437 1682 1474 vocabulum
1703 1451 1786 1474 esse

332 1493 596 1543 depravatum.
627 1490 824 1530 Fullerum
841 1492 931 1530 vide
950 1491 1165 1533 Miscellan
1187 1492 1230 1532 L.
1252 1491 1282 1532 Ι
1300 1494 1343 1535 4.
1363 1500 1402 1533 et.
1421 1491 1658 1534 Bochartum
1676 1492 1787 1531 Phal.

330 1549 374 1587 L.
396 1549 426 1588 1.
449 1550 489 1589 3.
517 1548 656 1588 Wssss.

447 1606 555 1646 246.
578 1606 653 1645 29.
687 1601 777 1656 Τὴν
802 1603 932 1645 Σῖταν
955 1599 1156 1650 ὁιανυσας
1176 1604 1264 1655 etc.]
1291 1603 1434 1644 Utrum
1453 1607 1598 1642 rectius
1627 1604 1786 1654 sithoc,

333 1676 383 1700 an
406 1661 501 1713 Reg.
526 1662 615 1698 libri
638 1660 792 1700 Σίτταν
823 1674 902 1698 non
930 1673 1084 1711 possum
1105 1668 1213 1699 certo
1232 1664 1480 1700 constituere.
1524 1662 1637 1698 Putes
1660 1662 1785 1699 Sitta-

332 1733 455 1757 cenen
473 1719 653 1764 indicari,
681 1725 718 1755 et
740 1713 947 1768 Σάμβανα
967 1731 1050 1756 eam
1071 1731 1153 1754 esse
1174 1719 1320 1766 urbem,
1352 1730 1465 1768 quam
1478 1719 1628 1758 Plinius
1643 1720 1682 1755 in
1699 1718 1784 1756 Sit-

332 1784 468 1814 tacene
490 1774 646 1813 Sabata
671 1781 785 1812 vocat
804 1774 845 1812 L.
864 1773 929 1813 Vl.
953 1776 1050 1823 27„
1095 1774 1196 1826 quod
1216 1781 1254 1811 et
1275 1773 1478 1812 Harduino
1499 1776 1540 1811 in
1564 1777 1783 1824 opinionem

332 1836 456 1873 venit.
486 1832 536 1870 At
551 1832 701 1869 obstare
712 1831 868 1869 videtur
887 1831 980 1868 ordo
995 1833 1157 1878 itineris,
1179 1831 1279 1881 quod
1291 1844 1362 1868 rex
1376 1831 1557 1870 absolvit.
1588 1830 1783 1869 Sittacene

331 1891 378 1928 ab
400 1903 538 1927 occasu
560 1894 619 1927 est
640 1886 850 1935 Susianae,
887 1886 1107 1926 Alexander
1131 1889 1175 1926 in
1201 1895 1327 1925 ortum
1349 1890 1491 1938 pergit.
1529 1888 1637 1931 Quae
1654 1894 1784 1925 tamen

331 1949 432 1985 tanti
451 1959 530 1983 non
552 1952 665 1990 sunt,
693 1957 780 1984 cum
802 1945 957 1995 longius
978 1946 1124 1994 porrigi
1143 1945 1340 1994 potuerint
1360 1943 1578 1981 Sittacenes
1603 1944 1713 1990 fines,
1742 1951 1782 1981 et

327 2016 399 2042 rex
417 2006 459 2040 in
483 2004 681 2040 sinistram
701 2013 854 2040 cursum
872 2001 1038 2037 fleetere.
1065 1999 1191 2052 Atque
1211 2000 1251 2037 id
1271 2003 1304 2038 si
1325 2001 1565 2051 probaveriS,
1591 1998 1667 2053 τὴν
1690 1999 1786 2040 Σίτ-

330 2075 409 2100 ταν
430 2065 614 2096 converte
633 2060 673 2095 in
693 2056 899 2108 Σιττακηι
905 2072 963 2108 ην.
982 2056 1066 2106 Ε3ο
1087 2059 1190 2094 enim
1209 2069 1289 2094 non
1309 2056 1445 2094 audeo
1475 2056 1615 2095 VVEss

444 2117 554 2155 246.
584 2115 659 2155 32.
706 2112 778 2159 Εἲς
817 2110 916 2159 ’τοὺς
958 2112 1042 2153 K&
1047 2115 1183 2160 ωνας]
1231 2112 1364 2165 Neque
1397 2113 1443 2149 de
1487 2112 1548 2149 his
1576 2113 1784 2163 quidquam

330 2174 586 2212 constitutum
607 2170 750 2216 babeo,
779 2176 822 2207 ut
840 2182 911 2207 nec
936 2168 982 2207 de
1005 2167 1184 2216 Boeotis,
1216 2171 1282 2219 qui
1311 2183 1333 2206 a
1361 2168 1496 2208 Xerxe
1527 2169 1566 2213 in
1598 2168 1666 2206 has
1695 2182 1783 2205 oras

328 2230 477 2268 fuerint
499 2227 698 2279 deportati.
727 2225 854 2263 Habet
871 2226 1058 2263 Ammian.
1083 2225 1334 2265 Marcellinus
1354 2224 1397 2262 L.
1412 2224 1567 2264 XXIII.
1587 2227 1629 2266 6,
1649 2228 1690 2262 in
1710 2224 1783 2262 hac

332 2286 483 2324 Mediae
502 2291 608 2334 parte
624 2283 818 2322 coz-onum
835 2289 1016 2328 montem,
1044 2280 1161 2333 louge
1184 2284 1506 2329 amoenissimum,
1534 2284 1598 2330 qui
1618 2281 1784 2319 huccine

329 2344 469 2380 referri
490 2342 626 2389 possit,
656 2352 734 2376 non
753 2347 856 2376 recte
876 2341 969 2378 scio.
997 2339 1202 2376 Praeterea
1219 2338 1460 2375 Eretrienses
1481 2340 1521 2375 in
1540 2342 1633 2375 haec
1655 2339 1740 2375 loca
1759 2351 1782 2375 a

330 2398 451 2436 Dario
470 2397 666 2437 traductos
686 2402 922 2440 memorant,
950 2397 1145 2443 morisque
1174 2397 1289 2442 patrii
1311 2401 1349 2431 et
1368 2395 1556 2432 sermonis
1576 2394 1784 2442 studiosos,

330 2455 552 2493 Herodotus
573 2453 615 2491 L.
635 2452 698 2490 Vl.
728 2453 827 2492 119.
850 2458 889 2488 et
909 2450 1091 2488 Philostr.
1125 2451 1205 2488 Vit.
1229 2453 1354 2501 Apoll.
1375 2451 1417 2488 L.
1440 2450 1468 2488 Ι.
1489 2451 1580 2497 24,
1613 2451 1679 2487 ubi
1700 2452 1783 2488 sine

328 2514 412 2549 ulla
441 2523 575 2549 caussa
603 2510 650 2547 ab
679 2509 831 2550 erudito
859 2511 1070 2559 interprete
1097 2508 1285 2561 quaedam
1308 2509 1472 2556 mutari,
1503 2508 1599 2544 alias
1619 2506 1782 2545 ostendi.

328 2569 465 2607 WVEss.

444 2623 554 2665 247.
578 2622 653 2662 39.
693 2620 871 2673 Προσμε
874 2617 963 2666 ἶνας
982 2615 1141 2673 ημὲρας
1160 2616 1369 2670 ἀνέζευξε]
1403 2618 1493 2656 Non
1513 2617 1696 2656 babemus
1717 2617 1782 2656 hic

331 2681 480 2719 dierum
500 2691 723 2723 numerum,
754 2688 862 2725 quem
883 2683 1011 2714 tamen
1040 2689 1118 2713 non
1139 2676 1274 2714 dubito
1305 2678 1399 2724 quin
1424 2678 1526 2712 inter
1551 2670 1709 2726 ἡμέρας
1740 2681 1778 2711 et

331 2734 513 2786 ἀνέζευξε
541 2734 722 2785 posuerit.
744 2733 901 2772 STEPH.
938 2731 1084 2783 Cospus
1107 2735 1247 2780 vertit,
1279 2733 1529 2784 exspectavit
1546 2731 1779 2768 Aleaeander

330 2794 599 2842 vespertinum
620 2791 905 2841 crepusculum,
929 2797 1097 2840 tuncque
1116 2802 1166 2826 ex
1187 2802 1231 2826 eo
1251 2789 1335 2827 loco
1358 2789 1560 2826 discedens
1570 2793 1656 2834 etc.,
1677 2787 1780 2824 unde

333 2851 518 2899 opineris,
543 2850 624 2885 cius
648 2849 689 2884 in
716 2846 815 2884 libro
834 2841 995 2884 fuisse‘
973 2845 1131 2897 ημέρας
1160 2860 1236 2897 την
1256 2844 1395 2897 δείλην
1422 2845 1506 2881 sive
1527 2840 1573 2882 τὸ
1595 2839 1782 2887 δειλινόν,
