1891 3310
430 224 505 253 EX
547 222 811 254 IORDANI
849 221 974 251 APP.
1010 218 1236 250 Cl-IRON.
1463 218 1553 247 LIII

103 329 171 353 nos
194 319 445 355 CCCCLXVI.
478 319 536 354 his
566 319 740 353 addendo
770 317 967 354 CCCCVII.
1002 317 1097 351 fiunt
1128 314 1418 350 Dcchxxnl.
1449 315 1549 350 anni,

101 378 341 411 Intellexisse
369 388 460 422 ergo
487 377 637 410 videtur
655 377 846 410 Diodorus
864 376 1034 419 regulam
1059 375 1216 418 primam
1243 375 1308 413 sic,
1333 372 1431 417 quod
1451 382 1549 405 anno

101 435 472 479 quadringentesimo
491 438 624 468 octavo
644 440 730 478 post
746 435 900 468 Troiam
921 437 1067 477 captam
1086 435 1261 465 currente
1284 432 1405 475 prima
1425 430 1551 473 Olym-

100 493 181 536 pias
207 493 399 526 celebrata
420 493 546 527 fuerit.

192 550 409 585 CXXXVII.
439 549 652 582 Ostendere
678 549 798 582 voluit
822 548 1012 581 Diodorus
1039 557 1106 592 per
1130 546 1284 590 regulas
1308 544 1376 578 has
1401 543 1449 576 ad
1478 543 1551 575 ini-

100 608 192 640 tium
218 607 400 641 historiae
426 608 607 647 traditas,
644 611 683 639 et
706 617 774 650 per
800 606 941 638 limites
973 606 1079 650 quasi
1109 603 1403 646 Chronologicos
1437 601 1551 634 certis

102 665 254 709 epochis
278 666 513 699 intermediis
539 665 729 698 historicis
753 665 988 707 assignatos,
1023 673 1064 696 se
1090 664 1127 695 in
1153 660 1408 703 Chronologia
1431 662 1552 702 syste-

101 725 239 757 matice
264 723 462 768 progredi3
497 723 618 755 voluit
644 732 791 767 quoque
817 731 884 765 per
910 721 1028 753 dictas
1052 720 1205 763 regulas
1228 717 1445 752 methodum
1469 715 1552 748 sub-

102 782 341 822 ministrare,
370 791 442 824 qua
467 779 730 824 Chronologia,
759 779 789 811 si
815 789 836 810 a
861 778 1026 811 librariis
1050 778 1112 812 vel
1137 777 1222 810 aliis
1245 775 1554 818 interpolaretur,

104 842 142 870 et
167 839 341 879 vitietur,
374 837 422 870 ad
449 841 612 869 mentem
641 845 747 868 suam
775 836 976 867 instaurari
1006 840 1130 880 queat.
1188 835 1354 878 Cumque
1391 831 1470 865 fata
1504 841 1552 864 ex

103 895 359 935 documentis,
391 895 526 938 quibus
551 893 728 936 ambigua
752 892 863 926 valde
889 891 1141 937 Chronologia
1165 893 1334 926 Romana
1358 901 1426 934 per
1451 889 1553 934 quin-

103 963 173 996 que
202 953 322 995 prima
347 951 474 985 secula
500 952 535 983 in
562 950 733 984 ordinem
760 949 881 992 redigi
910 951 1046 992 possit,
1090 951 1208 984 solius
1241 951 1360 984 ferme
1393 947 1552 980 Diodori

102 1011 242 1054 scripta
264 1012 522 1051 servaverint,
561 1018 699 1052 operae
725 1008 887 1050 pretium
912 1011 983 1048 est,
1015 1008 1096 1040 eius
1123 1013 1292 1052 systema
1311 1005 1552 1048 chronologi-

103 1078 184 1101 cum
210 1069 361 1111 penitus
386 1069 422 1100 in
447 1077 608 1100 examen
634 1075 782 1100 vocare.

228 1176 478 1210 SPECIALM
506 1175 567 1208 AD
593 1174 995 1210 CHRONOLOGIAM
1020 1175 1229 1209 DIODORI
1255 1173 1423 1208 SICULI.

192 1243 384 1277 Diodorus
409 1242 576 1284 Siculus,
609 1253 842 1287 quanquam,
869 1247 910 1276 ut
935 1243 1014 1286 ipse
1037 1246 1222 1283 testatur,
1252 1242 1409 1284 triginta
1435 1249 1553 1273 anno-‘3

104 1303 208 1346 operi
234 1313 301 1334 suo
329 1300 577 1344 impenderit,
605 1306 643 1333 et
667 1311 756 1334 vere
783 1301 945 1345 diligens
972 1301 1099 1341 fuerit,
1134 1304 1247 1345 atque
1271 1300 1404 1333 saltem
1431 1309 1477 1332 ex
1498 1308 1554 1330 re-

103 1359 191 1402 gula
216 1359 334 1401 prima
360 1368 428 1391 seu
454 1368 499 1390 ex
528 1359 636 1391 annis
666 1353 843 1391 Troianis
876 1357 1130 1403 Chronologia
1163 1359 1244 1391 eius
1276 1361 1460 1401 perpetuo
1494 1367 1554 1399 sy-

104 1417 302 1448 stematice
328 1420 542 1458 procurrat,
585 1417 728 1449 evitare
756 1420 882 1449 tamen
912 1417 1101 1461 nequivit,
1135 1417 1224 1461 quin
1250 1416 1288 1448 in
1313 1416 1466 1448 tertium
1496 1424 1555 1445 us-

104 1485 174 1518 que
202 1477 370 1516 systema
396 1477 590 1515 computus
624 1474 874 1517 Olympiadici
913 1475 1081 1519 (scilicet
1113 1475 1235 1519 quoad
1271 1484 1333 1506 res
1367 1472 1556 1504 Romanas

105 1536 142 1563 et
168 1530 306 1563 seriem
336 1531 626 1574 magistratuum
648 1531 922 1571 Romanorum,
964 1532 1000 1564 in
1027 1532 1139 1565 rebus
1165 1532 1322 1565 Graecis
1356 1531 1454 1563 enim
1488 1530 1555 1561 ite—

102 1599 184 1621 rum
211 1586 466 1631 Chronologia
490 1598 557 1631 pro
583 1593 766 1632 perpetuo
790 1591 1036 1633 systematica
1061 1590 1235 1624 habenda
1259 1595 1340 1633 est)
1370 1588 1415 1620 ab
1442 1586 1556 1619 histo-

104 1647 191 1679 ricis
215 1645 421 1689 priorihuS,
457 1657 550 1690 quos
576 1651 728 1679 secutus
755 1651 831 1688 est,
858 1647 1115 1685 induceretur.

195 1703 430 1737 CXXXVIII.
463 1703 631 1736 Primum
665 1706 746 1737 eius
779 1709 948 1748 systema
982 1707 1021 1738 in
1054 1706 1183 1748 libris,
1227 1707 1289 1750 qui
1323 1708 1491 1742 exstant,
1533 1714 1556 1738 a

103 1762 384 1805 septuagesima
416 1762 546 1805 quinta
578 1762 802 1805 Olympiade
845 1764 1018 1797 initiante
1060 1774 1178 1808 usque
1211 1763 1260 1796 ad
1292 1762 1557 1806 Olympiadem

104 1820 374 1862 octogesimam
396 1821 551 1862 primam
572 1821 765 1852 linientem
789 1824 868 1853 toto
895 1821 1143 1865 quadriennio
1169 1832 1238 1855 seu
1259 1821 1409 1864 integra
1430 1820 1557 1863 Olym-

102 1877 213 1923 piade
240 1875 369 1909 differt
393 1887 415 1909 a
443 1876 619 1910 methodo
642 1877 974 1919 llalicarnassaei,
1010 1880 1064 1912 ita
1086 1884 1128 1912 ut
1153 1879 1328 1912 consules
1354 1878 1558 1918 Romanos,

104 1948 197 1982 quos
217 1937 555 1969 Halicarnassaeus
578 1935 696 1978 primo
713 1945 811 1968 anno
833 1936 1068 1979 Olympiadis
1083 1936 1234 1972 LXXV,
1256 1936 1400 1976 alligat,
1422 1943 1555 1977 nempe

105 1997 312 2028 Caesonem
339 1993 514 2033 Fabium,
562 1996 600 2025 et
622 1992 684 2036 Sp.
710 1992 885 2035 Furium,
924 1993 1114 2027 Diodorus
1139 1993 1375 2039 Olympiadis
1400 2002 1557 2037 sequen-

104 2054 153 2085 tis
174 2050 343 2085 LXXVI.
369 2060 466 2083 anno
491 2051 612 2095 primo
637 2052 779 2095 iungat,
815 2055 854 2084 et
878 2052 932 2083 sic
957 2051 1004 2084 de
1028 2052 1186 2094 reliquis
1208 2063 1327 2096 usque
1354 2051 1558 2083 ad‘finien·

104 2116 179 2143 tem
207 2108 470 2152 Olympiadem
496 2107 667 2140 LXXXI.
692 2109 796 2141 cuius
821 2109 953 2141 ultimo
978 2119 1075 2142 anno
1103 2108 1294 2141 Diodorus
1318 2109 1492 2142 consules
1517 2109 1557 2143 C.

104 2166 304 2206 Nautium,
341 2169 380 2198 et
401 2165 446 2200 L.
468 2166 674 2199 Minucium
700 2166 862 2209 addicit,
895 2177 989 2212 quos
1013 2177 1032 2200 e
1060 2170 1191 2200 contra
1216 2166 1557 2200 Halicarnassaeus

103 2225 152 2258 ad
187 2234 326 2257 annum
360 2224 532 2256 ultimum
565 2223 801 2268 Olympiadis
840 2224 1104 2268 praecedentis
1145 2226 1400 2268 octogesimae
1442 2225 1558 2268 ponit.

104 2282 315 2322 Secundum
358 2280 519 2323 Diodori
555 2285 725 2324 systema
767 2282 985 2315 immediate
1027 2285 1112 2325 post
1155 2282 1250 2315 hanc
1292 2283 1555 2327 Olympiadem

103 2339 273 2373 LXXXI.
298 2339 447 2381 incipit3
484 2348 643 2382 namque
672 2349 811 2372 annum
843 2339 1002 2383 primum
1038 2340 1272 2384 Olympiadis
1297 2340 1485 2378 LXXXlI,
1519 2349 1557 2376 et

104 2396 331 2431 Archontem
357 2405 425 2427 seu
449 2397 654 2439 principem
680 2394 948 2431 Atheniensem
975 2398 1144 2440 Calliam,
1180 2410 1290 2444 quem
1315 2400 1555 2435 Halicarnas-

106 2464 218 2487 saeus
249 2452 298 2485 ad
325 2451 423 2484 hunc
454 2462 594 2485 annum
627 2456 815 2498 nominat,
859 2456 1101 2500 simpliciter,
1142 2459 1287 2491 nullum
1321 2460 1555 2493 consulatum

106 2512 314 2545 Romanum
340 2510 562 2551 omittendo,
593 2513 773 2554 transilit,
806 2516 846 2546 et
869 2515 1131 2557 magistratum
1156 2514 1385 2558 Romanum,
1422 2519 1483 2562 qui
1517 2519 1555 2550 in

105 2570 225 2613 primo
259 2568 475 2612 Systemate
512 2566 599 2601 huie
632 2579 729 2603 anno
764 2569 994 2613 debebatur,
1045 2583 1142 2606 anno
1181 2575 1346 2608 secundo
1385 2576 1556 2609 eiusdem

107 2625 344 2670 Olympiadis
369 2625 569 2667 adscribit,
610 2627 780 2671 adeoque
806 2626 1000 2661 historiam
1028 2641 1121 2673 non,
1155 2632 1223 2665 sed
1247 2637 1460 2676 computum
1493 2643 1556 2666 an-

107 2694 241 2716 norum
263 2683 608 2727 Olympiadicorum
633 2684 784 2726 alterat,
812 2689 850 2717 et
873 2685 919 2717 ab
946 2686 1264 2723 Halicarnassaeo
1291 2691 1363 2723 iam
1391 2692 1554 2735 quinque

106 2742 267 2784 integris
294 2743 401 2773 annis
428 2741 583 2776 recedit.
637 2742 760 2774 Durat
791 2741 861 2775 hor.
884 2743 1060 2786 Systema
1092 2757 1210 2791 usque
1241 2747 1290 2780 ad
1321 2748 1556 2792 Olympiadis

107 2797 204 2831 XCI.
231 2808 369 2831 annum
405 2799 623 2832 secundum.
675 2800 847 2833 Tertium
879 2800 1056 2845 Systoma
1088 2804 1249 2849 denique
1285 2806 1477 2839 conl'orme
1513 2806 1557 2840 fit

108 2856 447 2898 Halicarnassaeo;
492 2862 578 2900 post
608 2867 748 2891 annum
782 2860 881 2897 enim
911 2862 1071 2904 primum
1104 2864 1373 2907 nonagesimae
1410 2867 1554 2910 primae
