1891 3310
658 197 1032 232 PRAEFATIO.
1466 198 1552 231 XLI

94 297 134 328 et
175 293 480 339 antiquissimus,
530 295 648 328 seculi
682 297 804 330 octavi
844 301 910 331 aut
941 296 997 338 X,
1040 295 1071 329 si
1107 293 1208 328 docti
1235 293 1552 330 vindobonenses

93 363 168 386 non
195 352 351 395 fallunt,
389 362 475 384 nam
502 351 900 388 Mosa-moconu
927 355 1040 387 aliam
1076 362 1161 386 esse
1195 352 1422 386 sententiam
1453 352 1553 386 bene

93 410 258 450 memini,
278 409 481 452 inscriptus
504 410 747 453 membranis,
787 422 879 456 quas
906 412 1054 445 Linus
1080 409 1399 442 Pinmmsms
1426 410 1555 442 Cardi-

94 467 170 499 nali
195 466 402 509 Seripando
427 466 647 510 legaverat,
679 470 712 501 is
738 469 920 502 coenobio
946 467 982 503 S.
1010 467 1186 509 loannis,
1232 467 1278 500 de
1316 477 1388 511 quo
1423 477 1552 511 supra,

93 524 204 558 Haec
228 524 274 557 de
297 523 403 556 libris
429 533 540 556 manu
565 526 728 568 scriptis.

185 580 333 614 Primus
357 581 520 614 omnium
545 582 853 616 V1NcEN'r1us
879 582 1172 614 OPSOPOEUS
1198 580 1361 625 quinque
1386 580 1554 616 ultimos,

94 642 137 671 ut
164 629 261 671 nunc
286 637 412 670 dicere
439 639 630 682 cogimur,
666 640 804 680 libros,
843 649 865 672 a
896 639 1013 675 ΙΑΝο
1049 637 1316 679 ΡΑΝΝοΝιο,
1345 638 1555 682 Quinquee-

96 696 273 728 clesiensi
299 695 337 726 in
363 694 561 738 Hungaria
587 697 772 739 praesule,
802 697 847 729 ab
874 697 1029 729 interitu
1055 694 1277 736 vindicatos,
1311 705 1437 728 secum
1463 705 1555 728 vero

97 753 143 785 ab
170 752 426 786 eruditissimo
452 753 533 785 viro
559 753 619 785 10.
646 755 788 786 Anax.
813 753 1120 785 BRAsschxo
1147 753 1449 793 conmunicatos,
1483 752 1556 784 Ba-

96 810 215 843 sileae
254 818 352 841 anno
385 809 506 842 Aen-ae
538 811 707 853 vulgaris
740 810 983 846 cloloxxxnc.
1018 808 1164 841 Graece
1201 809 1426 852 publicavit,
1481 820 1556 842 non

95 867 182 899 illos
205 865 355 910 quidem
383 866 734 907 emendatissimos,
766 868 881 900 variis
907 870 1033 898 tamen
1057 866 1149 898 locis
1174 867 1354 900 meliores
1376 867 1452 899 illis
1479 866 1556 899 edi-

95 924 281 964 tionibus,
320 932 416 966 quae
450 923 683 957 cultissimae
719 928 807 957 sunt
838 923 1002 956 habitae.
1049 922 1186 957 Libros
1217 926 1379 969 quinque
1407 925 1556 967 priores

100 985 140 1014 et
166 980 405 1013 undecimum
436 989 518 1012 cum
546 982 728 1024 proximis
752 985 936 1025 quatuor,
968 984 1262 1026 recentatosque
1291 992 1384 1027 quos
1412 982 1558 1014 Orso-

70 1042 72 1044 '
100 1046 258 1070 POEUS
286 1036 457 1077 dederat,
483 1036 772 1081 bibliopolarum
798 1039 1062 1071 sollertissimo
1088 1038 1314 1071 HEanco
1345 1039 1405 1072 ST
1417 1048 1437 1070 Ε
1451 1049 1470 1071 r
1484 1048 1509 1070 H
1523 1049 1558 1070 A·

99 1104 158 1127 No
187 1094 391 1136 debemus,
434 1096 648 1129 luculenter
680 1096 837 1129 Parisiis
869 1096 1051 1131 clolomx.
1086 1095 1267 1139 proditos,
1315 1094 1461 1129 Sumsit·
1492 1106 1559 1129 eos

99 1153 159 1185 vir
187 1153 299 1196 longe
325 1152 565 1186 doctissimus
592 1164 637 1187 ex
663 1153 756 1186 Mss.
779 1153 1101 1192 Claromontanis,
1138 1163 1211 1185 non
1238 1154 1388 1196 optimis
1417 1155 1561 1197 utique,

100 1208 201 1242 haud
224 1210 409 1254 neglectis
434 1214 581 1251 tamen,
620 1211 720 1254 quod
746 1211 835 1244 mihi
861 1211 1109 1244 clarissimum
1136 1211 1173 1242 in
1201 1210 1349 1243 modum
1374 1209 1560 1253 adparuit,

101 1268 199 1308 aliis,
227 1279 319 1312 quos
344 1269 444 1300 inter
469 1277 516 1299 an
544 1272 582 1300 et
605 1268 746 1302 Uldrici
771 1269 950 1312 Fuggeri‚
987 1269 1045 1300 cui
1071 1277 1176 1300 suam
1201 1266 1335 1299 ἔκδοσιν
1359 1267 1562 1309 inscripsit,

100 1325 199 1358 liber
236 1324 352 1358 suerit
385 1335 499 1357 manu
531 1330 732 1367 exaratus,
774 1327 883 1358 sicuti
917 1328 1166 1358 memoratum
1201 1323 1312 1356 video
1345 1333 1367 1355 a
1397 1323 1524 1356 Celeb.
1544 1331 1554 1349 ι

102 1383 163 1416 10.
192 1383 297 1416 Ans.
330 1382 591 1424 Fissmcm,
638 1384 764 1417 dicere
792 1382 864 1416 n'on
892 1393 1055 1427 possum.
1103 1381 1380 1415 Adnotationes
1416 1380 1563 1413 addidit

102 1440 418 1482 STEPHANUS,
460 1440 528 1473 sed
562 1440 765 1482 festinato,
799 1445 841 1474 ut
875 1451 989 1484 saepe
1022 1440 1227 1480 indicavit,
1266 1438 1564 1481 deproperatas3

104 1508 177 1542 quo
204 1499 326 1530 minus
349 1499 465 1531 miror
489 1499 622 1532 relicta
650 1500 757 1542 plura
785 1495 895 1539 esse,
937 1508 1032 1542 quae
1059 1508 1127 1542 per
1152 1497 1314 1540 amplius
1338 1497 1455 1529 otium
1486 1496 1564 1529 elui

104 1555 151 1588 ab
178 1566 222 1589 eo
249 1555 427 1588 facillime
454 1560 666 1599 potuerant.
717 1556 900 1600 vulgavit
928 1556 1088 1597 deinde,
1125 1554 1192 1588 sed
1220 1556 1375 1598 ignarus
1401 1553 1563 1586 Diodori

106 1623 211 1654 esse,
256 1613 404 1646 illustre
434 1612 689 1657 fragmentum
719 1613 764 1647 de
792 1613 998 1647 Cleonnide
1025 1619 1063 1647 et
1088 1613 1326 1646 Aristomene
1362 1612 1462 1643 inter
1495 1609 1565 1643 Po-

104 1671 266 1704 lemonis
291 1675 330 1704 et
354 1671 516 1703 Himerii
541 1671 839 1705 declamationes
864 1672 1091 1707 chinhxvu.
1121 1670 1252 1704 eadem
1281 1670 1318 1701 in
1352 1667 1461 1700 urbe:
1497 1678 1567 1700 nec

106 1729 225 1762 multo
259 1732 346 1772 post
375 1729 558 1761 Funvu
595 1729 776 1761 URSINI
811 1739 927 1772 opera
951 1728 1192 1771 Antwerpiae
1219 1738 1265 1760 ex
1291 1728 1440 1760 officina
1464 1725 1569 1759 Chri-

107 1785 228 1829 stoph.
256 1786 420 1819 Plantini
445 1795 544 1818 anno
568 1795 718 1819 Lxxxn.
744 1786 909 1830 Eclogae
932 1785 1207 1829 Legationum,
1243 1795 1290 1818 ex
1319 1784 1475 1817 Diodori
1505 1784 1569 1816 Bi-

107 1842 298 1876 bliotheca
328 1842 509 1884 haustae,
545 1845 779 1887 prodierunt.
833 1843 951 1877 Dedit
990 1844 1085 1875 alias
1121 1843 1277 1875 DAV1D
1315 1842 1569 1874 HoEscuE-

110 1909 243 1940 mus,
285 1901 479 1945 sequentis
513 1902 632 1934 seculi
664 1902 845 1945 principio
876 1903 1068 1945 Augustae
1103 1901 1406 1940 vindelicorum,
1457 1898 1570 1931 libro-

110 1969 193 1992 rum
229 1957 335 1994 XXI,
364 1957 482 1991 XXII.
516 1958 650 1992 XXllI.
681 1959 815 1994 xxiv.
848 1959 965 1994 XXV.
1000 1958 1136 1993 XXVI.
1170 1969 1217 1991 ex
1249 1957 1377 1991 codice
1415 1955 1572 1988 LUDo-

110 2026 210 2050 v1c1
233 2017 454 2049 ALEMANI
478 2016 689 2050 Florentini
711 2027 732 2049 a
757 2018 984 2050 Doctissimo
1007 2017 1047 2052 R.
1067 2015 1284 2060 Thompson
1305 2015 1486 2048 Britanno
1510 2024 1573 2047 ex-

108 2075 296 2118 scriptas,
338 2073 407 2106 sed
441 2074 536 2107 mire
555 2079 572 2100 2
607 2075 785 2116 vitiosas3
827 2075 874 2108 ad
901 2086 997 2119 quae
1021 2076 1113 2107 vitia
1139 2073 1367 2108 eradicanda
1392 2072 1489 2104 bene
1520 2070 1573 2103 sa-

113 2134 216 2166 ciunt
240 2130 403 2172 scholia,
442 2142 559 2175 quae,
599 2131 869 2166 Hoescheliine
898 2144 946 2165 an
973 2132 1207 2165 Rhodomani
1233 2131 1392 2171 fuerint,
1435 2130 1473 2162 in
1507 2128 1572 2161 du-

112 2191 174 2223 bio
205 2189 269 2222 fui.
325 2188 526 2233 Leguntur
558 2191 595 2222 in
627 2189 919 2223 Hoeschelianis
953 2190 1206 2234 Legationum
1239 2189 1413 2231 Eclogis‚
1457 2186 1574 2231 nullo²

113 2249 238 2280 sintne
266 2247 384 2290 ipsius
408 2257 456 2279 an
481 2247 658 2287 alterius,
687 2247 825 2280 indicio
851 2248 1002 2289 addito;
1035 2247 1080 2280 L.
1102 2247 1438 2279 Rnonomxus
1466 2254 1575 2286 repe*

115 2306 197 2338 titis
221 2304 366 2337 vicibus
389 2304 460 2337 sibi
487 2305 638 2337 tribuit:
664 2315 786 2350 neque
813 2315 919 2346 sane,
953 2305 1052 2349 quod
1078 2306 1201 2338 serius
1225 2302 1491 2342 animadverti,
1521 2302 1576 2332 in-

116 2363 233 2396 iuria:
276 2361 406 2394 scribit
438 2363 537 2395 enim
574 2362 729 2404 eodem,
783 2374 855 2407 quo
888 2364 1056 2407 Eclogae
1093 2363 1214 2396 lucem
1259 2361 1435 2394 viderunt
1475 2370 1574 2391 anno

118 2421 301 2456 cinisem.
327 2418 563 2452 Gotbofredo
590 2421 842 2464 lungermano
876 2421 922 2456 D.
956 2422 1153 2454 Hos-scu
1167 2428 1338 2459 iustus,
1374 2417 1445 2459 „de
1481 2416 1576 2448 locis

118 2480 181 2520 „in
214 2477 420 2520 Longino³
459 2479 643 2521 suspectis
679 2478 868 2511 (lominum
905 2478 1189 2511 Rliodomanum
1228 2476 1412 2508 suaserim
1449 2484 1580 2506 consu-

119 2537 221 2578 „las‚
262 2545 372 2580 quem
399 2533 516 2567 babes
542 2536 725 2577 vicinum,
771 2537 833 2581 qui
862 2547 968 2569 suam
997 2534 1087 2567 mihi
1113 2532 1288 2577 ἀγχίνοιαν
1313 2535 1369 2565 καὶ
1394 2528 1576 2572 εὐστοχίαν

119 2594 318 2638 „probavit
342 2593 379 2624 in
404 2592 500 2625 libro
525 2593 709 2638 πρεσβειῶν
734 2596 829 2639 πέρι·
864 2593 964 2638 quod
989 2592 1198 2634 constabit,
1240 2601 1323 2625 cum
1356 2593 1465 2624 notas
1501 2587 1578 2622 edi-

216 2742 235 2777 1
266 2740 435 2773 Biblioth.
461 2741 585 2775 Graec,
615 2741 655 2775 L.
674 2741 736 2772 ΙΙΙ.
762 2742 818 2776 31,

214 2791 238 2822 2
261 2788 342 2819 Vid.
361 2788 493 2830 Syllog.
515 2788 663 2830 Epistol.
688 2788 723 2822 P.
750 2788 915 2820 Burmani
940 2787 982 2819 Τ.
1003 2787 1048 2818 ΙΙ.
1071 2798 1105 2830 p,
1125 2783 1204 2821 354.

217 2838 238 2871 3
265 2834 305 2865 ln
330 2834 442 2877 Epist.
467 2835 748 2867 Hotomauorum
773 2834 894 2867 Meelii
917 2847 950 2879 p.
971 2832 1049 2869 455-
