1859 3326
298 203 443 238 CXCIV
576 216 579 217 ⁷
626 198 908 230 OECONOMIA
935 195 1208 229 IIISTORIAE
1237 196 1462 228 moDoRI.

298 308 361 338 tus
387 302 460 334 est.
504 296 687 331 Memnon
709 305 792 329 cum
817 293 975 339 reliquis
1000 294 1119 338 copiis
1142 294 1182 328 in
1211 293 1373 328 insulam
1391 294 1470 327 Con
1491 302 1533 327 se
1551 291 1700 336 recipit.
1731 301 1764 325 e.

299 358 465 398 24—27.
513 353 729 400 Alexander
748 353 903 397 insuper
918 352 1202 384 Marmar-enses
1222 352 1260 384 in
1277 351 1398 395 Lycia
1414 349 1461 383 ad
1480 354 1653 384 extrema
1677 347 1767 382 ade·

301 418 379 461 git,
411 413 474 458 qui
502 413 584 446 eius
608 411 817 444 exercitum
840 413 1102 444 transeuntem
1133 408 1249 443 caede
1278 413 1317 442 et
1332 408 1464 453 rapina
1479 406 1766 440 lacessiverant.

303 476 403 510 c·28.

394 530 491 562 Ληη.
508 525 541 563 4.
587 526 851 565 Memnonem,
879 523 938 557 cui
960 533 1106 556 summa
1120 521 1212 556 belli
1236 522 1437 555 commissa
1456 524 1556 562 erat,
1589 520 1677 554 dum
1695 519 1772 553 sin·

305 587 428 632 gulari
446 584 665 630 prudentia,
698 583 840 614 virtute
863 591 907 613 ac
924 580 1077 614 fortuna
1094 591 1155 614 res
1175 580 1377 613 Persarum
1395 579 1583 621 restituit,
1617 577 1709 611 Chio
1733 579 1774 610 et

303 645 434 680 Lesbo
453 644 615 687 potitur,
650 641 845 684 ipsamque
863 638 1060 671 Graeciam
1079 639 1249 678 territat,
1279 637 1473 681 inopinato
1500 637 1638 681 abripit
1657 642 1775 668 mors.

305 714 336 739 c,
356 706 413 739 29.
460 701 593 733 Occiso
615 698 729 730 etiam
752 693 998 737 Charidemum,
1025 694 1263 736 Atheniensi,
1283 695 1451 738 principe
1471 695 1573 735 viro,
1609 693 1672 739 qui
1691 701 1775 724 me·-

303 761 422 800 liora,
448 757 514 790 sed
534 756 616 799 rogi
635 756 806 798 ingrata,
841 753 1104 794 consuluerat,
1137 752 1277 786 Darius
1297 753 1397 797 ipse,
1435 752 1648 796 conscripto
1672 759 1772 784 novo

309 817 500 855 exercitu,
527 813 618 846 belli
640 811 799 856 gerendi
821 821 949 843 curam
968 811 1147 854 suscepit.
1184 820 1215 842 e.
1234 814 1290 848 30-
1338 809 1532 843 Recensus
1555 809 1645 843 novi
1665 817 1774 841 exer-

308 876 425 913 citus,
459 882 542 905 cum
571 880 643 914 quo
667 869 808 902 Darius
824 868 1022 912 Babylone
1049 869 1087 901 in
1106 867 1273 900 Ciliciam
1297 866 1560 911 proficiscitur.
1608 865 1775 899 Comites
1827 893 1833 897 .

308 936 399 967 sunt
417 930 520 973 regis
551 938 667 967 uxor,
702 926 834 967 liberi,
866 929 1001 959 mater.
1046 925 1262 958 Alexander
1285 925 1434 958 interea
1450 923 1582 958 morbo
1598 921 1777 968 gravissi-

306 1000 370 1023 1no
389 987 611 1026 laborabat,
640 994 662 1017 a
686 995 758 1029 quo
777 982 970 1027 Philippus
994 982 1165 1015 Acarnan
1184 993 1268 1016 eum
1288 982 1438 1015 liberat.
1473 992 1502 1016 c.
1523 983 1578 1017 31.
1627 980 1672 1014 In
1695 981 1776 1013 vin·

308 1047 392 1080 cula
411 1045 580 1077 coniecto
601 1040 815 1075 Alexandro
834 1039 1048 1083 Lynceste,
1082 1041 1143 1084 qui
1171 1041 1209 1072 in
1235 1040 1486 1083 suspicionem
1512 1037 1696 1082 perfidiae
1724 1037 1780 1069 in-

308 1103 473 1142 ciderat,
507 1099 725 1133 Alexander
742 1109 809 1131 rex
829 1098 976 1131 obviam
999 1099 1029 1130 it
1044 1098 1183 1139 Dario,
1219 1100 1258 1129 et
1277 1097 1420 1138 Issum,
1456 1097 1610 1129 Ciliciae
1633 1095 1779 1136 urbem,

309 1163 479 1203 occupat.
529 1157 660 1201 Pugna
685 1157 896 1197 adxlssum,
931 1165 1003 1199 qua
1023 1155 1164 1187 Persae
1185 1154 1408 1187 funduntur:
1442 1163 1541 1197 gaza
1561 1153 1668 1197 regia
1694 1161 1779 1185 cum

309 1218 466 1257 castris,
502 1215 611 1247 Darii
632 1218 774 1255 mator,
809 1223 923 1254 uxor,
955 1212 1066 1245 liberi
1087 1212 1297 1254 capiuntur.
1343 1210 1497 1244 Summa
1517 1209 1723 1244 Alexandri
1739 1209 1780 1242 in

309 1273 380 1308 hos
405 1273 621 1307 clementia.
680 1271 820 1304 Darius
839 1269 1074 1312 Babylonem
1091 1268 1254 1311 refugit,
1290 1269 1389 1302 unde
1406 1269 1621 1302 Alexandro
1637 1277 1780 1313 aequas

309 1333 415 1377 pacis
440 1330 678 1368 conditiones
705 1328 839 1368 offert,
875 1326 944 1360 sed
974 1337 1049 1359 non
1077 1330 1267 1369 acceptas.
1312 1326 1447 1372 Itaque
1474 1337 1571 1361 novo
1595 1328 1782 1371 apparatu

309 1390 453 1423 bellum
470 1388 637 1421 instruit.
670 1397 700 1421 c.
714 1388 759 1423 32
771 1389 878 1423 —39.

891 1473 972 1521 Oly
983 1485 1062 1519 mp.
1085 1475 1202 1509 CXII.

404 1558 501 1591 Anu.
525 1558 558 1594 1.
602 1557 695 1591 Inde
713 1556 855 1590 bellum
876 1555 914 1588 in
933 1557 1146 1599 Aegyptum
1164 1554 1408 1588 transfertur.
1452 1556 1543 1588 Cum
1573 1553 1784 1588 exercitum

312 1618 531 1657 Alexander
554 1626 621 1659 per
650 1615 865 1648 Phoenicen
890 1613 1011 1653 ducit,
1049 1612 1160 1656 Tyrii
1181 1614 1323 1646 acriter
1348 1613 1541 1646 resistunt.
1595 1612 1691 1655 Tyri
1721 1622 1784 1655 op-

312 1675 496 1719 pugnatio
523 1674 711 1707 diuturna.
770 1672 867 1705 Urbs
887 1674 973 1714 post
992 1679 1047 1702 vu
1072 1680 1224 1703 menses
1246 1671 1282 1703 vi
1312 1676 1442 1715 capta;
1473 1670 1690 1705 Alexander
1720 1680 1784 1704 no-

315 1743 401 1766 vum
424 1742 575 1774 regem,
599 1730 888 1773 Bassonymum,
912 1729 1120 1762 constituit.
1152 1738 1182 1763 e.
1199 1727 1365 1763 llo—47.

410 1789 578 1831 Respicit
600 1788 792 1821 Diodorus
819 1788 931 1821 simul
952 1786 998 1820 ad
1018 1782 1082 1827 ea,
1118 1795 1216 1829 quae
1235 1785 1270 1817 in
1290 1785 1443 1828 Europa
1460 1789 1634 1829 aguntur.
1682 1786 1786 1829 Agis,

316 1846 708 1879 Lacedaemoniorum
728 1856 816 1885 rex,
850 1850 977 1889 partes
998 1843 1199 1877 Persarum
1225 1847 1412 1883 sectatus,
1446 1844 1595 1877 Cretam
1622 1844 1786 1876 insulam

316 1905 356 1937 in
378 1904 483 1936 Darii
505 1906 735 1947 potestatem
755 1903 916 1947 redegit.
937 1921 980 1927 —
1005 1903 1208 1946 Amyntas,
1231 1899 1448 1944 transfuga,
1475 1901 1728 1935 incursionem
1747 1901 1786 1933 in

318 1963 531 2004 Aegyptum
558 1961 721 2000 iaciens,
756 1970 881 2004 pugna
901 1960 999 2003 apud
1018 1958 1210 2002 Memphin
1228 1959 1429 1991 commissa
1455 1958 1601 1993 cecidit.
1649 1957 1789 1991 Graeci

318 2019 469 2062 legatos
491 2018 537 2050 ad
555 2018 810 2050 Alexandrum
831 2020 1003 2059 mittunt,
1031 2028 1114 2050 cum
1133 2016 1276 2049 Gazam
1298 2020 1553 2059 oppugnaret,
1587 2017 1649 2060 qui
1671 2017 1716 2049 ob
1735 2017 1788 2049 vi-

320 2077 477 2108 ctoriam
510 2076 608 2119 apud
635 2076 755 2108 issum
786 2076 821 2109 ei
844 2076 1153 2120 gratularentur,
1186 2078 1224 2108 et
1241 2083 1396 2107 auream
1418 2083 1595 2108 coronam
1618 2073 1716 2107 dono
1735 2072 1790 2107 of-

320 2132 478 2166 ferrent.
515 2143 545 2164 ο.
563 2136 620 2167 48.
1691 2159 1711 2172 3

413 2188 509 2222 Ληιε.
530 2193 561 2222 ’2.
610 2188 715 2222 Gaza
741 2189 957 2224 Alexander
981 2190 1181 2233 Amyntam
1206 2188 1246 2221 in
1269 2188 1534 2221 Macedoniam
1564 2187 1698 2229 mittit,
1739 2187 1788 2221 ad

320 2246 616 2279 eonscrihemlos
645 2257 762 2279 novos
794 2247 951 2279 milites:
994 2247 1075 2289 ipse
1100 2247 1139 2278 in
1167 2247 1378 2289 Aegyptum
1407 2247 1549 2289 pergit,
1589 2245 1635 2277 ob
1661 2246 1789 2279 odium

321 2305 594 2348 Aegyptiorum
625 2304 660 2335 in
692 2303 893 2336 Persarum
922 2304 1153 2347 impietatem
1170 2303 1333 2347 benigne
1359 2308 1546 2346 receptus.
1591 2304 1791 2346 Cyrenen-

322 2372 385 2394 ses
414 2362 513 2394 dona
539 2366 578 2394 ct
601 2361 805 2393 amicitiam
832 2360 1015 2401 offerunt,
1049 2370 1121 2404 qua
1140 2360 1260 2393 frctus
1277 2361 1494 2393 Alexander
1516 2360 1615 2393 ultra
1633 2361 1680 2393 ad
1696 2364 1789 2394 tem-

319 2418 421 2462 plum
446 2419 546 2451 loiis
571 2417 756 2451 Ammonii
786 2418 920 2453 tendit.
984 2419 1158 2459 Itineris,
1190 2419 1379 2462 regionis,
1408 2418 1539 2461 templi
1568 2418 1787 2462 descriptio.

318 2478 522 2519 Acceptum
552 2475 756 2510 oraculum.
793 2485 823 2507 c.
848 2475 1014 2512 49—51.
1067 2476 1310 2509 Reversusin
1334 2478 1547 2519 Aegyptum
1564 2486 1699 2509 novam
1725 2487 1791 2509 ur·-

320 2532 405 2565 bem
424 2532 692 2565 Alexandriam
710 2532 874 2565 condere
898 2533 1074 2575 instituit,
1095 2533 1258 2575 relictis,
1285 2534 1346 2577 qui
1366 2538 1580 2577 susceptum
1597 2543 1690 2578 opus
1707 2544 1790 2577 per-

319 2588 493 2622 ficerent.
526 2600 556 2621 c.
576 2593 633 2626 52.
1259 2588 1272 2602 ⁸*

412 2647 484 2678 His
501 2649 662 2689 peractis
679 2647 893 2681 Alexander
914 2648 951 2680 in
971 2646 1121 2691 Syriam
1138 2650 1277 2683 movet.
1323 2646 1465 2680 Darius
1494 2648 1635 2682 certior
1655 2647 1789 2690 factus,

322 2704 445 2746 ipsum
472 2705 567 2747 peti,
601 2705 727 2738 omnia
748 2710 949 2748 praeparat
966 2706 1013 2738 ad
1031 2715 1212 2749 pugnam,
1246 2715 1345 2738 novo
1365 2705 1528 2738 telorum
1547 2715 1689 2749 genere
1714 2707 1788 2738 mi-

321 2760 411 2794 lites
429 2766 571 2803 armat‚
596 2772 728 2795 currus
748 2762 908 2796 falcatos
928 2773 1084 2797 numero
1104 2766 1240 2807 auget3
1268 2766 1346 2796 tum
1366 2761 1565 2808 Babylone
1591 2762 1787 2807 profectus
