1891 3310
330 170 405 202 DE
436 167 750 200 FONTIBUS
786 167 950 199 HxsT.
986 165 1271 199 DIODORI.
1408 163 1531 194 LXIII

81 269 208 314 operis
225 271 352 312 partes
371 270 458 300 sunt
475 265 668 300 diversae:
706 265 795 311 [95]
815 263 1071 310 philosophari
1089 267 1128 298 et
1142 262 1311 308 argutari
1329 260 1420 296 licet
1434 264 1528 303 tum,

82 337 164 360 cum
198 327 233 358 in
269 326 469 371 praecipuo
502 324 628 368 aliquo
654 323 868 368 argumenti
898 323 1020 366 capite
1046 332 1092 355 ac
1116 321 1199 354 loco
1229 321 1461 353 exstantiore
1490 321 1531 353 in

82 383 356 426 disputationes
384 382 587 426 exspatiari
611 382 721 421 lieet,
753 380 850 414 forte
875 381 912 413 in
939 381 984 413 iis
1010 379 1136 423 operis
1163 377 1350 422 partibus,
1390 377 1426 408 in
1451 376 1530 420 qui-

80 440 150 473 bus
178 440 223 473 de
250 450 374 473 rerum
401 449 565 480 summa,
592 438 637 472 de
660 438 881 482 populorum
904 438 1051 482 legibus
1077 440 1117 470 et
1141 435 1324 469 institutis
1362 437 1401 466 et
1432 443 1528 478 quae

80 497 157 531 alia
179 502 285 538 sunt,
310 497 483 532 traditur.
971 497 979 506 '

173 554 257 588 Hoc
281 555 397 598 igitur
418 553 576 598 primum
602 557 678 594 est,
709 552 807 597 quod
826 553 860 584 in
882 551 1050 585 Diodoro
1071 547 1297 594 reprehendi
1316 548 1397 581 iure
1419 557 1529 592 posse

80 612 257 653 arbitror,
285 612 381 655 qnod
401 611 529 656 optimo
554 610 701 645 consilio
728 612 763 642 in
790 609 988 642 scribenda
1013 608 1182 648 historia,
1218 617 1300 640 cum
1326 606 1531 639 utilitatem

81 670 130 703 ad
157 671 271 702 vitam
298 670 570 703 redundantem
597 669 706 702 unice
734 668 950 701 sectandam
977 676 1061 699 esse
1087 665 1287 709 putaverit,
1315 673 1430 707 prave
1445 673 1530 695 usus

82 732 145 760 est.
191 725 368 768 Alterum,
403 727 500 772 quod
535 729 626 760 vitio
662 726 824 759 dandum
859 735 942 758 esse
969 724 1089 757 videri
1124 723 1257 762 debet,
1300 726 1379 763 est,
1425 719 1531 764 quod,

82 795 165 817 cum
192 783 384 817 historiam
413 795 517 818 suam
544 795 612 828 per
637 788 693 816 tot
717 788 924 826 temporum
951 782 1148 815 decursum
1175 781 1367 813 detextam
1397 789 1442 812 ex
1467 789 1530 811 va·

81 843 148 875 riis
173 843 388 875 auctoribus
413 843 667 881 contexuerit,
700 851 763 874 nec
791 846 906 872 {amen
930 839 989 873 ille
1013 849 1194 872 recensum
1219 843 1280 869 ant
1306 842 1532 880 conspectum

82 903 282 940 auctorum,
309 909 396 941 quos
418 910 482 932 sem
507 899 669 931 universe
691 909 751 931 seu
775 897 813 931 in
837 897 989 943 singulis
1010 895 1173 940 partibus
1197 900 1362 938 sequutus
1386 893 1443 935 sit,
1470 904 1532 937 ap-

75 954 221 1001 posuit:
256 957 355 1000 quod
378 958 409 989 si
437 956 574 990 factum
603 961 724 997 esset,
754 957 790 988 in
817 957 943 988 multis
966 955 1011 988 de
1039 958 1276 986 narratarum
1297 963 1420 986 rerum
1443 952 1531 990 lide,

82 1013 204 1058 deque
228 1013 387 1048 Diodori
412 1016 528 1058 ipsius
553 1014 751 1058 diligentia
781 1019 819 1047 et
843 1013 1013 1046 acumine
1042 1012 1253 1044 accuratius
1277 1009 1455 1042 iudicium
1476 1008 1530 1041 fa-

83 1081 170 1105 eere
196 1072 349 1112 liceret3
390 1073 588 1105 iucundum
618 1077 740 1113 esset,
780 1070 1059 1115 comparatione
1087 1079 1168 1101 cum
1196 1077 1324 1101 eorum
1352 1067 1452 1099 inter
1477 1076 1531 1106 se,

81 1133 160 1163 tum
185 1140 266 1162 cum
299 1129 383 1163 aliis
416 1130 660 1173 scriptoribus
696 1129 817 1170 sacta,
861 1128 1008 1172 assequi
1045 1131 1083 1159 et
1117 1126 1298 1169 indagare
1329 1124 1532 1156 multarum

81 1198 208 1221 rerum
241 1191 279 1220 et
310 1189 524 1230 opinionum
552 1189 718 1232 origines
744 1198 788 1219 ac
813 1186 956 1227 fontes,
992 1185 1173 1228 principia
1200 1189 1238 1215 et
1263 1192 1427 1222 caussas,
1461 1181 1533 1224 pri-

80 1255 237 1289 mosque
262 1250 455 1286 auctores,
495 1245 591 1279 falso
627 1245 849 1278 traditorum
883 1254 926 1276 ac
959 1241 1220 1285 figmentorum
1256 1240 1460 1283 primordia.
1493 1242 1532 1273 et

81 1303 336 1343 incrementa,
375 1313 532 1344 eruere,
572 1307 610 1336 et
643 1304 697 1335 sie
730 1312 852 1347 porro.
895 1302 935 1333 ln
964 1299 1033 1332 hoc
1059 1306 1183 1332 tamen
1211 1302 1320 1338 sunt,
1363 1307 1457 1342 quae
1484 1297 1533 1330 ad

84 1361 364 1392 excusationem
390 1360 546 1393 Diodori
573 1360 861 1393 commemorari
887 1362 1052 1403 possunt.
1102 1357 1263 1390 Omnino
1283 1366 1328 1388 ea
1349 1367 1421 1387 non
1442 1350 1532 1388 Dio-

84 1415 166 1448 dori
193 1416 260 1448 sed
285 1419 399 1450 totius
426 1420 626 1451 vetustatis
653 1417 898 1461 reprehensio
922 1421 999 1456 est,
1044 1413 1140 1459 quod
1170 1415 1207 1445 in
1231 1414 1530 1455 auctoritatibus,

83 1483 176 1516 quas
199 1475 475 1517 sequebantur,
502 1476 732 1520 apponendis
759 1480 833 1507 tam
864 1475 963 1518 parci
991 1483 1034 1505 ac
1062 1481 1192 1515 parum
1220 1470 1422 1513 diligentes
1446 1474 1534 1502 sunt

82 1532 307 1574 scriptores:
344 1544 413 1566 nee
441 1535 508 1566 nisi
539 1534 651 1567 studii
678 1533 845 1567 historici
874 1538 912 1564 et
938 1531 1057 1563 critici
1087 1529 1392 1572 diplomaticique
1421 1538 1534 1570 expo-

80 1588 213 1622 litione
236 1590 394 1623 meliore
421 1592 651 1624 intellectum
679 1596 748 1632 est,
778 1591 917 1623 nullam
947 1588 1200 1621 narrationem
1233 1584 1382 1628 probari
1409 1593 1533 1627 posse,

82 1647 155 1678 nisi
179 1647 224 1680 de
251 1649 331 1680 eius
357 1649 518 1681 veritate
544 1653 702 1689 constet,
733 1659 814 1681 eam
843 1652 966 1680 autem
997 1657 1068 1679 non
1097 1654 1142 1677 ex
1173 1644 1267 1683 eius,
1297 1643 1358 1687 qui
1379 1641 1424 1673 ab
1447 1641 1532 1673 aliis

82 1709 236 1736 narrata
265 1709 436 1748 reponat,
464 1706 530 1738 sed
556 1717 600 1739 ex
628 1708 736 1750 primi
764 1706 929 1739 auctoris
955 1703 1028 1736 fide
1055 1708 1093 1736 et
1117 1703 1304 1746 gravitate
1330 1710 1414 1733 esse
1440 1699 1533 1731 diiu-

82 1761 300 1794 dicandam:
338 1763 463 1807 itaque
493 1764 530 1795 in
559 1765 602 1796 iis
632 1763 822 1804 omnibus,
863 1763 908 1796 de
935 1762 1068 1806 quibus
1094 1759 1245 1792 aliunde
1273 1769 1345 1790 non
1373 1759 1533 1796 constat,

82 1821 346 1852 auctoritatem
371 1820 623 1854 authenticam
653 1832 698 1854 ne
727 1823 808 1865 quis
828 1830 1016 1864 apponere.
1037 1817 1214 1860 refugiat,
1242 1817 1362 1860 prima
1379 1815 1535 1858 scripto-

82 1877 136 1908 ris
160 1877 221 1909 lex
244 1882 336 1910 esto.
370 1878 519 1911 Interea
540 1879 729 1912 Diodorus
749 1879 782 1910 in
805 1878 893 1921 [96]
919 1876 1106 1910 nonnullis
1133 1876 1257 1918 operis
1283 1870 1451 1917 partibus
1471 1882 1534 1904 au-

83 1937 230 1975 ctores,
259 1945 350 1978 quos
375 1941 462 1968 ante
491 1936 619 1968 oculos
643 1936 790 1977 habuit,
816 1935 1036 1978 adscripsit3
1070 1932 1314 1975 complurium
1342 1928 1441 1962 haud
1471 1930 1535 1961 du-

81 1991 143 2024 bie
171 1994 321 2024 nomina
347 1993 382 2025 in
407 1994 513 2026 libris
539 1993 745 2037 deperditis
766 1993 956 2036 adscripta
975 1990 1098 2026 fuere:
1128 1991 1179 2021 uti
1199 1989 1257 2020 vel
1279 1998 1324 2020 ex
1347 1987 1534 2030 fragmen-

82 2050 130 2082 tis
156 2050 370 2093 intelligere
398 2051 487 2084 lieet
523 2053 578 2092 (v.
606 2062 635 2083 c.
662 2050 722 2082 lib.
748 2050 808 2082 Vi.
835 2061 869 2082 n.
895 2049 949 2091 l.)
988 2050 1022 2080 in
1060 2048 1197 2080 ceteris
1236 2046 1434 2088 sagacitati
1469 2055 1532 2077 no-

81 2110 184 2139 strae
211 2107 381 2139 relictum
410 2114 483 2149 est,
532 2113 572 2140 ut
604 2109 876 2151 investigemus
915 2110 952 2140 et
986 2105 1208 2148 indagemus
1244 2113 1336 2147 quos
1370 2103 1532 2134 maxime

80 2164 145 2196 ille
173 2166 375 2208 scriptores
401 2167 437 2197 in
463 2176 577 2208 opere
604 2176 672 2198 suo
699 2164 906 2198 catholicae
935 2163 1114 2195 historiae
1135 2160 1330 2194 condendo
1351 2165 1532 2204 sequutus

82 2221 151 2261 sit,
177 2223 332 2263 saltem,
361 2234 432 2267 quo
458 2225 630 2267 ingenio,
659 2233 732 2266 qua
756 2223 862 2266 lege,
888 2231 960 2266 qua
985 2219 1058 2253 fide
1086 2219 1141 2251 illi
1166 2228 1228 2251 res
1251 2222 1424 2250 narratas
1451 2227 1532 2261 per-

82 2278 310 2320 scripserint,
516 2308 518 2311 .

177 2335 318 2369 Habuit
342 2342 466 2369 autem
493 2337 682 2370 Diodorus
711 2339 828 2381 primo
857 2345 1031 2379 magnum
1066 2344 1261 2366 numerum
1296 2334 1533 2377 scriptorum,

86 2393 146 2436 qui
174 2398 211 2424 et
237 2394 305 2435 ipsi
330 2393 507 2426 historias
534 2395 737 2428 catholicas
764 2394 926 2427 condere
953 2394 1049 2426 velle
1077 2393 1194 2425 videri
1230 2391 1425 2430 volebant3
1465 2400 1530 2422 eos

83 2451 209 2494 itaque
235 2450 374 2493 legisse
405 2463 488 2484 eum
518 2457 555 2484 et
580 2455 825 2496 exscripsisse
852 2451 978 2496 quidni
1006 2449 1225 2483 credamus!
1261 2449 1459 2492 plerosque
1480 2448 1534 2478 ait

82 2509 163 2551 ipse
191 2509 326 2547 „uilius
353 2511 492 2540 tantum
521 2509 623 2541 urbis
649 2515 714 2542 aut
737 2511 861 2553 gentis
887 2509 986 2541 bella
1011 2510 1159 2550 integra
1186 2509 1366 2544 recitare,
1394 2514 1531 2547 paucos

83 2575 106 2597 a
133 2567 263 2608 priscis
292 2566 521 2608 temporibus
548 2577 703 2599 exorsos
731 2578 793 2599 res
821 2565 987 2610 pluribus
1024 2565 1198 2608 gentibus
1233 2572 1448 2596 communes
1483 2561 1529 2593 ad

83 2633 186 2655 suam
209 2633 325 2666 usque
348 2628 509 2656 aetatem
531 2624 667 2656 litteris
691 2623 909 2656 mandasse:
939 2632 1066 2655 eorum
1096 2627 1219 2654 tamen
1244 2621 1338 2652 alios
1361 2626 1531 2662 tempora

83 2679 241 2722 singulis
275 2690 341 2712 sua
377 2692 447 2713 non
478 2680 717 2721 adiunxisse,
766 2680 860 2713 alios
900 2690 961 2713 res
997 2679 1242 2711 barbarorum
1284 2677 1530 2717 transiliisse3

83 2745 194 2779 porro
235 2736 330 2770 alios
364 2739 505 2781 priscas
543 2737 690 2770 fabulas
723 2741 877 2781 propter
909 2737 1144 2769 tractationis
1183 2735 1440 2768 difficultatem
1477 2744 1531 2766 re-

83 2794 250 2837 spuisse,
284 2794 381 2829 alios
415 2796 547 2829 mortis
580 2796 798 2828 interventu
834 2802 987 2837 operam
1020 2804 1093 2827 non
1117 2792 1347 2833 absolvisse3
1380 2791 1530 2825 omnino
