1891 3310
436 178 498 218 in
529 178 639 217 mn.
671 177 828 218 xvii.
859 164 993 220 cAP..
1020 180 1094 220 92.
1121 180 1198 221 93.
1453 184 1546 225 205

98 292 215 346 guine
235 291 427 330 madidum
453 304 571 330 manu
589 299 748 343 tenens,
777 297 827 330 et
843 289 1023 329 dentibus
1046 291 1272 330 infrendens
1292 301 1464 342 peremto
1486 297 1550 333 in-

99 352 331 397 saltaverat,
360 351 496 399 quippe
519 362 589 386 nec
611 362 673 396 se,
701 362 773 386 nec
796 347 967 395 Eurota,
994 361 1116 398 neque
1139 347 1279 397 Sparta
1309 351 1449 402 digno,
1482 353 1550 390 sed

99 403 275 444 'lai-torm
306 405 413 443 Haec
431 418 539 442 mens
559 406 764 442 cultissimi
782 404 813 441 F
817 407 1089 456 pigrammatis.
1118 405 1167 442 W
1174 415 1256 443 Ess-

211 464 317 502 232.
355 462 428 502 54.
469 460 543 507 Εἲς
571 458 647 511 τὴν
682 459 850 513 Φηγέως
879 459 1123 500 ὁυναστειαν
1144 457 1364 515 ἐμβαλὼν]
1397 461 1441 500 In
1464 466 1550 514 qui-

99 517 259 556 busdam
277 517 401 555 Curtii
427 518 538 555 libris
557 517 743 567 Plcegelis
768 523 806 554 et
829 517 918 554 dein
945 524 1081 566 quarto
1102 531 1191 555 casu
1223 518 1423 568 Pltegela3
1453 533 1548 569 quae

98 587 160 611 res
183 574 262 612 Ian.
281 572 527 625 Rutgersiurn
552 573 714 623 inpulit,
742 580 786 610 ut
806 573 894 610 Var.
926 572 1030 610 Lect.
1053 574 1119 612 lib.
1145 573 1211 613 Vi.
1240 576 1310 615 14.
1340 578 1380 613 in
1414 574 1547 614 Curtio

98 631 242 681 legeret
272 629 441 680 Pleegel,
486 632 526 677 ιτέ,
558 636 652 668 erat
678 632 810 680 gentis
831 632 1047 681 proximae
1079 644 1175 679 rex,
1216 638 1327 680 atque
1357 631 1430 668 hoc
1462 634 1547 669 loco

103 685 287 738 Φηγὲλος
308 700 330 724 a
350 693 456 723 recto
483 685 639 739 Φηγέλε
668 687 769 736 quod
791 688 925 723 merito
948 687 1146 735 displicuit
1166 686 1453 737 Freinshemio,
1483 703 1550 726 eo-

99 754 171 791 que
193 746 327 794 magis,
351 745 533 792 quoniam
553 745 686 791 scripti
706 741 882 779 Curtiani
903 740 1022 779 Codd.
1043 745 1248 781 manifesto
1261 744 1420 794 Phegea
1439 757 1549 792 prae-

97 799 241 842 ferunt.
272 799 361 837 Non
384 799 585 836 dissimilia
603 799 652 836 ad
673 799 828 836 Arriani
850 800 910 835 sui
932 799 975 838 L.
1000 800 1043 837 V.
1061 813 1097 848 p.
1113 801 1218 840 365.
1232 800 1292 838 .N.
1312 799 1548 839 Blancardus

97 862 362 893 conmentatus
385 862 465 902 est,
497 856 562 892 sed
584 853 840 892 Freinshemii
865 866 1020 902 prorsus
1043 856 1195 894 oblitus.
1225 857 1362 897 WESS.

208 912 318 951 232.
346 913 417 951 59.
442 909 530 950 Ἐπὶ
549 908 832 963 τόν”Υ7’τανιν]
862 910 948 948 Hoc
969 912 1067 962 elegi
1087 913 1134 949 ob
1154 912 1196 949 L.
1218 912 1262 950 11.
1281 914 1370 961 37.,
1391 915 1548 952 tametsi

97 976 176 1005 non
197 969 370 1019 ignorem
399 970 440 1006 in
467 967 579 1006 fluvii
610 969 692 1005 eius
723 970 876 1005 nomine
909 970 1099 1006 vat-iatum
1131 970 1223 1006 olim
1253 970 1388 1007 fuisse.
1433 968 1555 1009 Cous.-

98 1022 157 1064 Cl.
179 1022 409 1061 salmasium
429 1026 471 1062 in
493 1024 617 1061 Solin.
637 1038 671 1074 p.
696 1024 800 1064 556.
830 1024 969 1061 WVESS.

208 1082 317 1121 232.
343 1081 415 1122 63.
447 1077 538 1119 “On
561 1076 721 1119 δώδεκα
751 1078 827 1130 μέν
855 1075 1020 1132 ἡμερῶν
1041 1076 1118 1130 ἔχει
1141 1077 1308 1132 δίοδον]
1359 1080 1550 1120 ἷῖιιιίεοίπη

97 1137 250 1175 dieram
281 1138 390 1174 ultra
406 1138 653 1188 flumenper
689 1138 829 1174 varias
856 1137 1087 1175 solitudines
1118 1139 1197 1174 iter
1221 1149 1304 1175 esse
1333 1138 1434 1187 apud
1452 1137 1550 1175 Cur-

97 1197 214 1242 tium,
245 1196 309 1243 qui
333 1193 424 1231 haec
445 1193 610 1231 Diodori
632 1194 748 1231 verbo
769 1200 880 1230 tenus
902 1196 1092 1241 expressit
1112 1192 1153 1230 L.
1174 1193 1246 1231 IX.
1266 1196 1309 1233 2.
1327 1197 1385 1241 2.,
1415 1195 1550 1232 forsan

96 1263 177 1288 non
197 1251 282 1286 sine
307 1251 446 1287 menda
468 1252 507 1286 in
529 1250 676 1287 dierum
703 1262 875 1287 numerO.
916 1248 976 1288 De
1007 1249 1154 1302 Gangis
1177 1251 1428 1301 amplitudine
1458 1251 1550 1290 vide

96 1310 209 1344 etiam
231 1306 272 1344 L.
295 1306 341 1344 11.
366 1308 439 1346 37.
466 1306 603 1344 WEss.
1134 1334 1138 1336 ,

207 1363 316 1402 232.
347 1365 421 1404 68.
451 1363 671 1402 Ιίατοικεΐν
689 1357 752 1410 τό,
782 1375 825 1402 τε
848 1363 929 1403 τῶν
951 1359 1171 1413 Πραισίων
1194 1381 1242 1390 —-
1268 1358 1415 1410 ἔθνος]
1444 1362 1552 1401 Gen-

99 1420 150 1456 tis
183 1432 325 1456 nomen
356 1432 404 1456 ex
426 1417 520 1470 Reg.
547 1432 604 1469 pr.
635 1413 854 1468 sed'parum
885 1419 1039 1467 adiuto,
1078 1421 1315 1458 instauravi:
1351 1426 1553 1470 potueram

97 1475 309 1528 Βραισίων
339 1481 407 1513 aut
435 1475 655 1529 Βρασίων,
690 1476 791 1524 quod
821 1476 892 1518 Ab.
925 1475 1078 1513 ortelio
1101 1477 1142 1513 in
1171 1478 1391 1525 opinionem
1421 1478 1552 1524 venit3

98 1533 165 1569 sed
188 1531 406 1583 Hpmm‘wv
436 1529 563 1578 ἔθνος
594 1534 778 1581 praetuli,
811 1539 891 1570 tum
921 1532 1022 1582 quod
1045 1533 1146 1570 Plut.
1176 1532 1286 1569 Alex.
1317 1546 1352 1582 p.
1376 1534 1481 1573 699.
1502 1532 1549 1572 E.

98 1596 136 1625 et
155 1588 301 1626 Aelian.
324 1587 425 1625 Hist.
451 1587 523 1626 An.
543 1588 653 1626 Xlll.
679 1593 717 1630 8.
740 1588 827 1626 XV.
853 1592 892 1629 7.
922 1588 1027 1627 XVI.
1052 1590 1092 1628 9.
1135 1587 1368 1641 Πραισίους
1396 1603 1460 1626 eos
1481 1603 1552 1627 vo..

98 1652 211 1691 cent,
238 1657 436 1694 paeneque-
449 1646 694 1683 consentiant
715 1646 848 1682 lustin.
869 1645 960 1682 XII.
986 1648 1025 1686 8.
1056 1652 1094 1681 et
1115 1645 1276 1683 Orosius
1307 1644 1349 1682 L.
1371 1645 1439 1684 ΙΙΙ.
1466 1646 1552 1692 19.,

98 1703 164 1739 ubi
186 1709 485 1739 consentaneum
513 1702 634 1740 habeo
662 1701 727 1741 Fr.
748 1701 989 1748 Fabricium,
1018 1708 1098 1738 tum
1127 1708 1219 1738 vero
1240 1701 1289 1737 ob
1316 1703 1553 1750 reliquorum

97 1756 216 1796 Codd.
244 1757 535 1810 Ταπραισίων,
563 1772 586 1795 a
614 1759 751 1807 quibus
783 1757 854 1794 hac
883 1760 949 1795 via
976 1769 1089 1806 quam
1120 1759 1294 1805 proxime
1322 1757 1551 1795 deflectitur.

99 1815 144 1852 In
168 1813 383 1860 Strabone,
412 1813 564 1862 Plinio,
595 1813 789 1863 Stephano
821 1810 1004 1866 Πράσιοι
1032 1825 1110 1851 non
1136 1827 1276 1863 magno
1307 1814 1551 1852 discrimine:

99 1877 212 1920 atque
233 1869 303 1906 hos
334 1870 367 1906 si
385 1872 586 1917 malueris,
612 1873 718 1918 optio
748 1873 850 1908 enim
868 1877 928 1907 est
954 1872 994 1908 in
1024 1883 1068 1907 ea
1087 1873 1314 1918 scriptorum
1343 1870 1553 1919 discordia,

99 1927 256 1964 consule
288 1925 336 1962 N.
358 1925 614 1964 Blancardum
643 1927 690 1964 ad
720 1926 873 1964 Arrian.
901 1925 945 1964 L.
969 1927 1013 1963 V.
1045 1939 1081 1976 p.
1104 1927 1210 1967 365.
1242 1933 1281 1964 et
1307 1925 1554 1965 Hal-duilium

98 1986 141 2022 in
162 1983 281 2020 Plinii
297 1981 339 2019 L.
359 1982 423 2019 VI.
450 1985 518 2023 19.
545 1983 682 2022 wass.

211 2040 318 2078 232.
357 2041 428 2078 71.
477 2036 740 2092 Ἔλέφαντας
770 2035 1140 2089 τετρακισχιλίους]
1187 2035 1342 2076 Curtius
1373 2038 1566 2089 elephans

99 2102 159 2132 tos
193 2097 311 2132 trium
341 2096 506 2133 millium
534 2109 735 2133 numerum
764 2097 925 2147 explere
958 2095 999 2132 1..
1019 2093 1093 2131 IX.
1125 2096 1167 2134 2.
1186 2095 1252 2142 4.,
1280 2095 1347 2133 ubi
1376 2108 1447 2133 rex
1471 2096 1555 2147 Ag-

98 2164 297 2203 grammes
317 2158 572 2201 nuncupatur.
611 2152 708 2189 Vide
728 2166 843 2202 supra
867 2151 908 2190 L.
931 2151 978 2189 ΙΙ.
1001 2152 1074 2191 37.
1105 2150 1243 2192 VVESS.

212 2209 318 2248 232.
352 2210 425 2248 77.
451 2204 559 2254 Ως
544 2206 594 2247 dv
614 2223 732 2260 κουρῑ
718 2207 791 2255 ἕως
812 2205 903 2248 υιὸν
924 2203 1141 2259 νομιζομει
1145 2205 1222 2259 ον]
1260 2204 1346 2243 Rex
1367 2205 1521 2244 Porus·
1511 2221 1553 2246 in

103 2261 226 2302 Curtii
245 2264 335 2301 dict.
359 2277 441 2312 cap.
433 2291 457 2312 .,
488 2266 558 2315 qui
578 2272 783 2322 regnaret,
809 2265 957 2313 inquit,
985 2277 1060 2301 non
1088 2264 1199 2301 modo
1224 2264 1430 2313 ignobilem
1458 2277 1555 2312 esse,

103 2322 173 2358 sed
191 2322 310 2357 etiam
329 2322 492 2358 ultimae
508 2324 652 2359 sortis:
670 2334 812 2373 quzppe
821 2328 981 2372 patrem
996 2322 1079 2358 eius
1099 2327 1307 2366 tonsorem,
1326 2322 1397 2357 vix
1409 2322 1552 2358 diurno

103 2384 268 2428 quaestu
282 2390 339 2429 pr
342 2378 770 2429 opnlsantemfoe'mem‚
788 2385 962 2429 propter
991 2376 1167 2414 habitum
1197 2375 1307 2414 haud
1327 2378 1554 2415 indecorum

103 2433 357 2480 cor-difuisse
376 2436 624 2483 7·eginae,etc.
656 2436 760 2478 Quae
783 2436 868 2484 quis
892 2447 970 2471 non
992 2434 1152 2470 miretur
1171 2445 1193 2469 a
1210 2432 1311 2470 Poro
1330 2447 1416 2471 eum
1430 2434 1470 2472 in
1492 2447 1554 2472 re-

102 2504 187 2541 gem
208 2492 412 2527 criminose
434 2488 616 2541 congeri?
644 2504 665 2528 a
686 2491 807 2537 Poro,
833 2491 1002 2539 inquam,
1022 2489 1070 2526 ad
1092 2502 1241 2526 omnem
1262 2490 1440 2527 fortunae
1460 2503 1554 2527 con-

102 2548 298 2584 tumeliam
317 2547 511 2596 ploiectO.
540 2548 782 2597 tonsorisque
810 2547 940 2584 itidem
965 2544 1072 2583 filio?
1109 2546 1249 2594 Accipe
1278 2544 1450 2583 Heiladii
1479 2545 1553 2583 Be·-

102 2605 270 2640 santinoi
301 2605 343 2640 in
381 2602 755 2670 Χρηστομαᾶειάις
782 2602 882 2652 apud
919 2602 1099 2640 Photium
1127 2601 1309 2638 Biblioth.
1344 2614 1379 2650 p
1417 2604 1552 2643 1579.

102 2659 240 2705 v,erba
269 2659 423 2711 Πῶρος
450 2657 490 2697 δ’
525 2654 544 2698 ὅ
577 2656 772 2708 βασιλευς
799 2660 883 2697 τῶν
907 2656 1049 2698 Ινὸῶν
1070 2656 1350 2697 ΚΟΥΡΕΩΣ
1376 2651 1427 2709 ἦν
1449 2655 1552 2704 υἱός·

105 2721 142 2752 et
161 2714 253 2752 haec
273 2714 426 2753 Libanii
445 2713 493 2752 Τ.
520 2715 568 2753 Π.
592 2716 697 2756 632.
718 2715 763 2753 Α.
796 2711 901 2754 ἀλλὰ
920 2715 1078 2767 Πωρος
1107 2711 1182 2753 οὐκ
1211 2710 1254 2752 ἔκ
1283 2713 1557 2754 ΚΟΥΡΕΩΣ

104 2769 178 2820 μὲν
199 2764 249 2822 ἧν
260 2798 271 2817 ,
296 2768 438 2817 Ἰνδοῖς
458 2768 492 2810 d'
521 2770 550 2810 ἒ
542 2769 724 2818 τέταξεν
759 2770 827 2808 Sic
850 2783 894 2808 ea
922 2771 999 2821 legi
1021 2770 1163 2807 debent
1193 2782 1242 2806 ex
1266 2771 1479 2808 certissima
1500 2770 1552 2809 Η.

107 2827 250 2865 valesii
277 2827 542 2866 emendatione
561 2828 611 2866 ad
637 2828 818 2878 Excerpt.
841 2826 1001 2866 Diodor.
1018 2840 1053 2876 p·
1077 2827 1182 2867 316.
1220 2824 1324 2863 Haec
1345 2829 1447 2865 enim
1471 2829 1505 2866 si
1533 2841 1555 2864 a
