1859 3326
268 193 471 224 CLXXXII
568 192 853 227 OECONOMIA
889 193 1170 227 Hls'roRlAE
1207 194 1435 229 DIODORI.

360 289 402 323 In
420 289 583 323 Graecia
609 289 904 324 Lacedaemonii
926 291 1052 326 omnia
1071 291 1228 325 consilia
1245 291 1292 326 ad
1313 293 1486 326 civitates
1509 296 1642 328 contra
1662 294 1739 328 ini-

276 352 314 380 ta
344 351 452 389 pacta
479 347 708 391 subigendas
732 352 978 390 convertunt,
1026 359 1070 383 eo
1098 350 1180 393 ipso
1207 353 1400 392 tempore,
1440 361 1514 395 quo
1537 352 1738 396 Amyntae,

279 406 355 447 regi
376 404 644 444 Jthcedoniao,
669 405 810 437 auxilia
835 407 1009 446 mittunt,
1043 416 1125 439 cum
1146 407 1177 438 is
1197 407 1389 450 Olynthiis
1407 408 1545 441 bellum
1565 408 1737 446 inferret.

275 462 348 494 tam!
374 473 502 505 regum
527 461 913 496 Lacedaemoniorum
936 463 981 496 de
1003 463 1103 496 bello
1125 463 1283 497 Graecis
1300 464 1502 498 inferendo
1525 466 1740 501 contrariae

278 525 388 552 erant
406 519 630 552 sententiae.
663 529 683 550 c
714 521 765 554 10,

367 576 462 610 Anu,
490 581 523 614 3.
569 576 772 622 Belluniin
793 575 1012 621 Olynthios,
1045 579 1159 611 sociis
1179 577 1519 620 Lacedaemoniis,
1551 580 1745 614 continua-

280 637 371 666 tum.
420 635 476 667 Eo
506 636 674 677 occupati
694 633 991 669 Lacedaemonii
1009 646 1078 680 per
1093 635 1253 668 insidias
1273 635 1500 678 Cadmeam,
1527 630 1746 673 Thebarum

260 701 428 731 arcem,
451 693 612 734 capiunt.
643 702 672 724 c.
690 695 743 727 ΞΟ.
770 695 828 728 21.

370 748 464 784 Αιιιι.
488 750 521 785 4.
573 750 716 792 Urgent
734 748 1030 784 Lacedaemonii
1052 749 1198 784 bellum
1217 749 1256 783 in
1275 748 1498 794 Olynthios,
1533 748 1628 785 duce
1650 752 1750 797 Age-

284 806 412 850 sipoli,
436 816 540 850 rege.
575 817 605 840 c.
623 810 680 841 22.

899 862 983 909 Oly
993 874 1067 908 mp.
1089 865 1131 901 C.

375 920 471 952 Anu.
499 922 531 955 1.
578 921 764 963 Tandem,
788 926 937 956 mortuo
956 922 1162 966 Agesipoli,
1184 921 1383 966 imperium
1402 921 1560 966 suscipit
1575 922 1752 968 Polybia-

288 978 376 1018 dos,
409 979 469 1021 qui
497 978 698 1021 Olynthios
727 980 907 1014 debellat.
953 981 1049 1013 Tum
1078 981 1182 1014 inter
1208 990 1341 1014 omnes
1362 979 1549 1014 Graeciae
1577 982 1750 1018 civitates

287 1035 581 1068 Lacedaemonii
603 1039 771 1079 potentia
793 1039 1023 1071 eminebant.
1057 1048 1087 1074 e.
1111 1039 1168 1074 23.

376 1092 470 1128 Amz.
498 1097 529 1128 2.
579 1093 914 1138 Carthaginienses
936 1095 1182 1129 conciliandis
1209 1095 1344 1136 sociis,
1376 1093 1492 1126 rebus
1511 1092 1649 1128 futuris
1670 1106 1756 1140 pro.

288 1150 461 1193 spiciunt.
509 1151 688 1190 Quamvis
707 1154 946 1195 pestilentia,
977 1154 1162 1196 malisque
1186 1152 1293 1191 aliis,
1325 1151 1487 1183 internis
1508 1152 1621 1183 etiam
1644 1152 1755 1187 bellis

290 1208 483 1251 <qun-essi,
517 1213 643 1242 tamen
664 1220 794 1254 pacem
811 1211 850 1243 in
866 1210 993 1244 Africa
1011 1211 1236 1252 restituunt,
1270 1211 1311 1241 et
1334 1205 1548 1240 Sardiniam
1564 1208 1756 1255 subigunt.

288 1277 317 1297 c
334 1268 390 1301 2⁷24·

380 1322 477 1356 Am
501 1328 533 1361 3.
579 1324 620 1356 ln
645 1324 807 1358 Giaecia
830 1325 970 1358 bellum
988 1324 1210 1358 Boeoticum
1230 1321 1373 1361 oritur,
1395 1330 1419 1353 a
1434 1320 1629 1356 Thebanis
1649 1334 1759 1358 exsu-

291 1379 409 1421 libus,
435 1394 467 1412 o
459 1381 479 1411 ἰ
498 1387 642 1424 captim
661 1393 682 1414 a
703 1382 1020 1415 Lacedaemoniis
1038 1381 1254 1421 Cadmeam,
1279 1379 1521 1413 concitatum.
1545 1389 1574 1416 e.
1594 1384 1691 1417 25-
1698 1385 1758 1420 27

384 1446 402 1464 *
432 1438 589 1470 Romani
609 1438 851 1473 Sandoniam
850 1440 891 1484 ἐ)
914 1441 1068 1472 mittunt
1086 1439 1284 1472 coloniam.
1312 1446 1342 1469 c
1360 1438 1404 1471 27
1423 1439 1520 1469 extr

384 1495 465 1528 ἔπη
505 1500 535 1530 4
585 1497 638 1529 B(-
645 1498 733 1529 llum
754 1497 936 1530 Boeotico
945 1507 978 1528 ἰι
999 1496 1270 1529 continuatum.
1297 1513 1343 1519 —
1373 1493 1493 1538 (Inter
1508 1491 1603 1527 haee
1617 1495 1764 1536 Acoris,

294 1563 361 1585 rex
384 1555 544 1596 Aegypti
559 1579 567 1595 ,
590 1555 731 1587 bellum
751 1555 868 1588 infert
886 1554 1034 1594 Persis,
1061 1553 1155 1585 duce
1175 1551 1354 1593 Chabria,
1379 1549 1617 1591 Atheniensi,
1648 1563 1760 1597 quem

295 1609 565 1651 .—'·.tl1‹znienses,
592 1616 632 1643 ut
651 1612 779 1645 Persis
797 1612 1079 1656 gratificentur,
1109 1613 1303 1642 revocant.
1339 1618 1369 1641 c.
1386 1609 1458 1652 29.)
1509 1609 1761 1643 Athenienses

298 1668 334 1698 in
366 1678 455 1699 suas
472 1675 601 1710 partes
618 1669 772 1702 trahunt
788 1671 968 1713 plurimas
984 1670 1179 1708 civitates3
1216 1676 1342 1709 pugna
1361 1666 1473 1698 etiam
1493 1667 1636 1710 navali,
1661 1668 1763 1704 inter

300 1724 447 1757 maxum
468 1730 506 1758 ct
524 1725 660 1758 Parum
682 1729 899 1767 commissa,
927 1731 1015 1759 sunt
1033 1725 1266 1769 superiores.
1292 1733 1322 1758 c.
1342 1725 1507 1762 28—35.

389 1790 408 1808 *
435 1782 579 1816 Romae
596 1784 648 1816 M.
665 1784 832 1817 Manlius
852 1785 985 1828 capitis
1003 1784 1217 1817 damnatus.
1244 1791 1274 1817 e.
1292 1781 1338 1818 35
1355 1785 1452 1815 extr.

910 1840 1078 1886 Olymp.
1101 1839 1162 1873 CI.

389 1896 485 1933 Αηη,
516 1901 548 1934 1.
594 1897 733 1931 Incidit
755 1900 905 1935 interea
931 1899 1034 1932 aliud
1059 1897 1202 1931 bellum
1226 1895 1265 1928 in
1282 1893 1470 1936 Thracia,
1498 1894 1601 1928 inter
1617 1894 1767 1929 Tribal-

300 1954 357 1987 los
387 1960 425 1987 et
449 1955 671 1997 Abderitas,
705 1967 728 1989 a
751 1958 865 1990 sociis
895 1957 1069 1990 desertos
1098 1958 1138 1988 et
1154 1942 1285 1998 'paene
1303 1951 1509 1986 confectos.
1553 1952 1626 1985 His
1649 1953 1768 1987 Athe-

302 2013 453 2044 nienses
474 2014 614 2044 auxilio
636 2014 788 2046 mittunt
807 2013 1025 2054 Chabriam,
1052 2016 1091 2045 et
1106 2011 1175 2045 hoc
1192 2011 1317 2044 occiso
1336 2008 1599 2051 Timotheum,
1624 2010 1685 2054 qui
1705 2020 1769 2044 no-

304 2080 369 2100 vos
398 2070 573 2102 conciliat
602 2071 747 2112 socios,
779 2073 814 2103 in
834 2071 892 2104 his
911 2072 1101 2111 Alcetam,
1131 2077 1261 2111 regem
1281 2066 1558 2107 Molossorum,
1595 2072 1634 2100 et
1650 2066 1768 2100 Lace-

303 2125 524 2159 daemonios
542 2128 638 2171 apud
662 2127 879 2161 Leucadem
898 2138 1023 2172 pugna
1042 2126 1167 2160 navali
1186 2123 1322 2158 fundit.
1347 2134 1378 2157 c.
1389 2127 1447 2161 36.
1485 2123 1657 2157 Thebani
1678 2135 1768 2169 quo-

303 2193 374 2226 que
392 2184 536 2226 proelio
556 2195 623 2217 eos
642 2186 804 2221 vincunt.
843 2196 873 2221 c,
892 2188 950 2222 37,

394 2240 491 2273 Ami.
514 2245 549 2275 2.
595 2241 759 2276 Suasore
784 2244 1016 2285 Artaxerxe,
1051 2251 1143 2285 rege
1163 2239 1385 2278 Persarum,
1419 2237 1481 2281 qui
1498 2236 1640 2270 bellum
1656 2237 1693 2270 in
1712 2248 1771 2272 re-

310 2307 396 2340 gem
422 2298 695 2341 Aegyptiorum
724 2300 915 2343 agitabat,
948 2303 986 2332 et
1012 2298 1059 2330 ad
1087 2297 1157 2330 hoc
1177 2307 1199 2328 a
1218 2295 1376 2328 Graecis
1394 2295 1521 2338 copias
1539 2293 1771 2339 requirebat,

307 2355 478 2399 reliquae
501 2355 672 2389 Graecae
692 2357 864 2389 civitates
882 2366 1009 2400 pacem
1034 2355 1194 2395 faciunt3
1231 2352 1301 2385 Soli
1323 2350 1495 2384 Thebani
1514 2352 1550 2384 in
1568 2351 1668 2386 bello
1686 2363 1770 2397 pei·-

309 2416 497 2446 severant.
547 2412 637 2444 Mox
658 2423 777 2445 novae
795 2413 929 2446 turbae
954 2415 989 2445 in
1014 2412 1172 2455 singulis
1192 2408 1417 2442 civitatibus.
1457 2419 1486 2441 c.
1503 2410 1665 2446 33-40.

397 2467 492 2501 Anu.
519 2473 551 2506 3.
600 2470 799 2502 Persarum
819 2471 958 2503 bellum
978 2471 1014 2501 in
1037 2471 1262 2512 Aegyptum,
1286 2465 1532 2499 Pharnabazo
1553 2471 1592 2499 et
1609 2467 1773 2510 Iphicra-

306 2530 345 2559 te
364 2525 584 2559 Atheniensi
603 2525 770 2559 ducibus.
817 2529 960 2561 Natura
983 2527 1173 2570 regioniS,
1200 2529 1394 2556 exstructa
1416 2525 1450 2556 in
1474 2523 1549 2557 Nili
1571 2520 1677 2558 ostiis
1697 2536 1773 2559 mu-

309 2586 491 2625 nimenta,
515 2588 554 2616 et
571 2583 704 2615 ducum
725 2585 883 2618 dissidia
903 2595 981 2617 rcnn
1002 2584 1147 2616 irritam
1169 2581 1344 2616 reddunt.
1393 2580 1592 2624 Iphicratis
1609 2592 1700 2616 vero
1718 2585 1773 2616 in—

308 2643 459 2688 genium
484 2645 523 2674 et
541 2642 577 2672 in
595 2651 636 2673 re
654 2641 808 2674 militari
829 2643 983 2674 inventa
1001 2640 1256 2673 celebrantur.
1291 2649 1322 2674 c.
1341 2638 1506 2675 41-44.

402 2699 444 2731 ln
469 2697 631 2731 Graecia
653 2699 688 2730 in
719 2699 879 2743 singuiis
903 2697 1118 2731 civitatibus
1145 2696 1281 2729 turbae
1300 2699 1339 2730 et
1354 2695 1575 2731 seditiones.
1620 2697 1776 2732 Interea

308 2754 481 2790 Thebani
500 2755 601 2790 bello
622 2755 805 2790 infestant
825 2756 962 2790 omnia.
1000 2766 1033 2790 c.
1055 2756 1100 2792 45
1115 2753 1222 2790 -47.
