1875 3310
373 217 671 250 -OECONOMIA
711 217 986 251 IirsTomAE
1020 220 1247 255 Dronom.
1326 226 1542 261 CLXXXIX

90 315 262 349 marchas
285 315 431 360 aliquot
453 314 607 358 proeliis
634 315 775 356 victor,
822 315 976 349 tandem
1008 316 1140 353 ultimo
1163 319 1309 363 proelio
1334 323 1480 368 capitur
1505 329 1547 360 ee

89 375 191 407 cruci
212 373 391 417 affigitur.
436 371 685 405 Phocensium
709 373 904 415 imperium
926 372 1107 417 Phayllo,
1138 376 1220 410 eius
1238 377 1366 422 fratri,
1391 381 1544 416 manda·

87 437 168 472 tur,
194 431 255 475 qui
275 430 374 464 omni
391 428 426 462 vi
445 429 584 462 bellum
605 428 802 462 instaurat.
833 439 865 464 c,
889 430 943 466 35.
969 433 1026 467 36.

172 491 191 508 '¹‘
213 489 401 520 Aimotata
425 496 550 519 rerum
580 494 823 518 coaevarum:
863 485 1028 520 Moritur
1054 486 1272 532 Mausolus,
1302 500 1370 525 rex
1395 494 1542 536 Cariae,

87 545 145 576 cui
164 544 367 578 Artemisia
384 542 570 582 succedit3
596 542 685 574 item
709 541 932 584 Clearchus,
957 544 1169 578 Heracleae
1189 548 1392 591 tyrannus,
1417 552 1455 584 in
1481 563 1542 586 cu-

87 603 145 634 ius
161 601 282 634 locum
302 599 544 633 substituitur
560 596 780 633 Timotheus
793 622 803 640 ,
827 598 939 634 iiliuS.
965 619 1009 626 —
1044 600 1203 635 Romani
1220 603 1258 636 in
1276 604 1446 640 'l'huscos
1465 608 1542 642 bel·

84 657 159 689 lum
182 661 331 699 gerunt.

175 713 215 746 ln
235 713 362 746 Sicilia
380 713 583 757 Callippus,
607 710 698 754 (vid.
718 711 883 756 cap.31.)
909 713 1070 748 tumultu
1087 718 1191 760 orto,
1214 717 1426 764 principatu
1444 723 1543 756 exci-

89 769 166 812 dit,
190 781 349 816 cunique
365 776 525 816 occupat
542 770 785 815 hipparinus,
808 778 838 803 c.
852 770 908 806 36.

661 824 830 870 Olymp.
855 826 971 861 CVII.

176 883 272 919 Αηη.
297 887 329 922 1.
378 885 477 919 Belli
503 885 602 918 sacri
626 885 662 916 in
684 883 845 916 Graecia
862 892 982 916 annus
997 881 1031 918 4.
1087 884 1290 931 PhayHus,
1322 894 1455 924 auctus
1472 893 1542 934 lco-

85 943 158 986 piis
181 947 220 976 et
239 943 426 976 sociorum
447 942 617 982 auxiliis,
653 941 851 974 Boeotiam
868 941 1030 983 invadit,
1057 944 1122 976 sed
1144 945 1290 978 iteratis
1307 947 1462 988 procliis
1485 948 1545 980 in-

88 1000 206 1033 serim-
227 999 397 1032 discedit.
424 1009 454 1032 c.
469 1002 525 1036 37.
572 997 939 1041 lntereal’hilippus
959 1000 1159 1042 impeditus
1177 1001 1222 1033 ab
1238 1001 1545 1046 Atheniensibus,

72 1066 168 1089 rcum
200 1056 236 1088 in
266 1055 480 1089 Phocenses
505 1055 698 1096 tenderet,
730 1056 768 1088 in
794 1065 951 1099 regnum
980 1056 1104 1092 rediit.
1151 1057 1225 1091 Sed
1244 1058 1424 1103 Phayllus
1443 1062 1545 1096 ultra

89 1123 314 1156 progressus
345 1111 488 1145 Locros
516 1112 797 1154 Epicnemidios
824 1113 983 1154 invadit,
1030 1114 1240 1159 multasque
1277 1118 1391 1151 urbes
1425 1121 1546 1162 capit:

75 1167 223 1202 *Boeoti
249 1174 399 1210 contra,
437 1167 685 1202 Phocensium
708 1173 831 1202 terras
852 1171 1100 1214 populantur,
1133 1182 1226 1216 quos
1252 1174 1374 1208 subito
1401 1176 1544 1219 impetu

86 1225 269 1269 l’hayllus
294 1226 482 1270 opprimit.
528 1226 619 1259 Mox
646 1233 793 1259 mortuo
814 1226 971 1271 Phayllo
999 1228 1167 1261 succedit
1181 1228 1410 1273 Phalaecus,
1443 1233 1542 1266 Ono-

86 1283 231 1317 marchi
257 1284 307 1316 nl.
329 1283 517 1327 impuberi
539 1283 737 1316 adiunctus
763 1285 887 1323 socius
916 1289 955 1317 et
979 1288 1082 1318 tutor
1099 1285 1279 1328 Mnasea‚
1313 1288 1439 1331 paullo
1459 1293 1546 1333 post

86 1341 234 1384 proelio
253 1342 411 1373 occisus.
436 1341 532 1375 c-38.
568 1339 959 1374 Lacedaemoniorum
978 1341 1016 1373 in
1037 1341 1380 1387 Megalopolitanos
1391 1344 1546 1381 bellum.

86 1397 296 1431 Phalaecus
314 1397 531 1438 Boeotiam,
566 1397 703 1431 Boeoti
720 1397 922 1431 Phocidem
939 1402 1102 1434 vastant.
1140 1409 1171 1432 c.
1181 1403 1234 1437 39.

177 1453 273 1487 Anu.
294 1457 327 1490 2.
374 1453 473 1486 Belli
493 1455 591 1487 sacri
609 1465 728 1488 annus
747 1457 780 1496 5,
803 1455 1010 1489 levioribus
1025 1455 1180 1498 proeliis
1198 1459 1420 1491 tr.ansactus
1441 1469 1472 1494 c.
1486 1457 1545 1497 403

178 1512 257 1546 lam
284 1521 376 1544 xero
404 1511 442 1543 in
459 1512 549 1544 Asia
566 1512 820 1553 ArtaxerxeS,
853 1521 923 1546 rex
943 1512 1166 1554 Persarum,
1197 1512 1337 1547 bellum
1363 1516 1402 1548 in
1423 1517 1547 1561 Aegy-

88 1570 207 1614 ptios,
241 1578 308 1611 per
328 1568 472 1611 aliquot
489 1578 608 1602 annos
625 1556 904 1610 intermissum,
937 1569 984 1602 de
1010 1579 1107 1603 novo
1133 1573 1172 1603 et
1199 1572 1361 1605 maximo
1392 1574 1545 1617 quidem

87 1636 204 1671 appa1
208 1630 271 1658 atu
286 1627 462 1669 suscipit,
486 1627 589 1659 iunc
576 1630 613 1658 o
638 1625 713 1660 alio
734 1625 859 1661 bello'
851 1637 888 1659 in
905 1625 1114 1660 Phoenices
1133 1631 1171 1659 et
1189 1628 1226 1659 in
1247 1628 1301 1672 Cy
1304 1639 1424 1673 prum,
1447 1641 1544 1675 quae

86 1684 303 1729 provinciae
323 1692 347 1714 a
366 1692 457 1726 rege
475 1683 708 1717 defeceiant.
752 1683 852 1717 Belli
875 1682 1046 1717 historia.
1078 1692 1107 1718 c.
1124 1681 1170 1719 40
1187 1694 1268 1729 sqq.
1315 1686 1442 1721 Primo
1468 1688 1547 1722 bel·

85 1742 163 1775 lum
190 1741 227 1774 in
246 1739 487 1774 Phoeniciam
513 1745 553 1775 et
576 1740 740 1785 Cyprum
763 1741 931 1786 geritur,
963 1750 1073 1785 quam
1090 1746 1290 1787 utramque
1308 1752 1376 1777 rex
1392 1743 1548 1789 subigit.

86 1809 117 1832 c.
136 1798 300 1835 40—45.

180 1862 198 1880 *
224 1854 338 1888 Haud
365 1853 483 1888 multo
514 1857 604 1891 ante
623 1854 827 1889 Artemisia
856 1855 938 1888 vita
963 1854 1162 1897 defuncta3
1194 1853 1432 1896 cuildrieus,
1462 1857 1546 1892 eius

86 1912 232 1953 frater,
262 1911 443 1947 succedit.
492 1912 536 1945 In
559 1913 671 1946 ltalia
696 1912 856 1946 Romani
876 1923 959 1946 cum
979 1911 1239 1946 Praenestinis
1259 1917 1298 1946 et
1316 1912 1546 1947 Samnitibus

86 1970 258 2004 inducias
290 1972 328 2002 et
354 1978 485 2011 pacem
515 1970 631 2012 pacti:
664 1970 702 2003 in
731 1971 1028 2015 Tarquinienses
1055 1970 1253 2003 saevitum.
1296 1969 1480 2014 Leptines
1507 1974 1548 2005 et

89 2027 280 2071 Callippus
295 2024 479 2069 Rhegium
499 2035 523 2059 a
538 2027 715 2071 Dionysii
732 2028 807 2062 iun.
827 2027 1029 2071 tyrannide
1048 2026 1225 2060 liberant.
1246 2025 1330 2062 c.45
1351 2031 1446 2062 extr.

178 2083 274 2119 Anu.
296 2084 328 2119 3.
376 2082 594 2117 Perdomita
612 2085 736 2128 Cypro
752 2085 894 2126 insula,
922 2084 1011 2127 (vid.
1030 2082 1142 2127 042.)
1159 2083 1300 2116 bellum
1319 2083 1549 2128 transfertur

87 2143 127 2176 in
155 2142 378 2185 Aegyptum.
428 2141 528 2174 Belli
556 2141 726 2174 historia.
756 2151 787 2174 c.
807 2143 974 2178 46-51,
1019 2140 1237 2174 Perdomita
1256 2140 1429 2183 Aegypto
1455 2140 1549 2173 reli-

87 2204 223 2244 etoque
241 2198 500 2242 l’herendate,
525 2199 607 2232 eius
624 2199 840 2242 provinciae
860 2197 1057 2243 praeside,
1082 2207 1150 2231 rex
1168 2196 1403 2241 Babylonem
1420 2197 1549 2230 rediit.

85 2259 170 2294 c.51
192 2260 287 2291 extr.

144 2309 146 2311 ’
178 2312 272 2345 Αηη.
293 2312 327 2349 4.
372 2312 478 2346 Inter
505 2306 621 2346 duces
646 2313 868 2346 Artaxerxis
886 2313 1041 2346 Mentor
1064 2311 1207 2344 virtute
1224 2309 1411 2354 rebusque
1426 2309 1548 2353 gestis

88 2371 301 2410 eminebat,
334 2370 545 2414 insignibus
562 2371 740 2413 praemiis
765 2380 788 2403 a
810 2380 902 2414 rege
930 2372 1106 2403 ornatus:
1136 2368 1199 2413 qui
1225 2367 1391 2412 reliquos
1417 2367 1547 2409 etiam,

90 2430 152 2474 qui
172 2428 412 2468 defecerant,
441 2427 488 2460 ad
507 2426 620 2460 fidem
640 2430 805 2460 revocat.
842 2437 873 2459 c.
889 2428 944 2463 52.

180 2486 238 2518 Ex
265 2485 354 2518 Asia
378 2483 515 2517 deinde
543 2484 582 2515 in
610 2484 800 2526 Europam
826 2484 1036 2517 revertitur
1059 2480 1261 2515 Diodorus.
1315 2477 1389 2512 Sed
1417 2479 1547 2523 paucis

89 2544 237 2575 tantum
258 2541 402 2581 verbis,
429 2550 525 2584 quae
545 2545 656 2584 gesta
675 2544 778 2582 sunt,
804 2545 923 2574 notat.
967 2539 1180 2583 Philippus,
1199 2546 1266 2570 rex
1285 2535 1545 2578 Macedoniae,

87 2600 237 2632 interea
264 2598 541 2641 expeditionem
562 2599 600 2630 in
617 2597 817 2630 Thraciam
837 2597 1124 2631 et'l‘hessaliam
1144 2596 1298 2629 fecerat.
1347 2592 1548 2636 Expugna-

89 2659 154 2690 tae
173 2654 408 2689 Chalcidicae
428 2655 601 2689 civitates
619 2660 657 2688 et
676 2653 823 2688 Pherae
840 2654 1077 2688 Thessaliae.
1116 2653 1187 2699 (Cf.
1212 2661 1242 2684 c.
1256 2652 1312 2686 37.
1327 2650 1399 2685 38.)
1439 2658 1471 2681 c·
1490 2649 1547 2684 52.

184 2719 203 2739 *
228 2712 393 2746 Moritur
424 2710 649 2755 Spartacus,
685 2721 755 2747 rex
780 2711 913 2755 Ponti;
952 2721 1112 2757 regnum
1139 2707 1296 2754 suscipit
1317 2703 1548 2752 Parysades,

94 2770 176 2804 eius
197 2769 329 2805 frater.
363 2779 393 2805 c.
411 2772 455 2806 52
480 2773 578 2804 extr.
1454 2777 1456 2779 ’
