1891 3310
305 191 369 231 ΙΝ
399 189 866 231 ΕΧΕΕΚΡΤΑΒΕ
900 188 1172 229 le'r.ET
1203 191 1323 233 viT.
1455 199 1545 238 467

92 303 286 354 δαψιλῶν
314 306 461 342 maluit.
520 302 581 343 Tu
613 304 808 354 distingue
834 302 926 340 hacc
960 316 983 341 a
1013 305 1296 354 superioribus,
1331 319 1400 345 nec
1423 317 1547 348 muta-

92 361 199 399 tione
220 374 314 411 opus
335 364 421 398 erit.
459 360 546 399 vid.
567 367 605 398 ct
623 361 664 398 L.
677 360 722 398 V.
750 361 819 400 13.
874 359 1011 397 Wnss.

209 418 312 459 566.
343 419 416 458 60.
446 412 504 456 ‘H
516 413 654 468 μῆτηρ
676 418 760 455 τῶν
780 414 1031 465 νεανίσκτυν]
1076 414 1238 454 Matrem
1255 418 1462 458 Atilicrum
1483 424 1545 459 in-

87 474 253 524 telligit,
291 474 447 512 viduam
476 475 586 510 Atilii
615 472 776 523 Reguli,
819 475 899 510 eius
932 475 997 522 qui
1027 485 1048 509 a
1068 470 1450 523 Carthaginiensilms
1478 492 1541 514 ca-

86 536 175 578 ptus
202 537 240 566 et
261 531 470 567 crudeliter
498 530 647 566 occisus
668 531 804 566 fuerat.
865 529 975 572 Quod
1002 541 1083 565 cum
1107 534 1344 577 accepissent
1364 530 1543 582 Romani,

86 587 349 623 nobilissimos
379 600 399 623 e
429 586 592 651 captivis
618 584 995 635 Carthaginiensium
1017 584 1128 622 Atilii
1158 587 1290 623 liberis
1317 593 1543 627 excrucian-

87 642 155 678 dos
181 649 219 678 ct
239 642 432 679 necandos
452 643 625 679 vicissim
659 642 925 688 tradiderunt,
972 648 1014 678 ut
1042 642 1176 678 scribit
1205 642 1379 680 Zonaras
1407 659 1442 694 p.
1466 649 1542 686 62.

85 700 140 746 (p.
150 700 258 738 297.
280 698 338 735 ed.
359 697 511 748 Venet.)
553 699 679 742 Quare
703 698 912 735 videndum
934 700 1061 734 sintne
1082 699 1110 734 ii
1121 698 1259 736 Bostar
1280 700 1542 766 etHamilcar,

84 754 131 791 de
152 754 289 804 quibus
310 753 505 792 Diodorus
526 753 587 791 hic
609 753 1004 802 loquitur.V2i11-ts.

198 812 302 850 566.
333 813 406 851 6]-
451 809 535 849 Ka?
556 811 763 861 νομίσασα
794 807 849 848 δι’
886 808 1077 859 &flahtom
1098 809 1202 862 etc.]
1249 810 1311 848 Ex
1344 810 1416 848 hoc
1449 816 1536 852 Ioco

80 867 346 914 concluditur,
375 866 427 905 M.
451 867 612 904 Atilium
642 867 776 903 morbo
802 873 990 902 mortuum
1013 879 1118 913 esse,
1142 880 1221 903 non
1243 881 1335 904 vero
1359 870 1428 905 sub
1452 884 1537 907 car-

79 923 236 959 nificum
258 925 457 960 tormentis
473 950 484 970 ,
514 929 558 960 ut
581 925 721 960 clamat
743 922 865 959 Silius
888 921 1068 968 Italicus,
1108 927 1255 971 poetice
1284 927 1538 964 calamitatem

78 978 177 1015 hanc
198 978 356 1026 deflens,
384 987 566 1027 sequutus
592 978 638 1017 T.
659 980 838 1025 Livium,
881 981 913 1015 si
937 991 1029 1015 vera
1050 986 1107 1014 est
1129 979 1302 1028 Epitome
1335 981 1536 1023 vaffl.

77 1035 131 1071 At
150 1036 334 1072 maiorem
352 1035 464 1072 fidem
483 1043 652 1072 meretur
671 1034 866 1072 Diodorus
890 1037 930 1071 in
953 1033 1024 1071 hoc
1045 1039 1202 1085 negotio
1216 1063 1227 1082 ,
1258 1040 1396 1085 quippe
1419 1040 1535 1076 {Sicu-

79 1092 154 1138 lus,
177 1090 497 1142 quiCarthaginis
520 1094 671 1129 vicinae
692 1094 848 1142 negotia
869 1093 994 1138 potuit
1015 1093 1152 1128 melius
1172 1105 1414 1141 cognoscere.
1456 1096 1536 1133 Sed

81 1147 127 1183 de
147 1161 191 1184 eo
210 1148 311 1185 infra
330 1151 492 1198 amplius
516 1148 686 1185 dicemus
705 1151 745 1185 in
768 1150 871 1184 notis
894 1147 941 1183 ad
962 1149 1189 1197 Appianum.
1231 1150 1359 1185 PALM.
1443 1151 1535 1189 Non

78 1203 264 1241 videntur
293 1218 385 1242 vero
416 1205 547 1242 affinia
575 1205 837 1242 eruditissimo
867 1204 1080 1251 Palmerio,
1123 1216 1219 1253 quae
1247 1204 1411 1244 Romani
1438 1210 1535 1244 scri-

79 1266 209 1308 ptores
241 1260 287 1297 de
318 1262 510 1310 palpebris
537 1260 659 1298 Atilio
690 1262 853 1297 resectis
881 1271 1049 1307 neceque
1069 1260 1146 1297 viri
1164 1262 1431 1301 crudelissima
1453 1277 1533 1301 me-

75 1319 220 1353 moriae
244 1317 510 1366 prodiderunt.
571 1316 733 1355 caussas
752 1319 837 1355 fuse
859 1316 964 1352 dedit
984 1317 1197 1354 Exercitat.
1222 1331 1258 1366 p.
1285 1320 1386 1358 152.
1444 1319 1533 1357 Huc

74 1380 200 1409 autem
231 1373 421 1410 evadunt:
461 1373 689 1423 Polybium,
726 1375 792 1422 qui
814 1374 905 1410 belli
925 1373 1065 1409 Punici
1094 1375 1130 1412 l.
1159 1373 1358 1412 historiam
1379 1379 1532 1426 copiose

74 1429 275 1476 narravit,
300 1429 414 1467 Atilii
434 1433 695 1478 captivitatem
709 1430 914 1480 diligenter
934 1431 1123 1480 attigisse,
1143 1429 1189 1466 de
1210 1435 1331 1468 atroci
1353 1445 1445 1469 vero
1460 1432 1532 1469 hoc

76 1487 262 1534 supplicio
292 1498 340 1522 ne
372 1487 531 1523 verbum
559 1487 710 1535 quidem
738 1486 899 1533 fecisse,
940 1498 1010 1521 nec
1034 1486 1240 1534 quidquam
1263 1490 1379 1524 etiam
1404 1489 1448 1524 de
1471 1493 1529 1526 itu

73 1540 324 1578 eiusRomam
346 1555 481 1580 versus
500 1542 720 1591 redituque:
752 1543 949 1590 probabile
969 1555 1066 1587 esse,
1091 1545 1265 1579 consulto
1287 1542 1379 1580 haec
1401 1548 1529 1582 onmia

72 1599 273 1634 reticuisse
296 1598 518 1649 Polybium,
545 1612 593 1635 ne
616 1606 820 1650 cogeretur
840 1598 952 1634 fidem
972 1597 1195 1636 historicam
1216 1600 1349 1636 fallere
1368 1613 1531 1638 narran-

72 1654 121 1691 do
148 1655 341 1702 fabulam,
373 1668 468 1705 quae
488 1654 633 1692 Romae
654 1655 910 1703 probabatur,
938 1656 1002 1692 vel
1025 1653 1282 1692 Romanorum
1315 1657 1443 1693 odium
1470 1660 1530 1694 in-

73 1717 270 1758 curreret,
302 1714 334 1748 si
355 1714 590 1748 contrarium
613 1718 765 1760 recepto
784 1711 885 1760 apud
905 1723 970 1746 eos
988 1712 1135 1747 rumori
1155 1712 1335 1748 traderet.
1375 1714 1434 1750 Ad
1458 1714 1530 1750 lioc

72 1765 287 1803 Diodorum
305 1768 444 1804 diserte
456 1767 669 1817 perhibere,
690 1768 801 1804 Atilii
822 1767 976 1804 viduam
996 1780 1039 1803 ea
1060 1767 1180 1803 fuisse
1199 1769 1398 1817 opinione,
1426 1769 1525 1806 Poe-

73 1835 212 1859 norum
234 1826 472 1874 negligentia
492 1826 672 1861 maritum
693 1836 804 1860 suum
825 1824 1006 1872 periisse,
1038 1822 1084 1859 de
1107 1825 1255 1860 inmani
1286 1825 1360 1861 isto
1382 1828 1527 1875 suppli-

75 1880 136 1915 cio
170 1892 242 1915 nec
273 1893 354 1916 eam
378 1893 449 1916 nec
472 1880 574 1916 filios
598 1880 802 1928 quidquam
823 1879 1063 1928 produxisse.
1121 1879 1250 1929 ltaque
1273 1893 1320 1916 ex
1342 1880 1414 1917 hoc
1432 1882 1530 1919 Dio-

73 1934 159 1971 dori
181 1937 266 1972 loco
286 1943 323 1972 et
339 1935 495 1986 Polybii
515 1938 670 1973 silentio
693 1936 831 1972 confici
852 1948 983 1984 posse,
1023 1941 1143 1972 totam
1164 1936 1209 1972 de
1232 1937 1281 1973 M.
1305 1937 1415 1974 Atilii
1438 1951 1529 1986 sup-

75 1991 193 2040 plicio
224 1992 461 2043 tragoediam
491 1992 539 2028 ad
570 1994 716 2042 pulpita
737 1991 935 2028 amandari
957 1991 1093 2028 debere
1115 1999 1154 2028 et
1175 2005 1198 2029 a
1219 1995 1383 2029 veritate
1405 1994 1529 2031 histo-

71 2049 153 2084 rica
186 2049 299 2098 longe
330 2049 519 2087 aberrare.
589 2050 693 2092 Quae
721 2048 872 2096 quidem
902 2047 1111 2096 prudenter
1140 2061 1162 2085 a
1193 2050 1278 2086 viro
1308 2052 1527 2098 praeclarae

73 2103 302 2141 cruditionis
319 2118 401 2141 esse
423 2105 638 2152 disputata,
677 2118 788 2141 nemo
812 2103 1048 2141 diffitebitur.
1106 2103 1214 2141 Haec
1238 2113 1339 2143 certe
1362 2105 1530 2146 Diodori

71 2162 354 2198 atrocissimam
383 2163 495 2201 istam
522 2160 633 2198 Atilii
662 2174 794 2198 necem
821 2159 1060 2210 redarguunt
1089 2168 1232 2209 aperte.
1291 2162 1332 2199 ld
1367 2164 1528 2210 probare

70 2228 149 2252 non
172 2229 345 2264 possum,
375 2217 476 2266 quod
496 2217 690 2264 Poenum,
728 2219 791 2254 cui
821 2216 882 2253 hic
901 2212 1130 2269 Βοδόστωρ
1152 2230 1314 2266 nomen,
1351 2219 1526 2257 Valesius

73 2278 111 2308 et
133 2271 347 2310 Palmerius
369 2274 541 2311 eumdem
565 2287 648 2310 esse
678 2280 861 2310 censeant
889 2285 932 2308 ac
956 2271 1173 2310 Bostarem:
1215 2273 1380 2312 Diodori
1399 2275 1526 2313 Bodo-

71 2335 153 2364 stor
175 2327 318 2366 Romae
338 2325 524 2379 insignita
545 2330 682 2367 viduae
705 2330 816 2366 Atilii
837 2329 1062 2366 crudelitate
1084 2330 1261 2377 decessit,
1281 2330 1418 2368 Bostar
1432 2332 1525 2368 Car-

70 2383 325 2433 thaginiensis
346 2386 455 2422 finito
479 2388 577 2423 bello
599 2386 744 2423 Punico
770 2389 806 2426 l.
830 2387 870 2422 in
895 2384 1077 2423 Sardinia
1100 2387 1327 2424 inteifectus
1347 2395 1406 2425 est
1423 2390 1525 2436 apud

70 2439 275 2489 Polybium
298 2441 339 2478 L.
354 2441 380 2478 l.
408 2444 481 2481 79.
540 2442 653 2479 Haud
675 2455 823 2491 quoque
846 2443 924 2478 scio
957 2455 1005 2478 an
1037 2443 1133 2478 male
1165 2450 1333 2479 mutetur
1361 2443 1521 2495 ἐπ(,ι’,.,

69 2494 168 2542 τοῖς
198 2495 310 2543 νὶους
343 2500 382 2534 ἰη
413 2496 541 2537 ἔπεισε
572 2512 593 2535 a
622 2499 838 2535 duunniris
862 2500 961 2535 istis.
1016 2498 1175 2535 Memini
1198 2501 1239 2535 in
1261 2476 1522 2548 superiorilisu

73 2554 235 2590 similem
258 2553 419 2591 Diodori
440 2556 565 2591 locum
586 2561 750 2591 tractare
774 2562 811 2591 et
832 2561 967 2592 contra
988 2556 1065 2590 vim
1097 2557 1215 2591 tueri:
1254 2569 1362 2591 suum
1398 2565 1522 2593 tamen

72 2611 209 2656 cuique
237 2611 437 2647 arbitrium
464 2613 653 2660 relinquo.
702 2610 837 2648 Wnss.
904 2606 1133 2664 Βοὸόστωρ
1166 2610 1228 2648 hic
1269 2609 1522 2665 Οὐοδόστωρ

73 2667 239 2714 scriptus
259 2667 360 2703 redit
383 2667 477 2703 Exc.
497 2667 582 2705 Vat.
603 2681 638 2716 p.
656 2668 730 2706 60.
755 2668 796 2706 2.
816 2666 873 2702 ed.
896 2665 1001 2713 Lips.

190 2724 292 2762 566.
326 2725 399 2763 99.
444 2721 506 2761 (ὶῦ
530 2720 781 2774 τηλικούτωι
807 2718 1089 2772 ἕπειοάθησαν
1121 2718 1399 2774 ἀτυχημάτων
1429 2723 1522 2777 etc.]

71 2774 213 2814 Confer
230 2778 364 2830 Eclog.
383 2782 419 2820 l.
447 2779 667 2817 Lib.XXV.
689 2793 723 2828 p.
738 2780 841 2818 509.
898 2777 1036 2815 WVESS.

187 2834 289 2876 567.
316 2839 357 2877 8.
406 2834 494 2887 Ίῆν
524 2838 605 2876 ῑῶν
636 2838 790 2888 ιεκοῶν
810 2832 1019 2888 ἀναίρεσιν
1038 2829 1300 2887 αι’τοὺμενοι]
1339 2836 1524 2888 Gisgonis

1136 2891 1228 2929 30't
