1859 3326
342 190 436 231 478
810 183 1340 225 ANNOTATIONES

340 299 545 356 γίγνονται
565 298 660 352 πρὶν
681 294 901 352 σάλπιγγος
923 295 1120 346 ἀκοῦσαι,
1160 294 1264 351 φαιή
1296 311 1358 345 τις
1379 293 1442 338 άν.
1482 311 1532 336 ex
1561 300 1638 338 alio
1670 305 1797 339 tamen

341 361 421 397 ritu
448 364 625 394 sumtum.
685 357 733 393 Vl
739 366 823 393 Ess.

459 415 562 453 579
597 416 637 453 8.
673 411 872 451 Νίκωνα
873 408 947 450 τὸν
977 405 1260 478 θησαυροφύλ
1265 408 1377 462 ana]
1433 409 1583 449 Niciam
1611 426 1698 451 eum
1727 427 1798 451 vo-

341 476 404 507 cat
424 471 619 518 Appianns
640 469 740 518 apud
761 467 949 505 Suidam
941 481 981 505 in
1001 462 1211 519 Περσεὺς,
1236 473 1274 503 et
1301 465 1436 504 Livius
1464 468 1532 505 lib.
1554 468 1696 506 XLlV.
1727 472 1796 511 10.

341 526 444 564 Male
475 525 722 563 Casaubonus
753 538 839 561 eum
869 526 1014 570 locum,
1052 525 1117 572 qui
1148 530 1206 560 est
1225 518 1326 572 apud
1348 522 1510 561 Suidam
1533 527 1574 562 in
1592 524 1795 576 Περσεὺς,

341 583 546 630 adscripsit
564 581 741 631 Polybio,
769 594 855 618 cum
877 582 927 617 sit
946 580 1125 630 Appiani,
1156 586 1200 616 ut
1221 579 1317 628 dixi,
1343 587 1525 630 extatque
1545 595 1582 632 p.
1598 583 1702 623 561.
1725 581 1797 620 hu-

341 642 402 677 ius
423 639 605 676 editionis
628 637 830 686 (Excerpt.
850 634 1010 687 Vales.).
1069 636 1218 673 VALES.

456 696 560 735 579.
594 695 636 733 9.
671 690 745 731 Ἐν
766 696 824 749 τῷ
850 689 1007 747 fficium]
1051 692 1194 746 Pellam
1216 692 1314 729 dicit
1333 692 1468 731 Livius
1489 694 1574 731 loco
1597 706 1712 743 supra
1734 695 1795 732 in-

340 751 479 788 dicato.
538 749 641 786 Sane
669 749 799 787 Pellae
830 751 979 800 regiam
1009 763 1144 800 gazam
1173 749 1293 786 fuisse
1315 749 1426 786 docet
1453 750 1556 787 idem
1586 750 1720 788 Livius
1751 754 1794 789 in

338 808 415 845 fine
446 808 511 844 lib.
532 804 674 844 XLIV.
717 806 835 844 Phaei
858 806 987 855 oppidi
1011 808 1050 843 in
1073 805 1299 844 Macedonia
1319 807 1497 843 meminit
1515 800 1702 856 Polybius
1723 808 1795 845 Le-

338 870 418 915 gat.
444 863 547 904 115.
594 862 741 900 VALES.
803 863 899 900 Vide
930 869 968 900 et
997 861 1053 899 Cl.
1077 860 1372 901 Drakenborch.
1397 865 1438 900 in
1461 862 1564 901 Livii
1585 863 1793 912 L.XL1V.‚

342 923 413 961 10.
470 919 562 956 Fuit
595 932 685 956 sane
718 933 815 970 gaza
847 920 957 971 regia
977 920 1105 957 Pellae
1127 925 1302 966 servata,
1344 919 1410 955 sed
1435 919 1531 956 nihil
1553 920 1722 969 inpedit,
1760 923 1795 958 si

337 984 376 1014 et
399 978 479 1014 eius
499 982 645 1025 partem
664 975 783 1015 Phaci
803 977 922 1013 fuisse
949 982 1143 1024 putemus:
1186 987 1309 1024 neque
1338 976 1438 1012 enim
1466 989 1542 1012 uno
1577 989 1724 1025 semper
1750 979 1792 1014 in

336 1034 422 1070 loco
441 1032 724 1070 asservabatur.
782 1032 991 1083 Iugurthae
1010 1034 1182 1082 plerique
1204 1030 1374 1068 thesauri
1397 1038 1508 1068 erant
1529 1031 1688 1079 Thalam,
1719 1046 1790 1070 nec

335 1103 468 1127 omnes
489 1097 638 1134 tamen,
664 1096 707 1126 ut
727 1101 775 1126 ex
798 1088 984 1126 Sallustio
1006 1087 1180 1140 lugurtli.
1202 1100 1234 1125 c.
1248 1088 1321 1127 75.
1341 1094 1379 1123 et
1400 1086 1590 1124 Strabone
1613 1088 1790 1125 LXVII.

335 1159 370 1196 p.
398 1149 532 1186 1188.
565 1151 710 1182 notum.
777 1145 819 1182 Id
847 1159 939 1183 vero
970 1147 1090 1193 male,
1130 1144 1233 1194 quod
1264 1143 1417 1181 Pellam
1447 1157 1603 1193 prorsus
1634 1146 1791 1182 silentio

334 1201 532 1239 Diodorus
552 1203 807 1250 praeterierit.
866 1202 916 1239 At
943 1204 1045 1239 enim
1065 1201 1224 1239 Phacus
1246 1200 1395 1237 idemne
1431 1202 1482 1237 sit
1520 1214 1565 1237 ae
1598 1200 1790 1239 Phacium

336 1258 585 1304 ἸΙιεεεαΙίῑιε,
625 1258 727 1308 quod
755 1260 797 1296 in
823 1257 866 1296 L.
889 1257 1070 1298 Holsten.
1095 1259 1317 1308 opinionem
1335 1258 1467 1304 venit,
1503 1256 1600 1294 mihi
1620 1258 1791 1297 nondum

334 1316 468 1365 liquet.
528 1314 663 1352 Wssss.

450 1371 657 1411 579.14.
700 1368 897 1421 Νομίζων
927 1368 1064 1423 (Ῑῖλιον
1092 1373 1180 1415 τοῖς
1210 1365 1323 1416 (θοις
1354 1372 1519 1420 κρατεῖν
1541 1363 1786 1421 Ρωμαιόις]

331 1427 601 1477 Adscripserat
615 1427 827 1464 Salmasius
844 1422 1090 1477 Pcogaazflwmg
1120 1425 1221 1475 quod
1242 1428 1307 1475 qui
1332 1427 1448 1472 volet,
1474 1428 1649 1475 recipiat.
1691 1426 1790 1465 Mihi

331 1486 463 1521 neseio
485 1484 576 1533 quid
596 1485 721 1521 scabri
741 1482 803 1520 hic
826 1485 933 1520 locus
954 1482 1092 1519 habere
1113 1483 1287 1530 videtur,
1326 1493 1536 1530 vereorque
1559 1489 1604 1519 ut
1624 1484 1673 1519 sit
1694 1484 1787 1520 satis

332 1542 493 1591 integer.
537 1540 672 1577 Livius
702 1540 743 1578 L.
762 1539 902 1577 XLIV.
941 1541 1011 1580 10.
1047 1510 1312 1576 Andronicum
1341 1540 1496 1576 navalia
1525 1545 1672 1586 tempus
1705 1546 1788 1577 tra-

330 1596 458 1633 hendo
490 1610 664 1633 servasse
692 1599 760 1643 ait,
793 1596 832 1633 id
856 1595 957 1645 quod
973 1595 1125 1642 accidit,
1150 1596 1408 1643 poenitentiae
1426 1597 1560 1645 regiae
1574 1595 1699 1633 locum
1720 1609 1788 1633 re-

329 1655 589 1702 linquentem:
619 1654 664 1690 de
684 1653 812 1690 studio
832 1652 1018 1690 Romanis
1037 1652 1282 1703 gratificandi
1303 1651 1412 1688 nihil.
1474 1652 1614 1690 wass,

446 1710 549 1748 579-
583 1712 653 1750 16.
699 1707 810 1756 Τοὺς
834 1711 1019 1760 χρυσοῦς
1049 1705 1328 1760 ἀνδριάντας]
1376 1707 1511 1745 Livius
1542 1707 1634 1745 haec
1669 1707 1783 1744 initio

328 1767 394 1802 lib.
418 1765 556 1803 XLIV.
589 1767 644 1802 sic
675 1767 815 1804 refert:
863 1766 956 1817 Ipse
987 1764 1035 1802 ab
1060 1764 1138 1802 Dio
1163 1767 1325 1802 ‹cm-atis
1352 1767 1501 1802 statuis
1518 1764 1690 1801 omnibus
1714 1777 1785 1801 ra-

317 1824 444 1874 ptim,
471 1836 518 1859 ne
532 1823 694 1873 praeda
715 1822 822 1860 hosti
839 1828 991 1869 essent,
1022 1823 1062 1860 in
1083 1823 1248 1860 classem
1268 1822 1484 1872 congestis,
1522 1833 1641 1871 ocyus
1662 1822 1784 1858 ‹lemi-

326 1893 453 1929 grare
478 1879 655 1928 Pydnam
676 1881 803 1917 iussit.
863 1878 1012 1917 VALES.

443 1936 548 1975 579.
588 1937 663 1976 23.
714 1930 1038 1986 Καταλαβόντες
1072 1930 1149 1985 τὴν
1186 1935 1270 1973 τῶν
1296 1929 1654 1972 Ἀπολλωνιατῶν
1682 1929 1779 1985 etc.J

325 1991 468 2042 Attigit
489 1991 586 2029 hanc
600 1991 901 2042 Cydoniatarum
923 1991 1120 2040 perfidiam
1143 1997 1181 2026 et
1202 1989 1468 2027 crudelitatem
1482 1989 1666 2041 Polybius
1687 1989 1782 2026 Exc.

327 2060 365 2096 p.
389 2049 521 2088 1445.
537 2078 548 2097 ,
580 2048 782 2085 Cretenses
804 2062 884 2095 eos,
914 2055 956 2084 ut
976 2054 1096 2096 erant,
1119 2046 1329 2096 adpellans.
1366 2046 1501 2084 WESS.

443 2105 546 2144 579.
576 2107 649 2144 27.
680 2100 729 2144 ‘O
742 2102 950 2154 ΞΑντιόχος
970 2099 1219 2153 δυνάμενος]
1261 2102 1368 2139 Haec
1390 2103 1438 2140 ad
1458 2105 1618 2150 primam
1645 2101 1780 2138 Antio-

327 2159 389 2196 chi
419 2160 633 2209 Epiphanis
662 2161 704 2197 in
738 2161 954 2211 Aegyptum
982 2162 1235 2207 irruptionem
1266 2165 1461 2208 spectant,
1502 2171 1596 2208 quae
1629 2158 1699 2194 hac
1732 2159 1778 2193 de

325 2230 439 2252 causa
471 2219 647 2268 contigit.
718 2218 959 2255 Ptolemaeus
978 2215 1215 2252 Philometor
1232 2227 1302 2251 rex
1325 2215 1513 2265 Aegypti,
1542 2227 1627 2251 cum
1644 2213 1778 2250 Coele-

325 2275 467 2321 syriam
495 2274 702 2310 maioribus
721 2276 800 2310 suis
822 2286 970 2322 semper
988 2274 1158 2321 paruisse
1179 2273 1433 2321 intelligeret,
1470 2284 1553 2308 eam
1573 2271 1619 2307 ab
1642 2271 1779 2307 Antio-

325 2328 396 2365 cho
418 2328 617 2378 Epiphane
637 2342 703 2378 per
723 2331 870 2380 legatos
887 2331 1043 2377 repetiit
1063 2340 1177 2364 suasu
1197 2327 1331 2364 Eulaei
1353 2329 1536 2374 nutricii,
1573 2341 1616 2363 ac
1635 2326 1776 2364 Lenaei

327 2385 433 2421 ducis
463 2387 528 2434 qui
560 2393 661 2433 tum,
698 2399 788 2437 rege
823 2385 1026 2422 admodum
1060 2398 1198 2434 puero,
1244 2390 1330 2433 post
1363 2391 1522 2420 mortem
1550 2383 1774 2433 Cleopatrae

325 2448 462 2478 cuncta
487 2441 817 2479 administrabant.
878 2444 983 2486 Quae
1016 2455 1100 2477 cum
1134 2442 1180 2477 ab
1200 2439 1390 2477 Antiocho
1413 2442 1569 2477 minime
1591 2440 1774 2476 reddere-

324 2505 407 2544 tur,
448 2500 641 2549 ingentem
669 2500 760 2537 belli
791 2506 1011 2549 apparatum
1041 2497 1282 2533 Ptolemaeus
1315 2497 1442 2533 faeere
1468 2498 1659 2543 instituit,
1697 2507 1772 2543 quo

325 2567 405 2590 eam
423 2562 687 2603 recuperaret,
715 2562 758 2591 ut
775 2562 908 2592 narrat
926 2554 1118 2591 Diodorus
1140 2554 1270 2603 Legat.
1286 2555 1355 2593 18.
1376 2560 1413 2589 et
1432 2552 1530 2601 apud
1551 2551 1705 2588 Suidam
1729 2553 1769 2589 in

319 2607 642 2679 ²:J'4Juqunflefv-
690 2607 739 2650 ‘O
769 2610 814 2650 de*
834 2612 1099 2660 Πτολεμαῖος
1121 2608 1238 2655 εἷὸιυς
1258 2624 1355 2655 τους
1373 2605 1523 2647 ἑαυτοῦ
1543 2604 1696 2660 ποογόι
1701 2622 1772 2654 οις

323 2663 549 2718 ἐσχηκότας
578 2664 653 2719 τὴν
689 2667 839 2734 Ιὶοιὶην
864 2668 1020 2719 ...epum
1034 2697 1043 2714 ,
1085 2663 1350 2716 παρασκευὰς
1380 2663 1486 2703 ἔπεσι
1490 2669 1550 2703 ΐτο
1588 2660 1716 2715 μεγαλ
1721 2678 1770 2709 ας

322 2720 608 2789 ιιιιιμσβητῶν
630 2719 803 2776 ταύτης·
843 2720 981 2775 ἤλπιζε
1008 2720 1084 2774 γὰρ
1111 2720 1187 2788 τὴν
1218 2719 1345 2788 ἀὸίκῳ
1375 2719 1540 2774 πολέμι)
1568 2717 1768 2772 ποότερον

321 2776 534 2831 ἀιιιμένην
562 2795 654 2819 τοτε
674 2780 840 2826 δικαίως
863 2784 949 2826 τοῖς
970 2778 1112 2825 αὐτοῖς
1133 2792 1273 2829 νομοις
1293 2772 1626 2828 ἀνακτησασθαι.
1683 2776 1767 2812 An-

321 2835 495 2884 tiochus,
531 2850 616 2874 cum
640 2837 897 2875 Ptolemaeum
927 2836 1077 2876 videret
1104 2849 1185 2872 sese
1204 2834 1251 2872 ad
1274 2834 1414 2871 bellum
1432 2835 1654 2884 accingere,
1684 2833 1766 2870 Me—
